<?xml version="1.0" encoding="UTF-8"?>
<!DOCTYPE html PUBLIC "-//W3C//DTD XHTML 1.0 Transitional//EN"
    "http://www.w3.org/TR/xhtml1/DTD/xhtml1-transitional.dtd">
<html xmlns="http://www.w3.org/1999/xhtml" xml:lang="en" lang="en">
 <head>
  <title>
</title>
<meta http-equiv="Content-Type" content="text/html;charset=utf-8" />
  <meta name='ocr-system' content='tesseract 3.04.00' />
  <meta name='ocr-capabilities' content='ocr_page ocr_carea ocr_par ocr_line ocrx_word'/>
</head>
<body>
  <div class='ocr_page' id='page_1' title='image "./vitajesuchristi00rigogoog_0372.png"; bbox 0 0 2626 4328; ppageno 0'>
   <div class='ocr_carea' id='block_1_1' title="bbox 228 229 1003 314">
    <p class='ocr_par' dir='ltr' id='par_1_1' title="bbox 228 229 1003 314">
     <span class='ocr_line' id='line_1_1' title="bbox 228 229 1003 314; baseline 0 -20"><span class='ocrx_word' id='word_1_1' title='bbox 228 245 275 295; x_wconf 80' lang='lat' dir='ltr'>ue</span> <span class='ocrx_word' id='word_1_2' title='bbox 291 229 396 298; x_wconf 75' lang='lat' dir='ltr'>ecana</span> <span class='ocrx_word' id='word_1_3' title='bbox 410 244 601 314; x_wconf 71' lang='lat' dir='ltr'>runcantur</span> <span class='ocrx_word' id='word_1_4' title='bbox 619 245 665 298; x_wconf 83' lang='lat' dir='ltr'>ur</span> <span class='ocrx_word' id='word_1_5' title='bbox 681 242 816 296; x_wconf 72' lang='lat' dir='ltr'>atoma</span> <span class='ocrx_word' id='word_1_6' title='bbox 830 244 1003 296; x_wconf 74' lang='lat' dir='ltr'>cOELFsTl.</span> 
     </span>
    </p>
   </div>
   <div class='ocr_carea' id='block_1_2' title="bbox 60 361 597 2829">
    <p class='ocr_par' dir='ltr' id='par_1_2' title="bbox 60 361 597 2829">
     <span class='ocr_line' id='line_1_2' title="bbox 65 361 594 429; baseline -0.004 -16"><span class='ocrx_word' id='word_1_7' title='bbox 65 363 249 429; x_wconf 79' lang='lat' dir='ltr'>principaliter</span> <span class='ocrx_word' id='word_1_8' title='bbox 273 362 307 412; x_wconf 91' lang='lat' dir='ltr'>sit</span> <span class='ocrx_word' id='word_1_9' title='bbox 342 361 371 412; x_wconf 91' lang='lat' dir='ltr'>in</span> <span class='ocrx_word' id='word_1_10' title='bbox 401 371 512 421; x_wconf 85' lang='lat' dir='ltr'>mente,</span> <span class='ocrx_word' id='word_1_11' title='bbox 548 361 594 411; x_wconf 90' lang='lat' dir='ltr'>sed</span> 
     </span>
     <span class='ocr_line' id='line_1_3' title="bbox 63 431 595 500; baseline -0.008 -16"><span class='ocrx_word' id='word_1_12' title='bbox 63 450 110 500; x_wconf 87' lang='lat' dir='ltr'>per</span> <span class='ocrx_word' id='word_1_13' title='bbox 117 434 262 499; x_wconf 88' lang='lat' dir='ltr'>quamdam</span> <span class='ocrx_word' id='word_1_14' title='bbox 274 433 481 484; x_wconf 84' lang='lat' dir='ltr'>redundantiam</span> <span class='ocrx_word' id='word_1_15' title='bbox 491 431 595 497; x_wconf 73' lang='lat' dir='ltr'>fulgeat</span> 
     </span>
     <span class='ocr_line' id='line_1_4' title="bbox 63 501 595 556; baseline -0.009 -1"><span class='ocrx_word' id='word_1_16' title='bbox 63 504 144 556; x_wconf 90' lang='lat' dir='ltr'>etiam</span> <span class='ocrx_word' id='word_1_17' title='bbox 169 504 198 554; x_wconf 92' lang='lat' dir='ltr'>in</span> <span class='ocrx_word' id='word_1_18' title='bbox 223 504 440 555; x_wconf 84' lang='lat' dir='ltr'>carne.Aureola</span> <span class='ocrx_word' id='word_1_19' title='bbox 454 502 535 553; x_wconf 89' lang='lat' dir='ltr'>etiam</span> <span class='ocrx_word' id='word_1_20' title='bbox 549 501 595 551; x_wconf 92' lang='lat' dir='ltr'>di-</span> 
     </span>
     <span class='ocr_line' id='line_1_5' title="bbox 64 573 595 639; baseline 0 -16"><span class='ocrx_word' id='word_1_21' title='bbox 64 575 196 624; x_wconf 88' lang='lat' dir='ltr'>minutive</span> <span class='ocrx_word' id='word_1_22' title='bbox 216 574 324 634; x_wconf 86' lang='lat' dir='ltr'>dicitur,</span> <span class='ocrx_word' id='word_1_23' title='bbox 348 573 376 623; x_wconf 94' lang='lat' dir='ltr'>in</span> <span class='ocrx_word' id='word_1_24' title='bbox 397 573 595 639; x_wconf 90' lang='lat' dir='ltr'>comparatione</span> 
     </span>
     <span class='ocr_line' id='line_1_6' title="bbox 63 642 595 709; baseline 0 -16"><span class='ocrx_word' id='word_1_25' title='bbox 63 644 96 693; x_wconf 88' lang='lat' dir='ltr'>ad</span> <span class='ocrx_word' id='word_1_26' title='bbox 108 659 235 707; x_wconf 88' lang='lat' dir='ltr'>auream;</span> <span class='ocrx_word' id='word_1_27' title='bbox 249 654 274 694; x_wconf 90' lang='lat' dir='ltr'>et</span> <span class='ocrx_word' id='word_1_28' title='bbox 289 645 349 693; x_wconf 91' lang='lat' dir='ltr'>ideo</span> <span class='ocrx_word' id='word_1_29' title='bbox 363 654 425 693; x_wconf 92' lang='lat' dir='ltr'>nota</span> <span class='ocrx_word' id='word_1_30' title='bbox 437 643 509 709; x_wconf 91' lang='lat' dir='ltr'>quod</span> <span class='ocrx_word' id='word_1_31' title='bbox 524 642 595 693; x_wconf 89' lang='lat' dir='ltr'>inter</span> 
     </span>
     <span class='ocr_line' id='line_1_7' title="bbox 63 714 593 780; baseline -0.008 -14"><span class='ocrx_word' id='word_1_32' title='bbox 63 730 181 774; x_wconf 85' lang='lat' dir='ltr'>auream,</span> <span class='ocrx_word' id='word_1_33' title='bbox 201 725 226 765; x_wconf 87' lang='lat' dir='ltr'>et</span> <span class='ocrx_word' id='word_1_34' title='bbox 250 716 396 775; x_wconf 84' lang='lat' dir='ltr'>aureolam,</span> <span class='ocrx_word' id='word_1_35' title='bbox 415 722 441 764; x_wconf 93' lang='lat' dir='ltr'>et</span> <span class='ocrx_word' id='word_1_36' title='bbox 464 714 593 780; x_wconf 87' lang='lat' dir='ltr'>palmam,</span> 
     </span>
     <span class='ocr_line' id='line_1_8' title="bbox 62 785 595 850; baseline 0 -16"><span class='ocrx_word' id='word_1_37' title='bbox 62 795 102 834; x_wconf 90' lang='lat' dir='ltr'>est</span> <span class='ocrx_word' id='word_1_38' title='bbox 118 785 275 835; x_wconf 88' lang='lat' dir='ltr'>differentia.</span> <span class='ocrx_word' id='word_1_39' title='bbox 294 787 381 836; x_wconf 80' lang='lat' dir='ltr'>Aurea</span> <span class='ocrx_word' id='word_1_40' title='bbox 393 785 466 834; x_wconf 92' lang='lat' dir='ltr'>enim</span> <span class='ocrx_word' id='word_1_41' title='bbox 481 794 521 834; x_wconf 91' lang='lat' dir='ltr'>est</span> <span class='ocrx_word' id='word_1_42' title='bbox 531 799 595 850; x_wconf 88' lang='lat' dir='ltr'>prae·</span> 
     </span>
     <span class='ocr_line' id='line_1_9' title="bbox 62 856 594 925; baseline 0.002 -21"><span class='ocrx_word' id='word_1_43' title='bbox 62 856 149 905; x_wconf 90' lang='lat' dir='ltr'>mium</span> <span class='ocrx_word' id='word_1_44' title='bbox 164 857 350 919; x_wconf 85' lang='lat' dir='ltr'>substantiale,</span> <span class='ocrx_word' id='word_1_45' title='bbox 364 857 437 923; x_wconf 93' lang='lat' dir='ltr'>quod</span> <span class='ocrx_word' id='word_1_46' title='bbox 450 856 594 925; x_wconf 82' lang='lat' dir='ltr'>metapho-</span> 
     </span>
     <span class='ocr_line' id='line_1_10' title="bbox 60 925 594 991; baseline 0 -17"><span class='ocrx_word' id='word_1_47' title='bbox 60 925 115 975; x_wconf 82' lang='lat' dir='ltr'><strong>rice</strong></span> <span class='ocrx_word' id='word_1_48' title='bbox 129 926 226 976; x_wconf 91' lang='lat' dir='ltr'>dicitur</span> <span class='ocrx_word' id='word_1_49' title='bbox 244 943 343 977; x_wconf 89' lang='lat' dir='ltr'>corona</span> <span class='ocrx_word' id='word_1_50' title='bbox 360 944 367 977; x_wconf 75' lang='grc' dir='ltr'>ι</span> <span class='ocrx_word' id='word_1_51' title='bbox 384 938 442 976; x_wconf 86' lang='lat' dir='ltr'>tum</span> <span class='ocrx_word' id='word_1_52' title='bbox 464 941 497 976; x_wconf 86' lang='lat' dir='ltr'>ex</span> <span class='ocrx_word' id='word_1_53' title='bbox 519 935 594 991; x_wconf 87' lang='lat' dir='ltr'>parte</span> 
     </span>
     <span class='ocr_line' id='line_1_11' title="bbox 61 997 594 1067; baseline 0.002 -20"><span class='ocrx_word' id='word_1_54' title='bbox 61 997 159 1058; x_wconf 87' lang='lat' dir='ltr'>meriti,</span> <span class='ocrx_word' id='word_1_55' title='bbox 184 999 247 1066; x_wconf 91' lang='lat' dir='ltr'>quia</span> <span class='ocrx_word' id='word_1_56' title='bbox 268 1017 323 1050; x_wconf 90' lang='lat' dir='ltr'>non</span> <span class='ocrx_word' id='word_1_57' title='bbox 345 1000 489 1067; x_wconf 86' lang='lat' dir='ltr'><strong>respondet</strong></span> <span class='ocrx_word' id='word_1_58' title='bbox 505 999 594 1066; x_wconf 75' lang='lat' dir='ltr'>¹gratia</span> 
     </span>
     <span class='ocr_line' id='line_1_12' title="bbox 60 1070 595 1135; baseline 0.004 -17"><span class='ocrx_word' id='word_1_59' title='bbox 60 1070 144 1135; x_wconf 87' lang='lat' dir='ltr'>operi,</span> <span class='ocrx_word' id='word_1_60' title='bbox 160 1072 206 1120; x_wconf 90' lang='lat' dir='ltr'>sed</span> <span class='ocrx_word' id='word_1_61' title='bbox 221 1072 302 1122; x_wconf 87' lang='lat' dir='ltr'>radici</span> <span class='ocrx_word' id='word_1_62' title='bbox 323 1072 459 1135; x_wconf 83' lang='lat' dir='ltr'>caritatis3</span> <span class='ocrx_word' id='word_1_63' title='bbox 479 1081 538 1122; x_wconf 89' lang='lat' dir='ltr'>turn</span> <span class='ocrx_word' id='word_1_64' title='bbox 562 1087 595 1121; x_wconf 82' lang='lat' dir='ltr'>ex</span> 
     </span>
     <span class='ocr_line' id='line_1_13' title="bbox 61 1141 594 1209; baseline 0.002 -18"><span class='ocrx_word' id='word_1_65' title='bbox 61 1152 134 1208; x_wconf 86' lang='lat' dir='ltr'>parte</span> <span class='ocrx_word' id='word_1_66' title='bbox 155 1143 270 1208; x_wconf 86' lang='lat' dir='ltr'>praemii,</span> <span class='ocrx_word' id='word_1_67' title='bbox 293 1144 357 1209; x_wconf 91' lang='lat' dir='ltr'>quia</span> <span class='ocrx_word' id='word_1_68' title='bbox 373 1159 420 1209; x_wconf 92' lang='lat' dir='ltr'>per</span> <span class='ocrx_word' id='word_1_69' title='bbox 435 1144 488 1193; x_wconf 93' lang='lat' dir='ltr'>hoc</span> <span class='ocrx_word' id='word_1_70' title='bbox 506 1141 594 1193; x_wconf 90' lang='lat' dir='ltr'>effici-</span> 
     </span>
     <span class='ocr_line' id='line_1_14' title="bbox 61 1215 596 1282; baseline 0.002 -19"><span class='ocrx_word' id='word_1_71' title='bbox 61 1224 105 1264; x_wconf 88' lang='lat' dir='ltr'>tur</span> <span class='ocrx_word' id='word_1_72' title='bbox 119 1215 202 1264; x_wconf 91' lang='lat' dir='ltr'>homo</span> <span class='ocrx_word' id='word_1_73' title='bbox 216 1216 349 1282; x_wconf 86' lang='lat' dir='ltr'>particeps</span> <span class='ocrx_word' id='word_1_74' title='bbox 362 1216 478 1278; x_wconf 88' lang='lat' dir='ltr'>deitatis,</span> <span class='ocrx_word' id='word_1_75' title='bbox 502 1225 528 1265; x_wconf 89' lang='lat' dir='ltr'>et</span> <span class='ocrx_word' id='word_1_76' title='bbox 549 1229 596 1280; x_wconf 87' lang='lat' dir='ltr'>per</span> 
     </span>
     <span class='ocr_line' id='line_1_15' title="bbox 62 1285 594 1352; baseline 0 -18"><span class='ocrx_word' id='word_1_77' title='bbox 62 1299 231 1350; x_wconf 88' lang='lat' dir='ltr'>consequens</span> <span class='ocrx_word' id='word_1_78' title='bbox 248 1293 327 1352; x_wconf 86' lang='lat' dir='ltr'>regiae</span> <span class='ocrx_word' id='word_1_79' title='bbox 351 1285 510 1352; x_wconf 76' lang='lat' dir='ltr'>potestatis;</span> <span class='ocrx_word' id='word_1_80' title='bbox 532 1295 594 1335; x_wconf 87' lang='lat' dir='ltr'>turn</span> 
     </span>
     <span class='ocr_line' id='line_1_16' title="bbox 63 1354 596 1423; baseline 0.002 -19"><span class='ocrx_word' id='word_1_81' title='bbox 63 1354 167 1405; x_wconf 90' lang='lat' dir='ltr'>ratione</span> <span class='ocrx_word' id='word_1_82' title='bbox 178 1356 360 1421; x_wconf 86' lang='lat' dir='ltr'>perfectionis,</span> <span class='ocrx_word' id='word_1_83' title='bbox 375 1357 448 1423; x_wconf 90' lang='lat' dir='ltr'>quod</span> <span class='ocrx_word' id='word_1_84' title='bbox 462 1355 596 1422; x_wconf 83' lang='lat' dir='ltr'>significat</span> 
     </span>
     <span class='ocr_line' id='line_1_17' title="bbox 63 1426 596 1492; baseline 0.004 -17"><span class='ocrx_word' id='word_1_85' title='bbox 63 1426 148 1492; x_wconf 86' lang='lat' dir='ltr'>figura</span> <span class='ocrx_word' id='word_1_86' title='bbox 168 1428 314 1479; x_wconf 88' lang='lat' dir='ltr'>circularis.</span> <span class='ocrx_word' id='word_1_87' title='bbox 339 1429 455 1479; x_wconf 83' lang='lat' dir='ltr'>Aureola</span> <span class='ocrx_word' id='word_1_88' title='bbox 474 1444 537 1479; x_wconf 87' lang='lat' dir='ltr'>vero</span> <span class='ocrx_word' id='word_1_89' title='bbox 556 1437 596 1478; x_wconf 87' lang='lat' dir='ltr'>est</span> 
     </span>
     <span class='ocr_line' id='line_1_18' title="bbox 64 1501 595 1565; baseline 0.002 -16"><span class='ocrx_word' id='word_1_90' title='bbox 64 1501 206 1565; x_wconf 86' lang='lat' dir='ltr'>praemium</span> <span class='ocrx_word' id='word_1_91' title='bbox 231 1503 401 1563; x_wconf 84' lang='lat' dir='ltr'>accidentale,</span> <span class='ocrx_word' id='word_1_92' title='bbox 427 1517 481 1551; x_wconf 91' lang='lat' dir='ltr'>non</span> <span class='ocrx_word' id='word_1_93' title='bbox 503 1511 595 1551; x_wconf 86' lang='lat' dir='ltr'>tamen</span> 
     </span>
     <span class='ocr_line' id='line_1_19' title="bbox 63 1571 595 1636; baseline 0 -17"><span class='ocrx_word' id='word_1_94' title='bbox 63 1571 203 1636; x_wconf 87' lang='lat' dir='ltr'>quodlibet</span> <span class='ocrx_word' id='word_1_95' title='bbox 231 1573 415 1634; x_wconf 89' lang='lat' dir='ltr'>accidentale,</span> <span class='ocrx_word' id='word_1_96' title='bbox 452 1573 500 1622; x_wconf 87' lang='lat' dir='ltr'>sed</span> <span class='ocrx_word' id='word_1_97' title='bbox 525 1571 595 1620; x_wconf 88' lang='lat' dir='ltr'>illud</span> 
     </span>
     <span class='ocr_line' id='line_1_20' title="bbox 63 1644 595 1713; baseline 0.002 -20"><span class='ocrx_word' id='word_1_98' title='bbox 63 1645 136 1710; x_wconf 91' lang='lat' dir='ltr'>quod</span> <span class='ocrx_word' id='word_1_99' title='bbox 166 1647 308 1712; x_wconf 85' lang='lat' dir='ltr'>respondet</span> <span class='ocrx_word' id='word_1_100' title='bbox 337 1647 411 1713; x_wconf 91' lang='lat' dir='ltr'>operi</span> <span class='ocrx_word' id='word_1_101' title='bbox 438 1644 595 1709; x_wconf 72' lang='lat' dir='ltr'>excedenti,</span> 
     </span>
     <span class='ocr_line' id='line_1_21' title="bbox 63 1714 596 1784; baseline 0.002 -21"><span class='ocrx_word' id='word_1_102' title='bbox 63 1714 165 1766; x_wconf 90' lang='lat' dir='ltr'>scilicet</span> <span class='ocrx_word' id='word_1_103' title='bbox 191 1733 198 1765; x_wconf 90' lang='grc'>;</span> <span class='ocrx_word' id='word_1_104' title='bbox 222 1717 361 1782; x_wconf 87' lang='lat' dir='ltr'>martyrio,</span> <span class='ocrx_word' id='word_1_105' title='bbox 387 1717 546 1784; x_wconf 83' lang='lat' dir='ltr'>virginitati,</span> <span class='ocrx_word' id='word_1_106' title='bbox 570 1724 596 1764; x_wconf 87' lang='lat' dir='ltr'>et</span> 
     </span>
     <span class='ocr_line' id='line_1_22' title="bbox 63 1787 596 1855; baseline 0.004 -19"><span class='ocrx_word' id='word_1_107' title='bbox 63 1787 256 1852; x_wconf 84' lang='lat' dir='ltr'>praedicationi.</span> <span class='ocrx_word' id='word_1_108' title='bbox 273 1791 363 1840; x_wconf 88' lang='lat' dir='ltr'>Palma</span> <span class='ocrx_word' id='word_1_109' title='bbox 379 1801 469 1841; x_wconf 89' lang='lat' dir='ltr'>autern</span> <span class='ocrx_word' id='word_1_110' title='bbox 481 1798 522 1840; x_wconf 87' lang='lat' dir='ltr'>est</span> <span class='ocrx_word' id='word_1_111' title='bbox 533 1804 596 1855; x_wconf 88' lang='lat' dir='ltr'>prae·</span> 
     </span>
     <span class='ocr_line' id='line_1_23' title="bbox 63 1857 595 1928; baseline 0.002 -21"><span class='ocrx_word' id='word_1_112' title='bbox 63 1857 151 1907; x_wconf 88' lang='lat' dir='ltr'>mium</span> <span class='ocrx_word' id='word_1_113' title='bbox 166 1859 338 1920; x_wconf 88' lang='lat' dir='ltr'>accidentale,</span> <span class='ocrx_word' id='word_1_114' title='bbox 361 1861 435 1928; x_wconf 91' lang='lat' dir='ltr'>quod</span> <span class='ocrx_word' id='word_1_115' title='bbox 452 1876 499 1910; x_wconf 90' lang='lat' dir='ltr'>nec</span> <span class='ocrx_word' id='word_1_116' title='bbox 512 1858 595 1924; x_wconf 82' lang='lat' dir='ltr'>radici</span> 
     </span>
     <span class='ocr_line' id='line_1_24' title="bbox 63 1928 594 1994; baseline 0.002 -17"><span class='ocrx_word' id='word_1_117' title='bbox 63 1943 112 1978; x_wconf 90' lang='lat' dir='ltr'>nec</span> <span class='ocrx_word' id='word_1_118' title='bbox 136 1931 209 1994; x_wconf 88' lang='lat' dir='ltr'>operi</span> <span class='ocrx_word' id='word_1_119' title='bbox 236 1931 363 1992; x_wconf 85' lang='lat' dir='ltr'>debetur,</span> <span class='ocrx_word' id='word_1_120' title='bbox 386 1931 433 1993; x_wconf 90' lang='lat' dir='ltr'>sed</span> <span class='ocrx_word' id='word_1_121' title='bbox 454 1928 594 1982; x_wconf 81' lang='lat' dir='ltr'>voluntati.</span> 
     </span>
     <span class='ocr_line' id='line_1_25' title="bbox 63 1999 595 2068; baseline 0.002 -18"><span class='ocrx_word' id='word_1_122' title='bbox 63 2000 130 2051; x_wconf 87' lang='lat' dir='ltr'>Tale</span> <span class='ocrx_word' id='word_1_123' title='bbox 142 2003 284 2068; x_wconf 88' lang='lat' dir='ltr'>praemium</span> <span class='ocrx_word' id='word_1_124' title='bbox 301 2004 396 2054; x_wconf 87' lang='lat' dir='ltr'>babuit</span> <span class='ocrx_word' id='word_1_125' title='bbox 405 1999 512 2054; x_wconf 87' lang='lat' dir='ltr'>sanctus</span> <span class='ocrx_word' id='word_1_126' title='bbox 522 2004 595 2052; x_wconf 86' lang='lat' dir='ltr'>Mar-</span> 
     </span>
     <span class='ocr_line' id='line_1_26' title="bbox 63 2071 596 2141; baseline 0.004 -21"><span class='ocrx_word' id='word_1_127' title='bbox 63 2071 146 2132; x_wconf 88' lang='lat' dir='ltr'>tinus,</span> <span class='ocrx_word' id='word_1_128' title='bbox 161 2084 187 2122; x_wconf 91' lang='lat' dir='ltr'>et</span> <span class='ocrx_word' id='word_1_129' title='bbox 201 2074 280 2123; x_wconf 92' lang='lat' dir='ltr'>multi</span> <span class='ocrx_word' id='word_1_130' title='bbox 293 2074 348 2136; x_wconf 89' lang='lat' dir='ltr'>alii,</span> <span class='ocrx_word' id='word_1_131' title='bbox 365 2074 412 2141; x_wconf 94' lang='lat' dir='ltr'>qui</span> <span class='ocrx_word' id='word_1_132' title='bbox 427 2074 596 2125; x_wconf 88' lang='lat' dir='ltr'>desiderave-</span> 
     </span>
     <span class='ocr_line' id='line_1_27' title="bbox 63 2147 595 2215; baseline 0 -21"><span class='ocrx_word' id='word_1_133' title='bbox 63 2155 128 2194; x_wconf 89' lang='lat' dir='ltr'>runt</span> <span class='ocrx_word' id='word_1_134' title='bbox 154 2147 329 2212; x_wconf 88' lang='lat' dir='ltr'>martyrium,</span> <span class='ocrx_word' id='word_1_135' title='bbox 355 2148 417 2197; x_wconf 88' lang='lat' dir='ltr'>licet</span> <span class='ocrx_word' id='word_1_136' title='bbox 446 2161 516 2215; x_wconf 90' lang='lat' dir='ltr'>opus</span> <span class='ocrx_word' id='word_1_137' title='bbox 540 2160 595 2194; x_wconf 89' lang='lat' dir='ltr'>non</span> 
     </span>
     <span class='ocr_line' id='line_1_28' title="bbox 64 2214 595 2288; baseline 0.006 -22"><span class='ocrx_word' id='word_1_138' title='bbox 64 2214 146 2267; x_wconf 83' lang='lat' dir='ltr'>fuerit</span> <span class='ocrx_word' id='word_1_139' title='bbox 168 2219 344 2269; x_wconf 90' lang='lat' dir='ltr'>subsecutum</span> <span class='ocrx_word' id='word_1_140' title='bbox 363 2237 369 2270; x_wconf 94' lang='lat'><strong>:</strong></span> <span class='ocrx_word' id='word_1_141' title='bbox 385 2221 449 2288; x_wconf 88' lang='lat' dir='ltr'>quia</span> <span class='ocrx_word' id='word_1_142' title='bbox 470 2220 519 2271; x_wconf 88' lang='lat' dir='ltr'>etsi</span> <span class='ocrx_word' id='word_1_143' title='bbox 536 2219 595 2285; x_wconf 83' lang='lat' dir='ltr'>gla-</span> 
     </span>
     <span class='ocr_line' id='line_1_29' title="bbox 64 2284 595 2352; baseline 0.009 -19"><span class='ocrx_word' id='word_1_144' title='bbox 64 2284 109 2335; x_wconf 92' lang='lat' dir='ltr'>dio</span> <span class='ocrx_word' id='word_1_145' title='bbox 138 2289 315 2352; x_wconf 89' lang='lat' dir='ltr'>persecutoris</span> <span class='ocrx_word' id='word_1_146' title='bbox 341 2290 420 2340; x_wconf 88' lang='lat' dir='ltr'>occisi</span> <span class='ocrx_word' id='word_1_147' title='bbox 440 2306 499 2340; x_wconf 89' lang='lat' dir='ltr'>non</span> <span class='ocrx_word' id='word_1_148' title='bbox 519 2297 595 2348; x_wconf 87' lang='lat' dir='ltr'>sunt,</span> 
     </span>
     <span class='ocr_line' id='line_1_30' title="bbox 64 2356 597 2425; baseline 0.011 -21"><span class='ocrx_word' id='word_1_149' title='bbox 64 2356 182 2420; x_wconf 87' lang='lat' dir='ltr'>palmam</span> <span class='ocrx_word' id='word_1_150' title='bbox 208 2369 297 2408; x_wconf 87' lang='lat' dir='ltr'>tamen</span> <span class='ocrx_word' id='word_1_151' title='bbox 315 2361 436 2425; x_wconf 87' lang='lat' dir='ltr'>martyrii</span> <span class='ocrx_word' id='word_1_152' title='bbox 452 2356 509 2410; x_wconf 85' lang='lat' dir='ltr'>nori</span> <span class='ocrx_word' id='word_1_153' title='bbox 522 2359 597 2410; x_wconf 90' lang='lat' dir='ltr'>ami-</span> 
     </span>
     <span class='ocr_line' id='line_1_31' title="bbox 64 2431 596 2499; baseline 0.009 -23"><span class='ocrx_word' id='word_1_154' title='bbox 64 2439 167 2480; x_wconf 89' lang='lat' dir='ltr'>serunt.</span> <span class='ocrx_word' id='word_1_155' title='bbox 200 2431 263 2481; x_wconf 90' lang='lat' dir='ltr'>Haec</span> <span class='ocrx_word' id='word_1_156' title='bbox 297 2443 387 2481; x_wconf 88' lang='lat' dir='ltr'>autem</span> <span class='ocrx_word' id='word_1_157' title='bbox 402 2453 406 2463; x_wconf 91' lang='lat'>·</span> <span class='ocrx_word' id='word_1_158' title='bbox 424 2435 513 2499; x_wconf 83' lang='lat' dir='ltr'>palma</span> <span class='ocrx_word' id='word_1_159' title='bbox 545 2446 596 2481; x_wconf 85' lang='lat' dir='ltr'>nec</span> 
     </span>
     <span class='ocr_line' id='line_1_32' title="bbox 63 2500 594 2565; baseline 0.006 -15"><span class='ocrx_word' id='word_1_160' title='bbox 63 2512 144 2550; x_wconf 85' lang='lat' dir='ltr'>aurea</span> <span class='ocrx_word' id='word_1_161' title='bbox 179 2500 230 2550; x_wconf 87' lang='lat' dir='ltr'>dici</span> <span class='ocrx_word' id='word_1_162' title='bbox 263 2502 360 2562; x_wconf 87' lang='lat' dir='ltr'>debet,</span> <span class='ocrx_word' id='word_1_163' title='bbox 392 2519 441 2554; x_wconf 89' lang='lat' dir='ltr'>nec</span> <span class='ocrx_word' id='word_1_164' title='bbox 470 2505 594 2565; x_wconf 80' lang='lat' dir='ltr'>aureola3</span> 
     </span>
     <span class='ocr_line' id='line_1_33' title="bbox 64 2572 595 2640; baseline 0.013 -24"><span class='ocrx_word' id='word_1_165' title='bbox 64 2577 136 2632; x_wconf 85' lang='lat' dir='ltr'>patet</span> <span class='ocrx_word' id='word_1_166' title='bbox 171 2585 234 2635; x_wconf 86' lang='lat' dir='ltr'>ergo</span> <span class='ocrx_word' id='word_1_167' title='bbox 263 2572 336 2636; x_wconf 93' lang='lat' dir='ltr'>quod</span> <span class='ocrx_word' id='word_1_168' title='bbox 363 2573 528 2640; x_wconf 81' lang='lat' dir='ltr'>martyribus</span> <span class='ocrx_word' id='word_1_169' title='bbox 563 2587 595 2622; x_wconf 85' lang='lat' dir='ltr'>ac</span> 
     </span>
     <span class='ocr_line' id='line_1_34' title="bbox 63 2638 595 2707; baseline 0.013 -21"><span class='ocrx_word' id='word_1_170' title='bbox 63 2638 219 2704; x_wconf 84' lang='lat' dir='ltr'>virginibus</span> <span class='ocrx_word' id='word_1_171' title='bbox 244 2651 270 2691; x_wconf 90' lang='lat' dir='ltr'>et</span> <span class='ocrx_word' id='word_1_172' title='bbox 296 2644 516 2707; x_wconf 83' lang='lat' dir='ltr'>praedicatoribus</span> <span class='ocrx_word' id='word_1_173' title='bbox 543 2643 595 2693; x_wconf 86' lang='lat' dir='ltr'>de-</span> 
     </span>
     <span class='ocr_line' id='line_1_35' title="bbox 64 2709 596 2789; baseline 0.009 -31"><span class='ocrx_word' id='word_1_174' title='bbox 64 2709 142 2789; x_wconf 79' lang='lat' dir='ltr'>betur</span> <span class='ocrx_word' id='word_1_175' title='bbox 166 2712 281 2762; x_wconf 85' lang='lat' dir='ltr'>aureola.</span> <span class='ocrx_word' id='word_1_176' title='bbox 309 2714 386 2764; x_wconf 87' lang='lat' dir='ltr'>Unde</span> <span class='ocrx_word' id='word_1_177' title='bbox 412 2730 506 2765; x_wconf 82' lang='lat' dir='ltr'>versus</span> <span class='ocrx_word' id='word_1_178' title='bbox 532 2722 596 2764; x_wconf 90' lang='lat' dir='ltr'>sunt</span> 
     </span>
     <span class='ocr_line' id='line_1_36' title="bbox 64 2788 131 2829; baseline 0.03 -2"><span class='ocrx_word' id='word_1_179' title='bbox 64 2788 131 2829; x_wconf 80' lang='lat' dir='ltr'>isti:</span> 
     </span>
    </p>
   </div>
   <div class='ocr_carea' id='block_1_3' title="bbox 64 2923 596 3204">
    <p class='ocr_par' dir='ltr' id='par_1_3' title="bbox 64 2923 596 3062">
     <span class='ocr_line' id='line_1_37' title="bbox 64 2923 596 2991; baseline 0.006 -18"><span class='ocrx_word' id='word_1_180' title='bbox 64 2923 211 2974; x_wconf 72' lang='lat' dir='ltr'>Aureolum</span> <span class='ocrx_word' id='word_1_181' title='bbox 221 2925 246 2973; x_wconf 83' lang='lat' dir='ltr'>si</span> <span class='ocrx_word' id='word_1_182' title='bbox 254 2926 334 2990; x_wconf 85' lang='lat' dir='ltr'>serre</span> <span class='ocrx_word' id='word_1_183' title='bbox 345 2927 432 2977; x_wconf 78' lang='lat' dir='ltr'>volam</span> <span class='ocrx_word' id='word_1_184' title='bbox 448 2945 459 2977; x_wconf 79' lang='lat' dir='ltr'>e</span> <span class='ocrx_word' id='word_1_185' title='bbox 469 2927 596 2991; x_wconf 68' lang='lat' dir='ltr'>forestr-</span> 
     </span>
     <span class='ocr_line' id='line_1_38' title="bbox 413 2995 594 3062; baseline 0.011 -16"><span class='ocrx_word' id='word_1_186' title='bbox 413 2995 463 3062; x_wconf 62' lang='grc' dir='ltr'>[ἕο</span> <span class='ocrx_word' id='word_1_187' title='bbox 476 2998 594 3060; x_wconf 77' lang='lat' dir='ltr'>studebo,</span> 
     </span>
    </p>

    <p class='ocr_par' dir='ltr' id='par_1_4' title="bbox 66 3064 596 3204">
     <span class='ocr_line' id='line_1_39' title="bbox 66 3064 596 3135; baseline 0.009 -22"><span class='ocrx_word' id='word_1_188' title='bbox 66 3064 269 3129; x_wconf 73' lang='lat' dir='ltr'>Martyriumve</span> <span class='ocrx_word' id='word_1_189' title='bbox 292 3068 384 3118; x_wconf 77' lang='lat' dir='ltr'>subibo</span> <span class='ocrx_word' id='word_1_190' title='bbox 400 3069 485 3135; x_wconf 75' lang='lat' dir='ltr'>pina,</span> <span class='ocrx_word' id='word_1_191' title='bbox 505 3083 596 3134; x_wconf 84' lang='lat' dir='ltr'>popu-</span> 
     </span>
     <span class='ocr_line' id='line_1_40' title="bbox 390 3142 595 3204; baseline 0 -13"><span class='ocrx_word' id='word_1_192' title='bbox 390 3142 595 3204; x_wconf 72' lang='lat' dir='ltr'>{losvedoeeae</span> 
     </span>
    </p>
   </div>
   <div class='ocr_carea' id='block_1_4' title="bbox 93 3259 604 3336">
    <p class='ocr_par' dir='ltr' id='par_1_5' title="bbox 93 3259 604 3336">
     <span class='ocr_line' id='line_1_41' title="bbox 93 3259 604 3336; baseline 0.004 -3"><span class='ocrx_word' id='word_1_193' title='bbox 93 3283 260 3336; x_wconf 75' lang='lat' dir='ltr'>Etiternm:</span> <span class='ocrx_word' id='word_1_194' title='bbox 598 3259 604 3283; x_wconf 65' lang='lat'><strong><em>¹</em></strong></span> 
     </span>
    </p>
   </div>
   <div class='ocr_carea' id='block_1_5' title="bbox 62 3429 596 3570">
    <p class='ocr_par' dir='ltr' id='par_1_6' title="bbox 62 3429 596 3570">
     <span class='ocr_line' id='line_1_42' title="bbox 62 3429 596 3496; baseline 0.006 -18"><span class='ocrx_word' id='word_1_195' title='bbox 62 3429 209 3479; x_wconf 80' lang='lat' dir='ltr'>Aureolum</span> <span class='ocrx_word' id='word_1_196' title='bbox 222 3430 348 3496; x_wconf 83' lang='lat' dir='ltr'>Martyr,</span> <span class='ocrx_word' id='word_1_197' title='bbox 364 3433 476 3494; x_wconf 78' lang='lat' dir='ltr'>Ductor,</span> <span class='ocrx_word' id='word_1_198' title='bbox 490 3431 596 3496; x_wconf 80' lang='lat' dir='ltr'>Virgo-</span> 
     </span>
     <span class='ocr_line' id='line_1_43' title="bbox 387 3505 596 3570; baseline -0.005 -18"><span class='ocrx_word' id='word_1_199' title='bbox 387 3505 448 3570; x_wconf 82' lang='lat' dir='ltr'>{que</span> <span class='ocrx_word' id='word_1_200' title='bbox 466 3508 596 3552; x_wconf 68' lang='lat' dir='ltr'>marmur.</span> 
     </span>
    </p>
   </div>
   <div class='ocr_carea' id='block_1_6' title="bbox 37 3642 597 3931">
    <p class='ocr_par' dir='ltr' id='par_1_7' title="bbox 37 3642 597 3931">
     <span class='ocr_line' id='line_1_44' title="bbox 37 3642 596 3696; baseline 0.005 -7"><span class='ocrx_word' id='word_1_201' title='bbox 37 3682 40 3689; x_wconf 95' lang='grc'><em>,</em></span> <span class='ocrx_word' id='word_1_202' title='bbox 93 3642 112 3691; x_wconf 82' lang='lat'><em>8</em></span> <span class='ocrx_word' id='word_1_203' title='bbox 127 3644 203 3693; x_wconf 77' lang='lat' dir='ltr'>Bona</span> <span class='ocrx_word' id='word_1_204' title='bbox 216 3661 344 3696; x_wconf 77' lang='lat' dir='ltr'>coaronrs</span> <span class='ocrx_word' id='word_1_205' title='bbox 355 3661 456 3695; x_wconf 66' lang='lat' dir='ltr'>,sarasar</span> <span class='ocrx_word' id='word_1_206' title='bbox 467 3660 497 3694; x_wconf 81' lang='lat' dir='ltr'>tn</span> <span class='ocrx_word' id='word_1_207' title='bbox 509 3659 596 3693; x_wconf 72' lang='lat' dir='ltr'>eann-</span> 
     </span>
     <span class='ocr_line' id='line_1_45' title="bbox 65 3715 597 3781; baseline 0.002 -17"><span class='ocrx_word' id='word_1_208' title='bbox 65 3730 133 3765; x_wconf 83' lang='lat' dir='ltr'>nrso.</span> <span class='ocrx_word' id='word_1_209' title='bbox 158 3744 190 3752; x_wconf 96' lang='lat'>-</span> <span class='ocrx_word' id='word_1_210' title='bbox 214 3718 357 3768; x_wconf 72' lang='lat' dir='ltr'>anselmus</span> <span class='ocrx_word' id='word_1_211' title='bbox 378 3732 439 3767; x_wconf 90' lang='lat' dir='ltr'>vero</span> <span class='ocrx_word' id='word_1_212' title='bbox 463 3715 540 3781; x_wconf 89' lang='lat' dir='ltr'>ponit</span> <span class='ocrx_word' id='word_1_213' title='bbox 554 3731 597 3766; x_wconf 87' lang='lat' dir='ltr'>se-</span> 
     </span>
     <span class='ocr_line' id='line_1_46' title="bbox 66 3789 597 3856; baseline 0.004 -19"><span class='ocrx_word' id='word_1_214' title='bbox 66 3798 138 3851; x_wconf 87' lang='lat' dir='ltr'>ptem</span> <span class='ocrx_word' id='word_1_215' title='bbox 159 3790 232 3841; x_wconf 90' lang='lat' dir='ltr'>bona</span> <span class='ocrx_word' id='word_1_216' title='bbox 248 3791 377 3856; x_wconf 89' lang='lat' dir='ltr'>corporis,</span> <span class='ocrx_word' id='word_1_217' title='bbox 398 3789 505 3840; x_wconf 88' lang='lat' dir='ltr'>etitem</span> <span class='ocrx_word' id='word_1_218' title='bbox 526 3789 597 3839; x_wconf 87' lang='lat' dir='ltr'>bona</span> 
     </span>
     <span class='ocr_line' id='line_1_47' title="bbox 66 3863 596 3931; baseline 0.006 -22"><span class='ocrx_word' id='word_1_219' title='bbox 66 3871 169 3925; x_wconf 87' lang='lat' dir='ltr'>septem</span> <span class='ocrx_word' id='word_1_220' title='bbox 187 3865 294 3926; x_wconf 87' lang='lat' dir='ltr'>animae,</span> <span class='ocrx_word' id='word_1_221' title='bbox 314 3880 373 3931; x_wconf 84' lang='lat' dir='ltr'>quae</span> <span class='ocrx_word' id='word_1_222' title='bbox 387 3864 527 3914; x_wconf 85' lang='lat' dir='ltr'>habebunt</span> <span class='ocrx_word' id='word_1_223' title='bbox 538 3863 596 3913; x_wconf 87' lang='lat' dir='ltr'>ele-</span> 
     </span>
    </p>
   </div>
   <div class='ocr_carea' id='block_1_7' title="bbox 1130 245 1235 312">
    <p class='ocr_par' dir='ltr' id='par_1_8' title="bbox 1130 245 1235 312">
     <span class='ocr_line' id='line_1_48' title="bbox 1130 245 1235 312; baseline -0.067 -16"><span class='ocrx_word' id='word_1_224' title='bbox 1130 245 1187 312; x_wconf 74' lang='lat'>817</span> <span class='ocrx_word' id='word_1_225' title='bbox 1230 279 1235 289; x_wconf 88' lang='lat'>.</span> 
     </span>
    </p>
   </div>
   <div class='ocr_carea' id='block_1_8' title="bbox 648 359 1205 1498">
    <p class='ocr_par' dir='ltr' id='par_1_9' title="bbox 648 359 1205 1498">
     <span class='ocr_line' id='line_1_49' title="bbox 650 359 1186 426; baseline 0 -14"><span class='ocrx_word' id='word_1_226' title='bbox 650 361 686 413; x_wconf 93' lang='lat' dir='ltr'>cti</span> <span class='ocrx_word' id='word_1_227' title='bbox 699 361 730 413; x_wconf 85' lang='lat' dir='ltr'>in</span> <span class='ocrx_word' id='word_1_228' title='bbox 750 361 868 413; x_wconf 75' lang='lat' dir='ltr'>scelestis</span> <span class='ocrx_word' id='word_1_229' title='bbox 890 361 983 426; x_wconf 73' lang='lat' dir='ltr'>patrie</span> <span class='ocrx_word' id='word_1_230' title='bbox 1006 359 1186 412; x_wconf 68' lang='lat' dir='ltr'>beatitudine,</span> 
     </span>
     <span class='ocr_line' id='line_1_50' title="bbox 651 431 1181 496; baseline 0 -14"><span class='ocrx_word' id='word_1_231' title='bbox 651 433 684 482; x_wconf 85' lang='lat' dir='ltr'>Et</span> <span class='ocrx_word' id='word_1_232' title='bbox 695 431 789 496; x_wconf 83' lang='lat' dir='ltr'>primo</span> <span class='ocrx_word' id='word_1_233' title='bbox 801 431 880 496; x_wconf 89' lang='lat' dir='ltr'>ponit</span> <span class='ocrx_word' id='word_1_234' title='bbox 896 431 967 481; x_wconf 87' lang='lat' dir='ltr'>bona</span> <span class='ocrx_word' id='word_1_235' title='bbox 978 431 1106 495; x_wconf 86' lang='lat' dir='ltr'>corporis,</span> <span class='ocrx_word' id='word_1_236' title='bbox 1117 447 1181 496; x_wconf 74' lang='lat' dir='ltr'>qua</span> 
     </span>
     <span class='ocr_line' id='line_1_51' title="bbox 650 500 1182 568; baseline 0 -16"><span class='ocrx_word' id='word_1_237' title='bbox 650 511 731 553; x_wconf 89' lang='lat' dir='ltr'>sunt:</span> <span class='ocrx_word' id='word_1_238' title='bbox 747 502 931 568; x_wconf 73' lang='lat' dir='ltr'>pulchritudo,</span> <span class='ocrx_word' id='word_1_239' title='bbox 945 501 1080 560; x_wconf 85' lang='lat' dir='ltr'>velocitas,</span> <span class='ocrx_word' id='word_1_240' title='bbox 1099 500 1182 552; x_wconf 78' lang='lat' dir='ltr'>forti-</span> 
     </span>
     <span class='ocr_line' id='line_1_52' title="bbox 649 570 1185 638; baseline -0.006 -14"><span class='ocrx_word' id='word_1_241' title='bbox 649 575 734 635; x_wconf 91' lang='lat' dir='ltr'>tudo,</span> <span class='ocrx_word' id='word_1_242' title='bbox 754 570 879 635; x_wconf 79' lang='lat' dir='ltr'>libertas,</span> <span class='ocrx_word' id='word_1_243' title='bbox 904 574 1020 634; x_wconf 81' lang='lat' dir='ltr'>sanitas,</span> <span class='ocrx_word' id='word_1_244' title='bbox 1044 575 1185 638; x_wconf 78' lang='lat' dir='ltr'>voluptas,</span> 
     </span>
     <span class='ocr_line' id='line_1_53' title="bbox 648 643 1181 711; baseline -0.008 -15"><span class='ocrx_word' id='word_1_245' title='bbox 648 645 790 697; x_wconf 84' lang='lat' dir='ltr'>aeternitas.</span> <span class='ocrx_word' id='word_1_246' title='bbox 803 645 875 696; x_wconf 87' lang='lat' dir='ltr'>Dicit</span> <span class='ocrx_word' id='word_1_247' title='bbox 888 661 952 711; x_wconf 85' lang='lat' dir='ltr'>ergo</span> <span class='ocrx_word' id='word_1_248' title='bbox 970 661 977 694; x_wconf 91' lang='lat'>:</span> <span class='ocrx_word' id='word_1_249' title='bbox 991 663 1006 692; x_wconf 78' lang='lat' dir='ltr'>a</span> <span class='ocrx_word' id='word_1_250' title='bbox 1024 645 1054 694; x_wconf 90' lang='lat' dir='ltr'>ln</span> <span class='ocrx_word' id='word_1_251' title='bbox 1069 644 1117 694; x_wconf 88' lang='lat' dir='ltr'>illa</span> <span class='ocrx_word' id='word_1_252' title='bbox 1127 643 1181 709; x_wconf 84' lang='lat' dir='ltr'>igi·</span> 
     </span>
     <span class='ocr_line' id='line_1_54' title="bbox 648 717 1182 784; baseline -0.007 -14"><span class='ocrx_word' id='word_1_253' title='bbox 648 728 694 770; x_wconf 73' lang='lat' dir='ltr'>tar</span> <span class='ocrx_word' id='word_1_254' title='bbox 708 719 763 770; x_wconf 84' lang='lat' dir='ltr'>vita</span> <span class='ocrx_word' id='word_1_255' title='bbox 774 718 949 784; x_wconf 83' lang='lat' dir='ltr'>pulchritudo</span> <span class='ocrx_word' id='word_1_256' title='bbox 966 719 1099 784; x_wconf 72' lang='lat' dir='ltr'>iustorum</span> <span class='ocrx_word' id='word_1_257' title='bbox 1114 717 1182 767; x_wconf 84' lang='lat' dir='ltr'>solis</span> 
     </span>
     <span class='ocr_line' id='line_1_55' title="bbox 648 790 1181 856; baseline -0.008 -15"><span class='ocrx_word' id='word_1_258' title='bbox 648 790 854 855; x_wconf 74' lang='lat' dir='ltr'>pulchritudini,</span> <span class='ocrx_word' id='word_1_259' title='bbox 877 805 939 856; x_wconf 85' lang='lat' dir='ltr'>quae</span> <span class='ocrx_word' id='word_1_260' title='bbox 952 800 1045 840; x_wconf 85' lang='lat' dir='ltr'>tamen</span> <span class='ocrx_word' id='word_1_261' title='bbox 1062 798 1181 854; x_wconf 84' lang='lat' dir='ltr'>septem-</span> 
     </span>
     <span class='ocr_line' id='line_1_56' title="bbox 648 859 1181 927; baseline -0.002 -18"><span class='ocrx_word' id='word_1_262' title='bbox 648 861 755 926; x_wconf 84' lang='lat' dir='ltr'>pliciter</span> <span class='ocrx_word' id='word_1_263' title='bbox 774 877 860 927; x_wconf 83' lang='lat' dir='ltr'>·quam</span> <span class='ocrx_word' id='word_1_264' title='bbox 882 862 965 912; x_wconf 84' lang='lat' dir='ltr'>modu</span> <span class='ocrx_word' id='word_1_265' title='bbox 985 860 1016 911; x_wconf 83' lang='lat' dir='ltr'>fit</span> <span class='ocrx_word' id='word_1_266' title='bbox 1036 859 1181 925; x_wconf 81' lang='lat' dir='ltr'>speciosior</span> 
     </span>
     <span class='ocr_line' id='line_1_57' title="bbox 648 925 1205 999; baseline -0.007 -17"><span class='ocrx_word' id='word_1_267' title='bbox 648 932 707 993; x_wconf 87' lang='lat' dir='ltr'>erit,</span> <span class='ocrx_word' id='word_1_268' title='bbox 731 933 923 999; x_wconf 59' lang='lat' dir='ltr'>admirabitur,</span> <span class='ocrx_word' id='word_1_269' title='bbox 944 930 1179 996; x_wconf 81' lang='lat' dir='ltr'>quemadmodum</span> <span class='ocrx_word' id='word_1_270' title='bbox 1201 925 1205 933; x_wconf 89' lang='grc'>’</span> 
     </span>
     <span class='ocr_line' id='line_1_58' title="bbox 648 999 1182 1068; baseline -0.002 -18"><span class='ocrx_word' id='word_1_271' title='bbox 648 1001 706 1068; x_wconf 84' lang='lat' dir='ltr'>ipsa</span> <span class='ocrx_word' id='word_1_272' title='bbox 719 1004 811 1054; x_wconf 74' lang='lat' dir='ltr'>divina</span> <span class='ocrx_word' id='word_1_273' title='bbox 819 1003 959 1068; x_wconf 80' lang='lat' dir='ltr'>Scriptura</span> <span class='ocrx_word' id='word_1_274' title='bbox 968 1010 1084 1051; x_wconf 83' lang='lat' dir='ltr'>testatur</span> <span class='ocrx_word' id='word_1_275' title='bbox 1096 1016 1103 1049; x_wconf 75' lang='grc' dir='ltr'><strong><em>ε</em></strong></span> <span class='ocrx_word' id='word_1_276' title='bbox 1116 999 1145 1050; x_wconf 86' lang='lat' dir='ltr'><em>F</em></span> <span class='ocrx_word' id='word_1_277' title='bbox 1143 1000 1182 1050; x_wconf 75' lang='lat' dir='ltr'>ui-</span> 
     </span>
     <span class='ocr_line' id='line_1_59' title="bbox 648 1072 1181 1141; baseline -0.008 -15"><span class='ocrx_word' id='word_1_278' title='bbox 648 1075 756 1140; x_wconf 71' lang='lat' dir='ltr'>gedum,</span> <span class='ocrx_word' id='word_1_279' title='bbox 773 1075 913 1141; x_wconf 85' lang='lat' dir='ltr'>inquiens,</span> <span class='ocrx_word' id='word_1_280' title='bbox 933 1073 1003 1122; x_wconf 73' lang='lat' dir='ltr'>sieut</span> <span class='ocrx_word' id='word_1_281' title='bbox 1017 1072 1069 1132; x_wconf 80' lang='lat' dir='ltr'>sol,</span> <span class='ocrx_word' id='word_1_282' title='bbox 1091 1072 1118 1140; x_wconf 78' lang='lat' dir='ltr'>ia</span> <span class='ocrx_word' id='word_1_283' title='bbox 1131 1085 1181 1122; x_wconf 77' lang='lat' dir='ltr'>ne·</span> 
     </span>
     <span class='ocr_line' id='line_1_60' title="bbox 648 1144 1182 1214; baseline -0.013 -15"><span class='ocrx_word' id='word_1_284' title='bbox 648 1162 703 1214; x_wconf 79' lang='lat' dir='ltr'>gno</span> <span class='ocrx_word' id='word_1_285' title='bbox 722 1147 829 1198; x_wconf 70' lang='lat' dir='ltr'>Patris.</span> <span class='ocrx_word' id='word_1_286' title='bbox 844 1175 874 1186; x_wconf 89' lang='lat'>-</span> <span class='ocrx_word' id='word_1_287' title='bbox 887 1144 1022 1196; x_wconf 79' lang='lat' dir='ltr'>Velocitaa</span> <span class='ocrx_word' id='word_1_288' title='bbox 1037 1158 1087 1193; x_wconf 88' lang='lat' dir='ltr'>nos</span> <span class='ocrx_word' id='word_1_289' title='bbox 1107 1153 1182 1193; x_wconf 84' lang='lat' dir='ltr'>tanta</span> 
     </span>
     <span class='ocr_line' id='line_1_61' title="bbox 649 1213 1181 1281; baseline -0.006 -14"><span class='ocrx_word' id='word_1_290' title='bbox 649 1217 833 1277; x_wconf 85' lang='lat' dir='ltr'>comitabitur,</span> <span class='ocrx_word' id='word_1_291' title='bbox 858 1226 889 1268; x_wconf 88' lang='lat' dir='ltr'>ut</span> <span class='ocrx_word' id='word_1_292' title='bbox 911 1215 980 1281; x_wconf 84' lang='lat' dir='ltr'>ipsis</span> <span class='ocrx_word' id='word_1_293' title='bbox 1002 1213 1117 1280; x_wconf 80' lang='lat' dir='ltr'>Angelis</span> <span class='ocrx_word' id='word_1_294' title='bbox 1132 1214 1181 1264; x_wconf 83' lang='lat' dir='ltr'>Dei</span> 
     </span>
     <span class='ocr_line' id='line_1_62' title="bbox 649 1287 1182 1357; baseline -0.013 -14"><span class='ocrx_word' id='word_1_295' title='bbox 649 1306 725 1357; x_wconf 82' lang='lat' dir='ltr'>aeque</span> <span class='ocrx_word' id='word_1_296' title='bbox 738 1292 836 1342; x_wconf 84' lang='lat' dir='ltr'>celeres</span> <span class='ocrx_word' id='word_1_297' title='bbox 850 1291 951 1350; x_wconf 85' lang='lat' dir='ltr'>simus,</span> <span class='ocrx_word' id='word_1_298' title='bbox 967 1288 1014 1356; x_wconf 91' lang='lat' dir='ltr'>qui</span> <span class='ocrx_word' id='word_1_299' title='bbox 1029 1304 1045 1338; x_wconf 88' lang='lat' dir='ltr'>a</span> <span class='ocrx_word' id='word_1_300' title='bbox 1061 1287 1136 1338; x_wconf 84' lang='lat' dir='ltr'>eoelis</span> <span class='ocrx_word' id='word_1_301' title='bbox 1147 1289 1182 1337; x_wconf 86' lang='lat' dir='ltr'>ad</span> 
     </span>
     <span class='ocr_line' id='line_1_63' title="bbox 649 1358 1185 1422; baseline -0.011 -9"><span class='ocrx_word' id='word_1_302' title='bbox 649 1371 741 1422; x_wconf 78' lang='lat' dir='ltr'>terma,</span> <span class='ocrx_word' id='word_1_303' title='bbox 757 1372 783 1413; x_wconf 88' lang='lat' dir='ltr'>et</span> <span class='ocrx_word' id='word_1_304' title='bbox 801 1377 817 1412; x_wconf 86' lang='lat' dir='ltr'>a</span> <span class='ocrx_word' id='word_1_305' title='bbox 835 1362 916 1412; x_wconf 82' lang='lat' dir='ltr'>terris</span> <span class='ocrx_word' id='word_1_306' title='bbox 934 1361 971 1411; x_wconf 82' lang='lat' dir='ltr'>ad</span> <span class='ocrx_word' id='word_1_307' title='bbox 988 1360 1088 1410; x_wconf 84' lang='lat' dir='ltr'>coelum</span> <span class='ocrx_word' id='word_1_308' title='bbox 1107 1358 1185 1409; x_wconf 79' lang='lat' dir='ltr'>dioto</span> 
     </span>
     <span class='ocr_line' id='line_1_64' title="bbox 648 1433 1182 1498; baseline -0.009 -13"><span class='ocrx_word' id='word_1_309' title='bbox 648 1433 728 1485; x_wconf 88' lang='lat' dir='ltr'>citius</span> <span class='ocrx_word' id='word_1_310' title='bbox 757 1435 925 1485; x_wconf 79' lang='lat' dir='ltr'>dilabunnir.</span> <span class='ocrx_word' id='word_1_311' title='bbox 952 1433 1042 1497; x_wconf 83' lang='lat' dir='ltr'>Hujus</span> <span class='ocrx_word' id='word_1_312' title='bbox 1073 1445 1182 1498; x_wconf 83' lang='lat' dir='ltr'>quoque</span> 
     </span>
    </p>
   </div>
   <div class='ocr_carea' id='block_1_9' title="bbox 636 1501 1182 1570">
    <p class='ocr_par' dir='ltr' id='par_1_10' title="bbox 636 1501 1182 1570">
     <span class='ocr_line' id='line_1_65' title="bbox 636 1501 1182 1570; baseline -0.007 -15"><span class='ocrx_word' id='word_1_313' title='bbox 636 1505 795 1570; x_wconf 45' lang='lat' dir='ltr'>‚velocitatis</span> <span class='ocrx_word' id='word_1_314' title='bbox 809 1505 963 1570; x_wconf 79' lang='lat' dir='ltr'>exemplum</span> <span class='ocrx_word' id='word_1_315' title='bbox 977 1504 1005 1554; x_wconf 92' lang='lat' dir='ltr'>in</span> <span class='ocrx_word' id='word_1_316' title='bbox 1021 1503 1097 1554; x_wconf 84' lang='lat' dir='ltr'>radio</span> <span class='ocrx_word' id='word_1_317' title='bbox 1115 1501 1182 1552; x_wconf 81' lang='lat' dir='ltr'>solis</span> 
     </span>
    </p>
   </div>
   <div class='ocr_carea' id='block_1_10' title="bbox 648 1572 1252 3922">
    <p class='ocr_par' dir='ltr' id='par_1_11' title="bbox 648 1572 1252 3922">
     <span class='ocr_line' id='line_1_66' title="bbox 648 1572 1180 1642; baseline -0.009 -17"><span class='ocrx_word' id='word_1_318' title='bbox 648 1575 711 1627; x_wconf 88' lang='lat' dir='ltr'>licet</span> <span class='ocrx_word' id='word_1_319' title='bbox 731 1575 841 1636; x_wconf 85' lang='lat' dir='ltr'>intueri,</span> <span class='ocrx_word' id='word_1_320' title='bbox 857 1575 905 1642; x_wconf 89' lang='lat' dir='ltr'>qui</span> <span class='ocrx_word' id='word_1_321' title='bbox 921 1575 1023 1637; x_wconf 85' lang='lat' dir='ltr'>statim,</span> <span class='ocrx_word' id='word_1_322' title='bbox 1038 1583 1098 1623; x_wconf 89' lang='lat' dir='ltr'>orto</span> <span class='ocrx_word' id='word_1_323' title='bbox 1113 1572 1180 1631; x_wconf 86' lang='lat' dir='ltr'>sole,</span> 
     </span>
     <span class='ocr_line' id='line_1_67' title="bbox 649 1640 1181 1711; baseline -0.009 -17"><span class='ocrx_word' id='word_1_324' title='bbox 649 1645 677 1694; x_wconf 91' lang='lat' dir='ltr'>in</span> <span class='ocrx_word' id='word_1_325' title='bbox 688 1647 767 1711; x_wconf 78' lang='lat' dir='ltr'>plaga</span> <span class='ocrx_word' id='word_1_326' title='bbox 781 1645 915 1705; x_wconf 81' lang='lat' dir='ltr'>orientali,</span> <span class='ocrx_word' id='word_1_327' title='bbox 929 1643 1060 1711; x_wconf 79' lang='lat' dir='ltr'>pertingit</span> <span class='ocrx_word' id='word_1_328' title='bbox 1072 1642 1100 1691; x_wconf 91' lang='lat' dir='ltr'>in</span> <span class='ocrx_word' id='word_1_329' title='bbox 1114 1640 1181 1691; x_wconf 87' lang='lat' dir='ltr'>ulti-</span> 
     </span>
     <span class='ocr_line' id='line_1_68' title="bbox 650 1712 1186 1782; baseline -0.011 -16"><span class='ocrx_word' id='word_1_330' title='bbox 650 1731 695 1767; x_wconf 83' lang='lat' dir='ltr'>mo</span> <span class='ocrx_word' id='word_1_331' title='bbox 721 1717 806 1782; x_wconf 72' lang='lat' dir='ltr'>plage</span> <span class='ocrx_word' id='word_1_332' title='bbox 830 1714 1002 1767; x_wconf 83' lang='lat' dir='ltr'>occidentalis</span> <span class='ocrx_word' id='word_1_333' title='bbox 1028 1722 1086 1763; x_wconf 82' lang='lat' dir='ltr'>:ut</span> <span class='ocrx_word' id='word_1_334' title='bbox 1104 1712 1132 1762; x_wconf 89' lang='lat' dir='ltr'>in</span> <span class='ocrx_word' id='word_1_335' title='bbox 1147 1726 1186 1761; x_wconf 47' lang='lat' dir='ltr'>ee⁹</span> 
     </span>
     <span class='ocr_line' id='line_1_69' title="bbox 649 1782 1181 1854; baseline -0.013 -16"><span class='ocrx_word' id='word_1_336' title='bbox 649 1789 846 1854; x_wconf 80' lang='lat' dir='ltr'>perpendamus</span> <span class='ocrx_word' id='word_1_337' title='bbox 857 1802 914 1837; x_wconf 87' lang='lat' dir='ltr'>nnn</span> <span class='ocrx_word' id='word_1_338' title='bbox 928 1800 986 1836; x_wconf 82' lang='lat' dir='ltr'>esse</span> <span class='ocrx_word' id='word_1_339' title='bbox 998 1782 1181 1850; x_wconf 85' lang='lat' dir='ltr'>impossibile,</span> 
     </span>
     <span class='ocr_line' id='line_1_70' title="bbox 649 1855 1182 1928; baseline -0.011 -18"><span class='ocrx_word' id='word_1_340' title='bbox 649 1861 722 1928; x_wconf 87' lang='lat' dir='ltr'>qund</span> <span class='ocrx_word' id='word_1_341' title='bbox 735 1861 771 1910; x_wconf 88' lang='lat' dir='ltr'>de</span> <span class='ocrx_word' id='word_1_342' title='bbox 781 1869 874 1912; x_wconf 87' lang='lat' dir='ltr'>nostra</span> <span class='ocrx_word' id='word_1_343' title='bbox 887 1857 1004 1908; x_wconf 84' lang='lat' dir='ltr'>dicimus</span> <span class='ocrx_word' id='word_1_344' title='bbox 1026 1855 1118 1906; x_wconf 84' lang='lat' dir='ltr'>futura</span> <span class='ocrx_word' id='word_1_345' title='bbox 1129 1870 1182 1904; x_wconf 76' lang='lat' dir='ltr'>ve-</span> 
     </span>
     <span class='ocr_line' id='line_1_71' title="bbox 649 1927 1235 1999; baseline -0.012 -17"><span class='ocrx_word' id='word_1_346' title='bbox 649 1933 765 1994; x_wconf 81' lang='lat' dir='ltr'>locitate,</span> <span class='ocrx_word' id='word_1_347' title='bbox 780 1931 929 1999; x_wconf 77' lang='lat' dir='ltr'>presertim</span> <span class='ocrx_word' id='word_1_348' title='bbox 944 1946 1006 1980; x_wconf 88' lang='lat' dir='ltr'>cum</span> <span class='ocrx_word' id='word_1_349' title='bbox 1023 1927 1181 1980; x_wconf 80' lang='lat' dir='ltr'>nebusani-</span> <span class='ocrx_word' id='word_1_350' title='bbox 1234 1954 1235 1957; x_wconf 64' lang='lat'><em>=</em></span> 
     </span>
     <span class='ocr_line' id='line_1_72' title="bbox 649 1998 1179 2067; baseline -0.017 -12"><span class='ocrx_word' id='word_1_351' title='bbox 649 2004 730 2055; x_wconf 79' lang='lat' dir='ltr'>mau&#39;s</span> <span class='ocrx_word' id='word_1_352' title='bbox 744 2004 827 2054; x_wconf 82' lang='lat' dir='ltr'>soleat</span> <span class='ocrx_word' id='word_1_353' title='bbox 841 2003 931 2053; x_wconf 86' lang='lat' dir='ltr'>inesse</span> <span class='ocrx_word' id='word_1_354' title='bbox 944 2002 1029 2067; x_wconf 80' lang='lat' dir='ltr'>major</span> <span class='ocrx_word' id='word_1_355' title='bbox 1040 1998 1179 2058; x_wconf 85' lang='lat' dir='ltr'>velocitas,</span> 
     </span>
     <span class='ocr_line' id='line_1_73' title="bbox 649 2068 1181 2142; baseline -0.017 -15"><span class='ocrx_word' id='word_1_356' title='bbox 649 2091 731 2142; x_wconf 84' lang='lat' dir='ltr'>quam</span> <span class='ocrx_word' id='word_1_357' title='bbox 747 2073 934 2125; x_wconf 83' lang='lat' dir='ltr'>inanimitaris.</span> <span class='ocrx_word' id='word_1_358' title='bbox 951 2072 1119 2122; x_wconf 80' lang='lat' dir='ltr'>Pnestabunt</span> <span class='ocrx_word' id='word_1_359' title='bbox 1135 2068 1181 2119; x_wconf 78' lang='lat' dir='ltr'>vi-</span> 
     </span>
     <span class='ocr_line' id='line_1_74' title="bbox 649 2144 1182 2213; baseline -0.017 -15"><span class='ocrx_word' id='word_1_360' title='bbox 649 2148 734 2208; x_wconf 74' lang='lat' dir='ltr'>ribus,</span> <span class='ocrx_word' id='word_1_361' title='bbox 748 2148 903 2213; x_wconf 81' lang='lat' dir='ltr'>quicunque</span> <span class='ocrx_word' id='word_1_362' title='bbox 915 2144 1065 2195; x_wconf 85' lang='lat' dir='ltr'>meruerint</span> <span class='ocrx_word' id='word_1_363' title='bbox 1083 2155 1182 2206; x_wconf 82' lang='lat' dir='ltr'>super-</span> 
     </span>
     <span class='ocr_line' id='line_1_75' title="bbox 650 2214 1183 2275; baseline -0.019 -6"><span class='ocrx_word' id='word_1_364' title='bbox 650 2219 693 2268; x_wconf 84' lang='lat' dir='ltr'>nis</span> <span class='ocrx_word' id='word_1_365' title='bbox 706 2218 810 2269; x_wconf 80' lang='lat' dir='ltr'>civibus</span> <span class='ocrx_word' id='word_1_366' title='bbox 821 2216 961 2275; x_wconf 77' lang='lat' dir='ltr'>associari,</span> <span class='ocrx_word' id='word_1_367' title='bbox 973 2214 1004 2264; x_wconf 91' lang='lat' dir='ltr'>in</span> <span class='ocrx_word' id='word_1_368' title='bbox 1021 2222 1137 2272; x_wconf 85' lang='lat' dir='ltr'>tantum,</span> <span class='ocrx_word' id='word_1_369' title='bbox 1152 2220 1183 2260; x_wconf 89' lang='lat' dir='ltr'>ut</span> 
     </span>
     <span class='ocr_line' id='line_1_76' title="bbox 650 2284 1180 2350; baseline -0.021 -9"><span class='ocrx_word' id='word_1_370' title='bbox 650 2291 804 2341; x_wconf 83' lang='lat' dir='ltr'>nullatenus</span> <span class='ocrx_word' id='word_1_371' title='bbox 819 2288 874 2338; x_wconf 82' lang='lat' dir='ltr'>illis</span> <span class='ocrx_word' id='word_1_372' title='bbox 886 2286 1015 2338; x_wconf 83' lang='lat' dir='ltr'>obsistere</span> <span class='ocrx_word' id='word_1_373' title='bbox 1030 2284 1180 2350; x_wconf 84' lang='lat' dir='ltr'>quidquam</span> 
     </span>
     <span class='ocr_line' id='line_1_77' title="bbox 648 2357 1183 2423; baseline -0.019 -12"><span class='ocrx_word' id='word_1_374' title='bbox 648 2361 750 2423; x_wconf 81' lang='lat' dir='ltr'>valeat3</span> <span class='ocrx_word' id='word_1_375' title='bbox 771 2359 824 2422; x_wconf 83' lang='lat' dir='ltr'>vel,</span> <span class='ocrx_word' id='word_1_376' title='bbox 841 2358 863 2408; x_wconf 89' lang='lat' dir='ltr'>si</span> <span class='ocrx_word' id='word_1_377' title='bbox 886 2357 1020 2406; x_wconf 88' lang='lat' dir='ltr'>movendo</span> <span class='ocrx_word' id='word_1_378' title='bbox 1037 2362 1083 2404; x_wconf 89' lang='lat' dir='ltr'>aut</span> <span class='ocrx_word' id='word_1_379' title='bbox 1104 2367 1183 2402; x_wconf 78' lang='lat' dir='ltr'>erer-</span> 
     </span>
     <span class='ocr_line' id='line_1_78' title="bbox 649 2426 1182 2493; baseline -0.017 -13"><span class='ocrx_word' id='word_1_380' title='bbox 649 2431 729 2480; x_wconf 83' lang='lat' dir='ltr'>tendo</span> <span class='ocrx_word' id='word_1_381' title='bbox 750 2427 885 2479; x_wconf 70' lang='lat' dir='ltr'>noluerint</span> <span class='ocrx_word' id='word_1_382' title='bbox 905 2426 971 2493; x_wconf 90' lang='lat' dir='ltr'>quid</span> <span class='ocrx_word' id='word_1_383' title='bbox 993 2441 1010 2475; x_wconf 83' lang='lat' dir='ltr'>a</span> <span class='ocrx_word' id='word_1_384' title='bbox 1038 2439 1088 2474; x_wconf 89' lang='lat' dir='ltr'>suo</span> <span class='ocrx_word' id='word_1_385' title='bbox 1112 2431 1182 2473; x_wconf 74' lang='lat' dir='ltr'>stata</span> 
     </span>
     <span class='ocr_line' id='line_1_79' title="bbox 649 2491 1226 2566; baseline -0.024 -13"><span class='ocrx_word' id='word_1_386' title='bbox 649 2499 894 2566; x_wconf 82' lang='lat' dir='ltr'>quomodocunque</span> <span class='ocrx_word' id='word_1_387' title='bbox 907 2497 1050 2554; x_wconf 83' lang='lat' dir='ltr'>divertere,</span> <span class='ocrx_word' id='word_1_388' title='bbox 1062 2509 1119 2543; x_wconf 83' lang='lat' dir='ltr'>noa</span> <span class='ocrx_word' id='word_1_389' title='bbox 1131 2491 1184 2541; x_wconf 90' lang='lat' dir='ltr'>illi·</span> <span class='ocrx_word' id='word_1_390' title='bbox 1224 2535 1226 2545; x_wconf 72' lang='grc'>,</span> 
     </span>
     <span class='ocr_line' id='line_1_80' title="bbox 650 2565 1187 2634; baseline -0.019 -11"><span class='ocrx_word' id='word_1_391' title='bbox 650 2589 680 2623; x_wconf 89' lang='lat' dir='ltr'>co</span> <span class='ocrx_word' id='word_1_392' title='bbox 697 2573 782 2623; x_wconf 85' lang='lat' dir='ltr'>cedat.</span> <span class='ocrx_word' id='word_1_393' title='bbox 794 2571 852 2621; x_wconf 83' lang='lat' dir='ltr'>Nec</span> <span class='ocrx_word' id='word_1_394' title='bbox 871 2570 948 2620; x_wconf 85' lang='lat' dir='ltr'>ineo</span> <span class='ocrx_word' id='word_1_395' title='bbox 961 2568 1036 2634; x_wconf 89' lang='lat' dir='ltr'>quod</span> <span class='ocrx_word' id='word_1_396' title='bbox 1055 2565 1187 2623; x_wconf 80' lang='lat' dir='ltr'>dicimus,</span> 
     </span>
     <span class='ocr_line' id='line_1_81' title="bbox 649 2640 1180 2709; baseline -0.019 -15"><span class='ocrx_word' id='word_1_397' title='bbox 649 2643 744 2709; x_wconf 73' lang='lat' dir='ltr'>maiori</span> <span class='ocrx_word' id='word_1_398' title='bbox 771 2651 869 2692; x_wconf 80' lang='lat' dir='ltr'>conatu</span> <span class='ocrx_word' id='word_1_399' title='bbox 895 2640 1068 2700; x_wconf 75' lang='lat' dir='ltr'>hbosabunt,</span> <span class='ocrx_word' id='word_1_400' title='bbox 1096 2650 1180 2702; x_wconf 81' lang='lat' dir='ltr'>quant</span> 
     </span>
     <span class='ocr_line' id='line_1_82' title="bbox 650 2711 1178 2766; baseline -0.019 -2"><span class='ocrx_word' id='word_1_401' title='bbox 650 2730 700 2766; x_wconf 81' lang='lat' dir='ltr'>nos</span> <span class='ocrx_word' id='word_1_402' title='bbox 718 2713 800 2764; x_wconf 87' lang='lat' dir='ltr'>modo</span> <span class='ocrx_word' id='word_1_403' title='bbox 822 2712 854 2763; x_wconf 89' lang='lat' dir='ltr'>in</span> <span class='ocrx_word' id='word_1_404' title='bbox 875 2721 954 2762; x_wconf 86' lang='lat' dir='ltr'>motu</span> <span class='ocrx_word' id='word_1_405' title='bbox 969 2711 1110 2762; x_wconf 84' lang='lat' dir='ltr'>oculorum</span> <span class='ocrx_word' id='word_1_406' title='bbox 1125 2721 1178 2755; x_wconf 90' lang='lat' dir='ltr'>no·</span> 
     </span>
     <span class='ocr_line' id='line_1_83' title="bbox 649 2777 1252 2850; baseline -0.025 -13"><span class='ocrx_word' id='word_1_407' title='bbox 649 2795 776 2837; x_wconf 74' lang='lat' dir='ltr'>suorum.</span> <span class='ocrx_word' id='word_1_408' title='bbox 789 2785 840 2844; x_wconf 82' lang='lat' dir='ltr'>Ne,</span> <span class='ocrx_word' id='word_1_409' title='bbox 850 2799 951 2850; x_wconf 71' lang='lat' dir='ltr'>queso,</span> <span class='ocrx_word' id='word_1_410' title='bbox 964 2781 1070 2832; x_wconf 79' lang='lat' dir='ltr'>excidat</span> <span class='ocrx_word' id='word_1_411' title='bbox 1080 2777 1182 2837; x_wconf 85' lang='lat' dir='ltr'>animo,</span> <span class='ocrx_word' id='word_1_412' title='bbox 1249 2843 1252 2847; x_wconf 80' lang='lat'><strong>.</strong></span> 
     </span>
     <span class='ocr_line' id='line_1_84' title="bbox 649 2847 1184 2926; baseline -0.024 -15"><span class='ocrx_word' id='word_1_413' title='bbox 649 2873 732 2926; x_wconf 76' lang='lat' dir='ltr'>quam</span> <span class='ocrx_word' id='word_1_414' title='bbox 744 2857 935 2922; x_wconf 73' lang='lat' dir='ltr'>adipiscemur,</span> <span class='ocrx_word' id='word_1_415' title='bbox 952 2853 1122 2918; x_wconf 77' lang='lat' dir='ltr'>Angelorum</span> <span class='ocrx_word' id='word_1_416' title='bbox 1141 2847 1184 2897; x_wconf 74' lang='lat' dir='ltr'>si·-</span> 
     </span>
     <span class='ocr_line' id='line_1_85' title="bbox 650 2919 1184 2994; baseline -0.026 -13"><span class='ocrx_word' id='word_1_417' title='bbox 650 2930 787 2989; x_wconf 89' lang='lat' dir='ltr'>militudo,</span> <span class='ocrx_word' id='word_1_418' title='bbox 805 2938 941 2994; x_wconf 86' lang='lat' dir='ltr'>quatenus</span> <span class='ocrx_word' id='word_1_419' title='bbox 957 2925 980 2974; x_wconf 83' lang='lat' dir='ltr'>si</span> <span class='ocrx_word' id='word_1_420' title='bbox 1005 2923 1050 2972; x_wconf 89' lang='lat' dir='ltr'>hic</span> <span class='ocrx_word' id='word_1_421' title='bbox 1069 2929 1116 2970; x_wconf 87' lang='lat' dir='ltr'>aut</span> <span class='ocrx_word' id='word_1_422' title='bbox 1138 2919 1184 2968; x_wconf 84' lang='lat' dir='ltr'>his</span> 
     </span>
     <span class='ocr_line' id='line_1_86' title="bbox 650 2991 1181 3068; baseline -0.026 -16"><span class='ocrx_word' id='word_1_423' title='bbox 650 3016 712 3068; x_wconf 81' lang='lat' dir='ltr'>quae</span> <span class='ocrx_word' id='word_1_424' title='bbox 724 2999 930 3050; x_wconf 77' lang='lat' dir='ltr'>dicnni&#39;mmus</span> <span class='ocrx_word' id='word_1_425' title='bbox 940 2995 1016 3045; x_wconf 85' lang='lat' dir='ltr'>aliud</span> <span class='ocrx_word' id='word_1_426' title='bbox 1026 2991 1181 3056; x_wconf 82' lang='lat' dir='ltr'>exemplum</span> 
     </span>
     <span class='ocr_line' id='line_1_87' title="bbox 651 3068 1183 3133; baseline -0.024 -11"><span class='ocrx_word' id='word_1_427' title='bbox 651 3088 705 3122; x_wconf 92' lang='lat' dir='ltr'>non</span> <span class='ocrx_word' id='word_1_428' title='bbox 720 3070 844 3129; x_wconf 90' lang='lat' dir='ltr'>occurrit,</span> <span class='ocrx_word' id='word_1_429' title='bbox 868 3068 926 3133; x_wconf 85' lang='lat' dir='ltr'>ipsa</span> <span class='ocrx_word' id='word_1_430' title='bbox 946 3073 1076 3122; x_wconf 84' lang='lat' dir='ltr'>occurrat,</span> <span class='ocrx_word' id='word_1_431' title='bbox 1100 3071 1183 3126; x_wconf 87' lang='lat' dir='ltr'>atque</span> 
     </span>
     <span class='ocr_line' id='line_1_88' title="bbox 651 3132 1181 3208; baseline -0.028 -14"><span class='ocrx_word' id='word_1_432' title='bbox 651 3144 680 3194; x_wconf 85' lang='lat' dir='ltr'>in</span> <span class='ocrx_word' id='word_1_433' title='bbox 701 3142 804 3208; x_wconf 81' lang='lat' dir='ltr'>quibus</span> <span class='ocrx_word' id='word_1_434' title='bbox 821 3139 939 3206; x_wconf 80' lang='lat' dir='ltr'>Angelos</span> <span class='ocrx_word' id='word_1_435' title='bbox 952 3137 1039 3188; x_wconf 86' lang='lat' dir='ltr'>valere</span> <span class='ocrx_word' id='word_1_436' title='bbox 1051 3132 1181 3184; x_wconf 80' lang='lat' dir='ltr'>coristiae-</span> 
     </span>
     <span class='ocr_line' id='line_1_89' title="bbox 651 3202 1191 3274; baseline -0.028 -9"><span class='ocrx_word' id='word_1_437' title='bbox 651 3214 696 3274; x_wconf 87' lang='lat' dir='ltr'>cit,</span> <span class='ocrx_word' id='word_1_438' title='bbox 711 3213 791 3264; x_wconf 81' lang='lat' dir='ltr'>etiam</span> <span class='ocrx_word' id='word_1_439' title='bbox 812 3226 865 3261; x_wconf 85' lang='lat' dir='ltr'>nos</span> <span class='ocrx_word' id='word_1_440' title='bbox 880 3223 960 3274; x_wconf 78' lang='lat' dir='ltr'>teque</span> <span class='ocrx_word' id='word_1_441' title='bbox 977 3207 1066 3256; x_wconf 85' lang='lat' dir='ltr'>valere</span> <span class='ocrx_word' id='word_1_442' title='bbox 1083 3202 1191 3270; x_wconf 86' lang='lat' dir='ltr'>probet¹</span> 
     </span>
     <span class='ocr_line' id='line_1_90' title="bbox 651 3273 1247 3348; baseline -0.023 -13"><span class='ocrx_word' id='word_1_443' title='bbox 651 3294 677 3334; x_wconf 88' lang='lat' dir='ltr'>et</span> <span class='ocrx_word' id='word_1_444' title='bbox 693 3291 801 3334; x_wconf 80' lang='lat' dir='ltr'>asserat.</span> <span class='ocrx_word' id='word_1_445' title='bbox 815 3309 846 3320; x_wconf 90' lang='lat'>-</span> <span class='ocrx_word' id='word_1_446' title='bbox 857 3279 1024 3343; x_wconf 85' lang='lat' dir='ltr'>Quicunque</span> <span class='ocrx_word' id='word_1_447' title='bbox 1031 3276 1116 3342; x_wconf 84' lang='lat' dir='ltr'>igitur</span> <span class='ocrx_word' id='word_1_448' title='bbox 1127 3273 1184 3323; x_wconf 80' lang='lat' dir='ltr'>An·</span> <span class='ocrx_word' id='word_1_449' title='bbox 1244 3335 1247 3348; x_wconf 36' lang='grc'>1</span> 
     </span>
     <span class='ocr_line' id='line_1_91' title="bbox 651 3348 1181 3422; baseline -0.025 -16"><span class='ocrx_word' id='word_1_450' title='bbox 651 3356 774 3422; x_wconf 84' lang='lat' dir='ltr'>gelorum</span> <span class='ocrx_word' id='word_1_451' title='bbox 786 3352 891 3404; x_wconf 74' lang='lat' dir='ltr'>tuerint</span> <span class='ocrx_word' id='word_1_452' title='bbox 909 3348 1121 3401; x_wconf 83' lang='lat' dir='ltr'>similitudinem</span> <span class='ocrx_word' id='word_1_453' title='bbox 1135 3359 1181 3394; x_wconf 81' lang='lat' dir='ltr'>as·</span> 
     </span>
     <span class='ocr_line' id='line_1_92' title="bbox 651 3420 1186 3490; baseline -0.022 -12"><span class='ocrx_word' id='word_1_454' title='bbox 651 3426 752 3486; x_wconf 85' lang='lat' dir='ltr'>secuti,</span> <span class='ocrx_word' id='word_1_455' title='bbox 777 3441 872 3475; x_wconf 85' lang='lat' dir='ltr'>eornm</span> <span class='ocrx_word' id='word_1_456' title='bbox 893 3437 1007 3490; x_wconf 86' lang='lat' dir='ltr'>quoque</span> <span class='ocrx_word' id='word_1_457' title='bbox 1031 3420 1186 3469; x_wconf 83' lang='lat' dir='ltr'>libertatem</span> 
     </span>
     <span class='ocr_line' id='line_1_93' title="bbox 652 3488 1181 3562; baseline -0.021 -13"><span class='ocrx_word' id='word_1_458' title='bbox 652 3498 803 3549; x_wconf 79' lang='lat' dir='ltr'>necessario</span> <span class='ocrx_word' id='word_1_459' title='bbox 818 3504 1005 3562; x_wconf 72' lang='lat' dir='ltr'>assequentur,</span> <span class='ocrx_word' id='word_1_460' title='bbox 1029 3493 1124 3557; x_wconf 86' lang='lat' dir='ltr'>Itaque</span> <span class='ocrx_word' id='word_1_461' title='bbox 1140 3488 1181 3539; x_wconf 82' lang='lat' dir='ltr'>si-</span> 
     </span>
     <span class='ocr_line' id='line_1_94' title="bbox 651 3563 1179 3637; baseline -0.019 -15"><span class='ocrx_word' id='word_1_462' title='bbox 651 3582 696 3622; x_wconf 84' lang='lat' dir='ltr'>cut</span> <span class='ocrx_word' id='word_1_463' title='bbox 711 3570 823 3637; x_wconf 68' lang='lat' dir='ltr'>Angelis</span> <span class='ocrx_word' id='word_1_464' title='bbox 837 3569 906 3620; x_wconf 89' lang='lat' dir='ltr'>nihil</span> <span class='ocrx_word' id='word_1_465' title='bbox 917 3566 1036 3626; x_wconf 81' lang='lat' dir='ltr'>obsistit,</span> <span class='ocrx_word' id='word_1_466' title='bbox 1058 3580 1106 3616; x_wconf 92' lang='lat' dir='ltr'>nec</span> <span class='ocrx_word' id='word_1_467' title='bbox 1126 3563 1179 3612; x_wconf 88' lang='lat' dir='ltr'>ali-</span> 
     </span>
     <span class='ocr_line' id='line_1_95' title="bbox 651 3637 1187 3711; baseline -0.019 -18"><span class='ocrx_word' id='word_1_468' title='bbox 651 3644 717 3711; x_wconf 84' lang='lat' dir='ltr'>quid</span> <span class='ocrx_word' id='word_1_469' title='bbox 728 3658 778 3693; x_wconf 83' lang='lat' dir='ltr'>·eos</span> <span class='ocrx_word' id='word_1_470' title='bbox 792 3640 932 3707; x_wconf 84' lang='lat' dir='ltr'>impedire,</span> <span class='ocrx_word' id='word_1_471' title='bbox 946 3640 988 3691; x_wconf 86' lang='lat' dir='ltr'>vel</span> <span class='ocrx_word' id='word_1_472' title='bbox 1002 3637 1187 3700; x_wconf 83' lang='lat' dir='ltr'>constringere</span> 
     </span>
     <span class='ocr_line' id='line_1_96' title="bbox 651 3713 1186 3782; baseline -0.022 -15"><span class='ocrx_word' id='word_1_473' title='bbox 651 3726 748 3782; x_wconf 83' lang='lat' dir='ltr'>potest,</span> <span class='ocrx_word' id='word_1_474' title='bbox 760 3715 829 3781; x_wconf 88' lang='lat' dir='ltr'>quin</span> <span class='ocrx_word' id='word_1_475' title='bbox 851 3729 900 3779; x_wconf 88' lang='lat' dir='ltr'>pro</span> <span class='ocrx_word' id='word_1_476' title='bbox 924 3713 1065 3763; x_wconf 81' lang='lat' dir='ltr'>vellesne</span> <span class='ocrx_word' id='word_1_477' title='bbox 1086 3716 1186 3759; x_wconf 83' lang='lat' dir='ltr'>cuncta</span> 
     </span>
     <span class='ocr_line' id='line_1_97' title="bbox 651 3777 1186 3853; baseline -0.026 -13"><span class='ocrx_word' id='word_1_478' title='bbox 651 3789 789 3840; x_wconf 88' lang='lat' dir='ltr'>liberrime</span> <span class='ocrx_word' id='word_1_479' title='bbox 812 3794 962 3853; x_wconf 79' lang='lat' dir='ltr'>penetrent3</span> <span class='ocrx_word' id='word_1_480' title='bbox 988 3784 1027 3835; x_wconf 88' lang='lat' dir='ltr'>ita</span> <span class='ocrx_word' id='word_1_481' title='bbox 1055 3797 1110 3832; x_wconf 92' lang='lat' dir='ltr'>non</span> <span class='ocrx_word' id='word_1_482' title='bbox 1135 3777 1186 3829; x_wconf 84' lang='lat' dir='ltr'>erit</span> 
     </span>
     <span class='ocr_line' id='line_1_98' title="bbox 650 3856 1186 3922; baseline -0.028 -10"><span class='ocrx_word' id='word_1_483' title='bbox 650 3861 820 3912; x_wconf 87' lang='lat' dir='ltr'>obstaculum</span> <span class='ocrx_word' id='word_1_484' title='bbox 833 3858 921 3909; x_wconf 89' lang='lat' dir='ltr'>ullum</span> <span class='ocrx_word' id='word_1_485' title='bbox 932 3856 1008 3922; x_wconf 90' lang='lat' dir='ltr'>quod</span> <span class='ocrx_word' id='word_1_486' title='bbox 1025 3869 1078 3905; x_wconf 83' lang='lat' dir='ltr'>nos</span> <span class='ocrx_word' id='word_1_487' title='bbox 1098 3859 1186 3900; x_wconf 89' lang='lat' dir='ltr'>retar-</span> 
     </span>
    </p>
   </div>
   <div class='ocr_carea' id='block_1_11' title="bbox 0 0 1319 4328">
    <p class='ocr_par' dir='ltr' id='par_1_12' title="bbox 0 0 1319 4328">
     <span class='ocr_line' id='line_1_99' title="bbox 0 0 1319 4328; baseline 0 0"><span class='ocrx_word' id='word_1_488' title='bbox 0 0 1319 4328; x_wconf 95' lang='lat' dir='ltr'> </span> 
     </span>
    </p>
   </div>
  </div>
 </body>
</html>
