2626 4328
133 231 189 298 624

135 365 189 417 que
202 351 334 413 dolorem,
344 352 447 418 ubique
457 367 589 403 cruorem.
605 351 667 402 Non

135 420 211 472 enim
227 432 268 472 est
279 423 353 474 in'eo
365 424 529 482 membrum,
543 423 586 472 vel
602 437 668 472 sen-

136 511 184 547 sus
196 498 326 563 corporis,
339 497 387 564 qui
401 512 478 547 suam
492 496 667 548 afflictionem

136 577 163 618 et
177 568 370 627 infirmitatem,
384 569 425 618 vel
442 568 595 632 passionem
611 583 667 617 non

137 642 257 691 senserit.
269 640 336 691 Vide
350 640 416 706 quid
431 640 460 689 in
475 641 598 706 quolibet
610 655 670 691 sen·

137 726 179 774 su,
201 712 268 778 quid
291 712 320 762 in
342 712 464 778 qualibet
484 721 557 777 parte
582 711 669 762 susti-

138 783 217 833 nuit:
235 783 264 832 in
278 784 364 849 capite
386 784 487 848 spinas,
515 783 670 833 inauribus

137 854 291 919 opprobria,
312 856 341 904 in
355 856 443 906 oculis
464 855 567 915 fletum,
581 855 611 905 in
621 869 669 905 ore

136 924 171 974 fel
199 935 225 974 et
248 936 360 985 acetum,
389 927 417 976 in
443 927 509 977 facie
531 928 620 992 alapas
642 936 669 976 et

137 1004 224 1060 sputa,
237 995 266 1044 in
281 996 349 1045 collo
363 997 499 1062 colaphos,
514 997 542 1047 in
558 996 670 1047 naribus

137 1066 269 1127 foetorem,
282 1069 346 1134 quia
362 1069 391 1119 in
405 1069 464 1119 loco
482 1085 515 1119 ex
532 1068 669 1119 cadaveri-

138 1143 188 1192 bus
201 1155 327 1209 corrupto
339 1143 391 1194 fuit
403 1143 546 1194 crucifixus
562 1161 569 1193 z
581 1143 669 1193 claros

137 1215 166 1265 in
181 1216 308 1267 manibus
327 1228 355 1267 et
376 1217 500 1282 pedibus,
520 1217 625 1283 flagella
639 1215 668 1264 in

137 1287 227 1347 dorso,
257 1289 375 1338 lanceam
403 1289 432 1338 in
458 1300 574 1354 pectore.
600 1286 670 1346 Quia

136 1357 210 1407 enim
227 1374 313 1425 genus
338 1359 489 1409 humanum
512 1357 670 1409 vulneribus

138 1442 308 1496 peccatorum
325 1429 377 1481 fuit
388 1432 507 1497 plenum,
521 1431 670 1481 secundum

137 1500 204 1550 illud
230 1501 305 1550 lsaiae
326 1518 333 1552 ε
355 1501 440 1551 Omne
461 1508 544 1566 caput
559 1500 671 1565 langui-

138 1571 209 1633 durn,
223 1577 249 1620 et
262 1585 338 1621 omne
349 1585 396 1621 cor
409 1584 531 1634 moerens,
545 1585 563 1620 a
572 1571 673 1634 planta

134 1640 215 1706 pedis
226 1654 309 1705 usqne
322 1640 359 1690 ad
379 1641 502 1691 verticem
517 1654 567 1690 non
586 1645 628 1690 ert
643 1640 672 1689 in

139 1726 170 1764 eo
197 1713 312 1776 sanitas,
342 1713 404 1763 ideo
429 1714 506 1763 Jesus
537 1713 566 1762 in
595 1712 671 1761 omni

138 1792 214 1848 parte
236 1783 355 1848 corporis
374 1781 417 1833 sui
440 1786 530 1850 plagas
544 1783 670 1848 suscepit,

140 1864 171 1903 ut
188 1869 236 1919 per
250 1855 307 1919 ejus
325 1854 424 1905 livores
447 1855 476 1904 in
495 1864 551 1905 toto
565 1868 673 1904 sanare-

141 1939 211 1974 mur.
230 1925 319 1975 Homo
335 1925 407 1975 enim
422 1935 477 1974 erat
496 1923 623 1974 infirmus
642 1924 671 1973 in

140 1997 233 2062 capite,
260 1999 286 2048 id
312 2009 354 2050 est
375 1999 404 2049 in
430 1999 588 2058 intentione,
610 2012 672 2062 quae

140 2080 181 2120 est
196 2082 277 2136 caput
296 2071 404 2132 animae,
422 2072 487 2137 quia
502 2071 546 2121 his
562 2085 623 2138 quae
637 2069 675 2120 fn·

141 2140 226 2191 ciebat
248 2157 301 2192 non
318 2158 409 2193 sanam
430 2142 606 2192 intentionem
628 2141 676 2191 ha

142 2212 228 2262 bebai.
253 2214 316 2264 Erat
336 2212 463 2263 infirmus
486 2212 515 2262 in
535 2211 671 2269 manibus,

141 2282 205 2349 quia
222 2283 337 2335 faciebat
349 2300 430 2350 opera
441 2285 512 2334 mala
525 2284 566 2334 vel
580 2282 676 2332 remis-

141 2370 180 2406 sa.
198 2354 261 2406 Erat
282 2355 407 2406 infirmus
427 2355 456 2405 in
471 2356 593 2422 pedibus,
608 2355 674 2422 quia

142 2425 257 2476 habebat
268 2426 434 2477 affectionem
448 2427 618 2477 immundam
627 2434 675 2476 aut

143 2507 287 2557 terrenam,
312 2500 447 2564 pesenim
463 2499 563 2550 animae
585 2496 676 2549 estal-

142 2565 228 2616 fectus
246 2579 271 2617 et
286 2583 364 2618 amor
376 2571 442 2635 ejus,
454 2570 519 2636 quia
532 2569 601 2619 sicut
612 2583 675 2619 cor-

141 2653 193 2702 pus
208 2639 280 2689 vadit
294 2641 416 2705 pedibus,
438 2642 477 2691 sic
497 2642 586 2691 anima
601 2640 675 2690 radit

142 2707 291 2759 affectibus.
313 2711 377 2760 Erat
397 2710 524 2761 infirmus
541 2711 568 2760 in
584 2711 673 2770 corde,

142 2778 205 2846 quia
220 2780 335 2830 habebat
351 2781 526 2846 cogitationes
541 2781 635 2830 noxias
647 2791 674 2830 et

143 2867 234 2902 ranas.
256 2853 320 2902 Erat
341 2852 465 2903 infirmus
487 2853 515 2902 in
535 2863 593 2903 toto
611 2868 675 2902 cor-

143 2941 218 2992 pore,
246 2925 309 2992 quia
338 2926 454 2976 babebat
479 2937 563 2977 totam
590 2926 674 2977 vitam

143 2996 309 3046 mundanam
327 3008 355 3048 et
375 2997 604 3047 conversationem
629 3012 676 3048 va-

144 3081 216 3117 nam.
232 3067 268 3118 Ut
284 3068 368 3134 igitur
384 3068 512 3139 Christus
530 3069 588 3120 suis
601 3069 676 3120 liro-

143 3139 220 3190 ribus
243 3150 271 3191 et
289 3143 446 3193 vulneribus
468 3158 518 3193 nos
541 3152 676 3202 sanaret,

142 3213 228 3263 voluit
240 3215 374 3264 vulnerari
393 3216 422 3265 in
438 3216 532 3282 capite,
547 3225 577 3265 ut
592 3229 677 3264 sana-

144 3291 184 3331 ret
199 3298 295 3334 omnes
317 3296 422 3335 nostras
441 3287 566 3351 obliquas
582 3285 675 3334 inten-

141 3351 243 3416 tiones;
255 3355 340 3404 voluit
350 3356 486 3406 vulnerari
497 3358 526 3407 in
539 3355 673 3417 manibus,

143 3432 174 3474 ut
196 3438 302 3477 sanaret
316 3438 422 3478 nostras
436 3429 520 3478 malas
534 3439 561 3479 et
574 3428 675 3478 remis-

142 3508 186 3544 sas
199 3497 383 3562 operationem
401 3500 486 3549 voluit
497 3500 629 3549 vulnerari
644 3499 673 3549 in

143 3565 267 3632 pedibus,
280 3579 311 3618 ut
321 3580 426 3619 sanaret
438 3581 543 3621 nostras
555 3569 674 3619 immun-

140 3637 189 3687 das
211 3648 238 3687 et
256 3648 374 3690 terrenas
395 3638 562 3704 affectionem
587 3639 675 3690 voluit

139 3709 273 3760 vulnerari
289 3709 319 3760 in
338 3712 427 3770 corde,
445 3721 475 3762 ut
497 3721 603 3762 sanaret
619 3726 674 3760 no-

139 3781 196 3832 xias
209 3792 236 3832 et
262 3798 345 3833 vanas
369 3785 563 3850 cogitationes3
587 3782 674 3834 voluit

140 3853 267 3920 flagellari
291 3865 317 3906 et
335 3855 470 3907 vulnerari
492 3856 521 3906 in
538 3865 595 3907 totu
611 3871 673 3906 cor-

425 234 602 287 SECUNDAE
616 235 742 287 PARTIS
756 234 874 288 CAPUT
890 236 969 287 va.

721 378 804 428 pore,
830 373 863 414 nt
883 373 989 415 sanaret
1015 373 1101 415 totam
1134 372 1255 415 nostram

721 432 805 484 vitam
841 444 868 485 et
905 436 1148 486 conversationem.
1178 434 1254 487 Unde

722 505 884 555 Bernartius
905 523 913 555 ε
941 523 955 551 u
986 505 1126 565 Meditare,
1152 504 1254 572 inquit,

721 575 882 641 positionem
908 575 1028 640 corporis
1056 574 1203 637 Crucifixi,
1229 584 1255 626 et

720 645 782 695 vide
802 646 824 696 si
844 646 946 712 aliquid
963 657 1003 696 est
1020 646 1048 696 in
1062 660 1094 696 eo
1111 646 1187 712 quod
1200 660 1251 696 non

722 726 828 783 peroret
841 732 889 782 pro
904 727 932 767 te
943 717 976 767 ad
992 716 1107 767 Patrem.
1125 716 1252 767 Divinum

722 789 789 839 illud
823 799 905 854 caput
934 788 1076 854 multiplici
1114 787 1252 853 spinarum

722 860 854 910 densitate
867 861 1045 925 depressatur,
1061 860 1196 925 usquead
1209 870 1252 910 ce-

722 930 793 980 rebri
816 931 1024 980 teneritudinem
1047 928 1187 980 confixum
1206 939 1252 980 est.

722 1001 763 1051 Ad
790 1002 855 1067 quid
884 1001 959 1051 hoc?
986 1002 1025 1052 Ne
1050 1001 1155 1051 doleret
1177 1009 1254 1067 caput

722 1081 809 1132 tuum,
824 1086 859 1121 ne
872 1082 918 1121 tua
932 1072 1118 1122 vulneraretur
1132 1068 1252 1121 intentio.

723 1142 912 1209 caligaverunt
932 1142 960 1191 in
975 1153 1061 1192 morte
1074 1141 1148 1192 oculi
1163 1140 1216 1201 sui,
1228 1150 1253 1191 et

723 1213 769 1263 illa
783 1213 927 1263 luminaria
949 1228 1054 1279 magna,
1070 1227 1133 1279 quae
1152 1210 1253 1263 illumi-

724 1295 790 1335 nant
814 1287 926 1345 orbem,
954 1287 987 1335 ad
1014 1285 1111 1334 horam
1127 1283 1254 1334 exstincta

724 1366 796 1406 sunt.
816 1357 911 1405 Nonne
931 1356 986 1406 illis
1007 1353 1253 1412 obtenebrantibus,

724 1427 841 1477 tenebm
852 1427 940 1492 sacta
961 1433 1023 1477 sunt
1047 1440 1131 1491 snper
1146 1425 1253 1476 uinta-

724 1511 783 1547 smn
804 1503 912 1561 terram,
936 1509 962 1548 et
981 1498 1025 1547 illa
1041 1498 1096 1546 duo
1114 1494 1256 1546 luminaria

725 1583 823 1634 magna
848 1584 910 1619 cum
936 1569 990 1619 illis
1010 1562 1255 1618 luminaribus'se-

726 1651 799 1689 mota
819 1646 903 1690 sunt!
926 1641 982 1690 Hoc
1005 1650 1094 1690 autem
1114 1648 1205 1689 totum
1217 1636 1256 1687 ia·

725 1723 797 1762 ctum
813 1724 862 1772 est,
877 1723 907 1763 ut
924 1722 1108 1764 averterentur
1122 1710 1196 1762 oculi
1208 1708 1255 1769 tui,

725 1798 759 1833 ne
775 1782 900 1835 viderent
912 1785 1067 1842 vanitatem,
1084 1791 1113 1832 et
1133 1781 1158 1832 si
1183 1779 1258 1832 vide·

726 1865 796 1915 rent,
822 1871 878 1904 non
901 1856 1076 1904 adhaererent.
1100 1853 1188 1902 Aures
1206 1850 1258 1902 tlte

725 1939 787 1990 quae
813 1924 843 1974 in
867 1926 941 1976 coelis
966 1924 1081 1975 audiunt
1102 1940 1109 1973 ε
1128 1922 1256 1985 Sanctus,

725 2001 835 2046 sanctus
844 2034 853 2059 ,
872 2003 982 2046 sanctas
1007 1995 1158 2056 Dominus,
1184 1992 1260 2043 Dent

725 2068 871 2126 Sabbaotit,
885 2070 1030 2120 audierunt
1048 2068 1076 2117 in
1089 2078 1161 2117 terra
1173 2065 1259 2117 daemo

726 2141 861 2193 niacorum
878 2158 977 2193 voces:
1001 2141 1086 2203 Tolle,
1101 2140 1168 2192 tolle
1173 2156 1184 2204 ,·
1202 2153 1260 2191 crat·

726 2214 816 2282 cifige,
835 2214 975 2281 crucifige.
990 2212 1094 2280 thuid
1111 2210 1205 2262 istud?
1220 2209 1260 2260 Ne

726 2299 804 2335 aures
828 2294 883 2334 tuae
902 2284 1126 2334 obsurdescerent
1146 2281 1181 2332 ad
1202 2281 1259 2331 da-

727 2371 829 2406 morem
844 2356 979 2422 pauperis,
998 2370 1031 2405 ne
1047 2354 1200 2420 reciperent
1210 2366 1260 2403 an·

727 2430 814 2480 ditum
825 2445 936 2488 vanum,
948 2443 980 2478 ne
989 2426 1164 2478 detractionis
1177 2424 1259 2483 virus,

727 2503 827 2568 apertis
850 2503 933 2568 poris,
954 2514 1150 2567 usquequaque
1171 2495 1260 2549 susci·

728 2584 830 2639 perent
847 2573 976 2639 Speciosa
991 2573 1038 2622 illa
1051 2570 1132 2621 facies
1146 2568 1261 2638 speciosi

721 2644 818 2709 forma
835 2658 897 2710 pra·
914 2644 987 2710 filiis
1009 2642 1154 2705 hominurn,
1174 2638 1262 2706 sputis

727 2715 801 2765 illata
822 2726 872 2773 est,
889 2715 986 2765 afflicta
1005 2712 1135 2778 colaphis,
1157 2710 1261 2763 addicta

727 2784 923 2835 delusionibus.
939 2784 1028 2844 Quare
1045 2782 1118 2832 hoc?
1129 2782 1167 2833 Ut
1180 2780 1263 2832 facies

727 2865 774 2905 tua
788 2855 992 2914 illuminaretur,
1017 2853 1170 2905 illuminata
1192 2866 1262 2903 con·

727 2925 887 2988 firmaretur,
899 2937 926 2976 et
939 2926 1073 2975 diceretur
1085 2924 1119 2974 de
1130 2935 1159 2974 te
1172 2940 1181 2974 e
1200 2921 1263 2973 Vns

728 3003 772 3047 tus
796 2996 871 3046 illins
901 3011 952 3046 non
984 3002 1046 3046 sunt
1080 2994 1200 3061 amplius
1233 2993 1262 3043 rit

727 3067 835 3118 diversa
856 3068 959 3117 metati.
975 3067 1014 3117 Os
1030 3067 1097 3117 illud
1111 3065 1186 3132 quod
1199 3064 1263 3114 Arr-

727 3140 800 3204 gelos
813 3138 899 3200 docet,
916 3138 1040 3188 homines
1055 3135 1178 3195 instruit,
1185 3134 1262 3202 quod

727 3209 803 3258 dixit
819 3215 845 3258 et
858 3209 941 3274 sacta
965 3214 1036 3269 sunt,
1060 3207 1122 3257 felle
1136 3216 1262 3272 potattun

727 3292 769 3332 est
782 3292 810 3332 et
822 3291 904 3332 aceto.
921 3283 973 3332 Sed
994 3282 1047 3332 boc
1061 3280 1163 3331 facturn
1174 3288 1218 3330 eat
1230 3288 1262 3329 ut

726 3353 865 3404 veritatem
877 3365 904 3403 et
916 3352 1047 3419 iudicium
1059 3354 1218 3418 loqueretur
1228 3363 1263 3400 os

727 3435 830 3487 tuum,
858 3434 884 3474 et
910 3423 1082 3474 confiteretur
1112 3422 1263 3473 Dominum

727 3497 814 3546 Deum
828 3511 918 3546 suum.
933 3497 1029 3545 Manus
1047 3495 1100 3545 illae
1113 3508 1178 3562 quae
1190 3492 1263 3545 lun-

727 3567 858 3616 daverunt
884 3567 974 3625 coelos,
1002 3575 1118 3614 extensae
1141 3572 1207 3615 sunt
1231 3563 1263 3614 in

727 3654 813 3698 cruce,
828 3638 964 3705 clarisque
976 3637 1197 3687 transumens:
1206 3635 1263 3686 dn-

727 3709 853 3769 rissimis,
867 3719 898 3759 ut
911 3723 1007 3757 manus
1020 3719 1074 3758 tuae
1087 3706 1264 3757 extenderen-

726 3792 772 3833 tur
784 3782 817 3832 ad
831 3781 949 3846 inopem.
966 3779 1060 3830 Pectus
1072 3778 1151 3838 illud,
1166 3778 1195 3829 in
1207 3790 1263 3844 quo

727 3861 898 3906 tunionem
921 3852 1042 3903 thesauri
1067 3851 1212 3918 sapientie
1231 3854 1261 3901 et
