<?xml version="1.0" encoding="UTF-8"?>
<!DOCTYPE html PUBLIC "-//W3C//DTD XHTML 1.0 Transitional//EN"
    "http://www.w3.org/TR/xhtml1/DTD/xhtml1-transitional.dtd">
<html xmlns="http://www.w3.org/1999/xhtml" xml:lang="en" lang="en">
 <head>
  <title>
</title>
<meta http-equiv="Content-Type" content="text/html;charset=utf-8" />
  <meta name='ocr-system' content='tesseract 3.04.00' />
  <meta name='ocr-capabilities' content='ocr_page ocr_carea ocr_par ocr_line ocrx_word'/>
</head>
<body>
  <div class='ocr_page' id='page_1' title='image "./vitajesuchristi00rigogoog_0089.png"; bbox 0 0 2626 4328; ppageno 0'>
   <div class='ocr_carea' id='block_1_1' title="bbox 90 191 144 257">
    <p class='ocr_par' dir='ltr' id='par_1_1' title="bbox 90 191 144 257">
     <span class='ocr_line' id='line_1_1' title="bbox 90 191 144 257; baseline -0.037 -13"><span class='ocrx_word' id='word_1_1' title='bbox 90 191 144 257; x_wconf 82' lang='lat'>534</span> 
     </span>
    </p>
   </div>
   <div class='ocr_carea' id='block_1_2' title="bbox 35 301 629 2934">
    <p class='ocr_par' dir='ltr' id='par_1_2' title="bbox 35 301 629 2934">
     <span class='ocr_line' id='line_1_2' title="bbox 90 301 621 370; baseline -0.015 -11"><span class='ocrx_word' id='word_1_2' title='bbox 90 317 168 370; x_wconf 88' lang='lat' dir='ltr'>sunt;</span> <span class='ocrx_word' id='word_1_3' title='bbox 183 305 231 357; x_wconf 90' lang='lat' dir='ltr'>ubi</span> <span class='ocrx_word' id='word_1_4' title='bbox 244 314 334 356; x_wconf 84' lang='lat' dir='ltr'>autem</span> <span class='ocrx_word' id='word_1_5' title='bbox 348 312 389 355; x_wconf 90' lang='lat' dir='ltr'>est</span> <span class='ocrx_word' id='word_1_6' title='bbox 402 304 489 364; x_wconf 82' lang='lat' dir='ltr'>iesus,</span> <span class='ocrx_word' id='word_1_7' title='bbox 504 301 542 352; x_wconf 91' lang='lat' dir='ltr'>ibi</span> <span class='ocrx_word' id='word_1_8' title='bbox 556 310 621 352; x_wconf 89' lang='lat' dir='ltr'>sunt</span> 
     </span>
     <span class='ocr_line' id='line_1_3' title="bbox 90 372 621 442; baseline -0.015 -11"><span class='ocrx_word' id='word_1_9' title='bbox 90 378 183 432; x_wconf 88' lang='lat' dir='ltr'>omnia</span> <span class='ocrx_word' id='word_1_10' title='bbox 193 378 264 427; x_wconf 90' lang='lat' dir='ltr'>bona</span> <span class='ocrx_word' id='word_1_11' title='bbox 273 385 353 442; x_wconf 79' lang='lat' dir='ltr'>etpax</span> <span class='ocrx_word' id='word_1_12' title='bbox 366 391 373 426; x_wconf 76' lang='grc' dir='ltr'><strong>ι</strong></span> <span class='ocrx_word' id='word_1_13' title='bbox 384 394 397 422; x_wconf 77' lang='lat' dir='ltr'>n</span> <span class='ocrx_word' id='word_1_14' title='bbox 408 375 466 425; x_wconf 87' lang='lat' dir='ltr'>haec</span> <span class='ocrx_word' id='word_1_15' title='bbox 478 372 621 440; x_wconf 78' lang='lat' dir='ltr'><strong><em>Origenes.</em></strong></span> 
     </span>
     <span class='ocr_line' id='line_1_4' title="bbox 89 444 623 515; baseline -0.013 -16"><span class='ocrx_word' id='word_1_16' title='bbox 89 447 272 515; x_wconf 83' lang='lat' dir='ltr'>Spiritualiter</span> <span class='ocrx_word' id='word_1_17' title='bbox 291 446 375 496; x_wconf 91' lang='lat' dir='ltr'>homo</span> <span class='ocrx_word' id='word_1_18' title='bbox 392 444 499 495; x_wconf 88' lang='lat' dir='ltr'>vinctus</span> <span class='ocrx_word' id='word_1_19' title='bbox 515 453 555 493; x_wconf 93' lang='lat' dir='ltr'>est</span> <span class='ocrx_word' id='word_1_20' title='bbox 575 459 623 510; x_wconf 90' lang='lat' dir='ltr'>per</span> 
     </span>
     <span class='ocr_line' id='line_1_5' title="bbox 35 515 624 586; baseline -0.012 -16"><span class='ocrx_word' id='word_1_21' title='bbox 35 525 38 533; x_wconf 86' lang='lat'>&#39;</span> <span class='ocrx_word' id='word_1_22' title='bbox 92 530 228 586; x_wconf 88' lang='lat' dir='ltr'>peccatum</span> <span class='ocrx_word' id='word_1_23' title='bbox 248 526 274 567; x_wconf 90' lang='lat' dir='ltr'>et</span> <span class='ocrx_word' id='word_1_24' title='bbox 294 515 397 582; x_wconf 86' lang='lat' dir='ltr'>positus</span> <span class='ocrx_word' id='word_1_25' title='bbox 414 515 443 565; x_wconf 91' lang='lat' dir='ltr'>in</span> <span class='ocrx_word' id='word_1_26' title='bbox 463 530 566 565; x_wconf 90' lang='lat' dir='ltr'>carcere</span> <span class='ocrx_word' id='word_1_27' title='bbox 579 529 624 564; x_wconf 87' lang='lat' dir='ltr'>se-</span> 
     </span>
     <span class='ocr_line' id='line_1_6' title="bbox 92 584 623 652; baseline -0.015 -11"><span class='ocrx_word' id='word_1_28' title='bbox 92 589 212 642; x_wconf 90' lang='lat' dir='ltr'>cundum</span> <span class='ocrx_word' id='word_1_29' title='bbox 223 593 319 652; x_wconf 80' lang='lat' dir='ltr'>corpus</span> <span class='ocrx_word' id='word_1_30' title='bbox 328 594 355 635; x_wconf 89' lang='lat' dir='ltr'>et</span> <span class='ocrx_word' id='word_1_31' title='bbox 365 584 495 645; x_wconf 89' lang='lat' dir='ltr'>animam,</span> <span class='ocrx_word' id='word_1_32' title='bbox 505 585 541 634; x_wconf 88' lang='lat' dir='ltr'>ita</span> <span class='ocrx_word' id='word_1_33' title='bbox 549 584 623 650; x_wconf 91' lang='lat' dir='ltr'>quod</span> 
     </span>
     <span class='ocr_line' id='line_1_7' title="bbox 91 655 622 721; baseline -0.015 -9"><span class='ocrx_word' id='word_1_34' title='bbox 91 661 146 712; x_wconf 88' lang='lat' dir='ltr'>sint</span> <span class='ocrx_word' id='word_1_35' title='bbox 159 661 214 711; x_wconf 93' lang='lat' dir='ltr'>duo</span> <span class='ocrx_word' id='word_1_36' title='bbox 236 656 320 707; x_wconf 89' lang='lat' dir='ltr'>vincti</span> <span class='ocrx_word' id='word_1_37' title='bbox 335 672 343 706; x_wconf 74' lang='grc' dir='ltr'>ι</span> <span class='ocrx_word' id='word_1_38' title='bbox 358 671 456 721; x_wconf 90' lang='lat' dir='ltr'>corpus</span> <span class='ocrx_word' id='word_1_39' title='bbox 475 665 502 705; x_wconf 88' lang='lat' dir='ltr'>et</span> <span class='ocrx_word' id='word_1_40' title='bbox 523 655 622 705; x_wconf 87' lang='lat' dir='ltr'>anima.</span> 
     </span>
     <span class='ocr_line' id='line_1_8' title="bbox 91 728 624 788; baseline -0.015 -3"><span class='ocrx_word' id='word_1_41' title='bbox 91 735 142 785; x_wconf 88' lang='lat' dir='ltr'>Sed</span> <span class='ocrx_word' id='word_1_42' title='bbox 168 734 200 782; x_wconf 90' lang='lat' dir='ltr'>de</span> <span class='ocrx_word' id='word_1_43' title='bbox 222 730 266 780; x_wconf 92' lang='lat' dir='ltr'>his</span> <span class='ocrx_word' id='word_1_44' title='bbox 288 744 360 779; x_wconf 89' lang='lat' dir='ltr'>unus</span> <span class='ocrx_word' id='word_1_45' title='bbox 382 737 497 788; x_wconf 85' lang='lat' dir='ltr'>tantum,</span> <span class='ocrx_word' id='word_1_46' title='bbox 520 728 550 778; x_wconf 92' lang='lat' dir='ltr'>in</span> <span class='ocrx_word' id='word_1_47' title='bbox 572 728 624 778; x_wconf 90' lang='lat' dir='ltr'>hoc</span> 
     </span>
     <span class='ocr_line' id='line_1_9' title="bbox 92 799 623 868; baseline -0.011 -12"><span class='ocrx_word' id='word_1_48' title='bbox 92 804 194 856; x_wconf 90' lang='lat' dir='ltr'>mundo</span> <span class='ocrx_word' id='word_1_49' title='bbox 208 800 315 852; x_wconf 87' lang='lat' dir='ltr'>liberari</span> <span class='ocrx_word' id='word_1_50' title='bbox 337 810 425 868; x_wconf 88' lang='lat' dir='ltr'>potest</span> <span class='ocrx_word' id='word_1_51' title='bbox 441 817 448 852; x_wconf 90' lang='lat'>:</span> <span class='ocrx_word' id='word_1_52' title='bbox 464 800 555 851; x_wconf 87' lang='lat' dir='ltr'>anima</span> <span class='ocrx_word' id='word_1_53' title='bbox 569 799 623 851; x_wconf 89' lang='lat' dir='ltr'>sci-</span> 
     </span>
     <span class='ocr_line' id='line_1_10' title="bbox 91 871 624 940; baseline -0.013 -13"><span class='ocrx_word' id='word_1_54' title='bbox 91 877 152 927; x_wconf 91' lang='lat' dir='ltr'>licet</span> <span class='ocrx_word' id='word_1_55' title='bbox 166 872 264 940; x_wconf 90' lang='lat' dir='ltr'>poterit</span> <span class='ocrx_word' id='word_1_56' title='bbox 280 871 398 932; x_wconf 88' lang='lat' dir='ltr'>liberari,</span> <span class='ocrx_word' id='word_1_57' title='bbox 414 871 437 923; x_wconf 91' lang='lat' dir='ltr'>si</span> <span class='ocrx_word' id='word_1_58' title='bbox 453 880 543 922; x_wconf 87' lang='lat' dir='ltr'>tamen</span> <span class='ocrx_word' id='word_1_59' title='bbox 563 886 624 921; x_wconf 87' lang='lat' dir='ltr'>cor·</span> 
     </span>
     <span class='ocr_line' id='line_1_11' title="bbox 92 943 624 1014; baseline -0.008 -16"><span class='ocrx_word' id='word_1_60' title='bbox 92 963 142 1014; x_wconf 92' lang='lat' dir='ltr'>pus</span> <span class='ocrx_word' id='word_1_61' title='bbox 166 945 333 1012; x_wconf 77' lang='lat' dir='ltr'>poenitentioe</span> <span class='ocrx_word' id='word_1_62' title='bbox 356 954 383 995; x_wconf 91' lang='lat' dir='ltr'>et</span> <span class='ocrx_word' id='word_1_63' title='bbox 404 943 517 1010; x_wconf 88' lang='lat' dir='ltr'>flagellis</span> <span class='ocrx_word' id='word_1_64' title='bbox 539 959 624 1009; x_wconf 89' lang='lat' dir='ltr'>expo-</span> 
     </span>
     <span class='ocr_line' id='line_1_12' title="bbox 93 1015 625 1081; baseline -0.011 -11"><span class='ocrx_word' id='word_1_65' title='bbox 93 1029 182 1078; x_wconf 90' lang='lat' dir='ltr'>natur,</span> <span class='ocrx_word' id='word_1_66' title='bbox 197 1016 235 1067; x_wconf 91' lang='lat' dir='ltr'>sic</span> <span class='ocrx_word' id='word_1_67' title='bbox 255 1015 329 1066; x_wconf 91' lang='lat' dir='ltr'>enim</span> <span class='ocrx_word' id='word_1_68' title='bbox 347 1015 466 1066; x_wconf 87' lang='lat' dir='ltr'>animam</span> <span class='ocrx_word' id='word_1_69' title='bbox 479 1030 494 1066; x_wconf 90' lang='lat' dir='ltr'>a</span> <span class='ocrx_word' id='word_1_70' title='bbox 508 1016 584 1081; x_wconf 91' lang='lat' dir='ltr'>culpa</span> <span class='ocrx_word' id='word_1_71' title='bbox 599 1025 625 1065; x_wconf 88' lang='lat' dir='ltr'>et</span> 
     </span>
     <span class='ocr_line' id='line_1_13' title="bbox 91 1085 625 1154; baseline -0.011 -14"><span class='ocrx_word' id='word_1_72' title='bbox 91 1105 107 1140; x_wconf 88' lang='lat' dir='ltr'>a</span> <span class='ocrx_word' id='word_1_73' title='bbox 127 1103 206 1154; x_wconf 85' lang='lat' dir='ltr'>poena</span> <span class='ocrx_word' id='word_1_74' title='bbox 225 1087 334 1149; x_wconf 81' lang='lat' dir='ltr'>liberat3</span> <span class='ocrx_word' id='word_1_75' title='bbox 349 1085 373 1136; x_wconf 88' lang='lat' dir='ltr'>si</span> <span class='ocrx_word' id='word_1_76' title='bbox 391 1101 454 1137; x_wconf 89' lang='lat' dir='ltr'>vero</span> <span class='ocrx_word' id='word_1_77' title='bbox 469 1100 566 1150; x_wconf 88' lang='lat' dir='ltr'>corpus</span> <span class='ocrx_word' id='word_1_78' title='bbox 589 1085 625 1134; x_wconf 91' lang='lat' dir='ltr'>li-</span> 
     </span>
     <span class='ocr_line' id='line_1_14' title="bbox 92 1154 627 1217; baseline -0.009 -8"><span class='ocrx_word' id='word_1_79' title='bbox 92 1160 209 1217; x_wconf 87' lang='lat' dir='ltr'>beretur,</span> <span class='ocrx_word' id='word_1_80' title='bbox 226 1156 314 1206; x_wconf 88' lang='lat' dir='ltr'>adhuc</span> <span class='ocrx_word' id='word_1_81' title='bbox 329 1155 450 1206; x_wconf 87' lang='lat' dir='ltr'>manebit</span> <span class='ocrx_word' id='word_1_82' title='bbox 467 1155 556 1205; x_wconf 89' lang='lat' dir='ltr'>vincta</span> <span class='ocrx_word' id='word_1_83' title='bbox 570 1154 627 1205; x_wconf 88' lang='lat' dir='ltr'>ani-</span> 
     </span>
     <span class='ocr_line' id='line_1_15' title="bbox 93 1224 626 1294; baseline -0.006 -14"><span class='ocrx_word' id='word_1_84' title='bbox 93 1245 146 1291; x_wconf 89' lang='lat' dir='ltr'>ma,</span> <span class='ocrx_word' id='word_1_85' title='bbox 163 1239 190 1279; x_wconf 93' lang='lat' dir='ltr'>et</span> <span class='ocrx_word' id='word_1_86' title='bbox 208 1226 349 1294; x_wconf 82' lang='lat' dir='ltr'>suppliciis</span> <span class='ocrx_word' id='word_1_87' title='bbox 366 1242 396 1278; x_wconf 90' lang='lat' dir='ltr'>ac</span> <span class='ocrx_word' id='word_1_88' title='bbox 417 1224 528 1292; x_wconf 83' lang='lat' dir='ltr'>flagellis</span> <span class='ocrx_word' id='word_1_89' title='bbox 542 1242 626 1292; x_wconf 88' lang='lat' dir='ltr'>expo·</span> 
     </span>
     <span class='ocr_line' id='line_1_16' title="bbox 93 1295 626 1353; baseline -0.009 0"><span class='ocrx_word' id='word_1_90' title='bbox 93 1312 171 1353; x_wconf 90' lang='lat' dir='ltr'>netur</span> <span class='ocrx_word' id='word_1_91' title='bbox 184 1295 292 1352; x_wconf 74' lang='lat' dir='ltr'>aetc&#39;rnis</span> <span class='ocrx_word' id='word_1_92' title='bbox 314 1317 321 1351; x_wconf 77' lang='grc' dir='ltr'><em>ι</em></span> <span class='ocrx_word' id='word_1_93' title='bbox 342 1308 369 1350; x_wconf 89' lang='lat' dir='ltr'>et</span> <span class='ocrx_word' id='word_1_94' title='bbox 387 1299 448 1350; x_wconf 88' lang='lat' dir='ltr'>ideo</span> <span class='ocrx_word' id='word_1_95' title='bbox 467 1299 564 1350; x_wconf 88' lang='lat' dir='ltr'>mellus</span> <span class='ocrx_word' id='word_1_96' title='bbox 586 1308 626 1349; x_wconf 89' lang='lat' dir='ltr'>est</span> 
     </span>
     <span class='ocr_line' id='line_1_17' title="bbox 92 1373 626 1443; baseline -0.006 -17"><span class='ocrx_word' id='word_1_97' title='bbox 92 1376 165 1443; x_wconf 91' lang='lat' dir='ltr'>quod</span> <span class='ocrx_word' id='word_1_98' title='bbox 179 1375 270 1426; x_wconf 84' lang='lat' dir='ltr'>anima</span> <span class='ocrx_word' id='word_1_99' title='bbox 282 1373 412 1424; x_wconf 85' lang='lat' dir='ltr'>liberetur</span> <span class='ocrx_word' id='word_1_100' title='bbox 425 1388 506 1440; x_wconf 87' lang='lat' dir='ltr'>quam</span> <span class='ocrx_word' id='word_1_101' title='bbox 518 1388 626 1439; x_wconf 90' lang='lat' dir='ltr'>corpus,</span> 
     </span>
     <span class='ocr_line' id='line_1_18' title="bbox 93 1444 627 1512; baseline -0.006 -16"><span class='ocrx_word' id='word_1_102' title='bbox 93 1446 158 1512; x_wconf 86' lang='lat' dir='ltr'>quia</span> <span class='ocrx_word' id='word_1_103' title='bbox 172 1446 195 1495; x_wconf 93' lang='lat' dir='ltr'>si</span> <span class='ocrx_word' id='word_1_104' title='bbox 210 1459 307 1511; x_wconf 89' lang='lat' dir='ltr'>corpus</span> <span class='ocrx_word' id='word_1_105' title='bbox 322 1444 496 1510; x_wconf 84' lang='lat' dir='ltr'>suspenditur</span> <span class='ocrx_word' id='word_1_106' title='bbox 507 1444 535 1494; x_wconf 93' lang='lat' dir='ltr'>in</span> <span class='ocrx_word' id='word_1_107' title='bbox 550 1458 627 1494; x_wconf 88' lang='lat' dir='ltr'>cruce</span> 
     </span>
     <span class='ocr_line' id='line_1_19' title="bbox 94 1515 627 1584; baseline -0.009 -15"><span class='ocrx_word' id='word_1_108' title='bbox 94 1517 268 1584; x_wconf 79' lang='lat' dir='ltr'>poenitentiae,</span> <span class='ocrx_word' id='word_1_109' title='bbox 282 1526 347 1566; x_wconf 92' lang='lat' dir='ltr'>tunc</span> <span class='ocrx_word' id='word_1_110' title='bbox 367 1516 485 1566; x_wconf 88' lang='lat' dir='ltr'>animam</span> <span class='ocrx_word' id='word_1_111' title='bbox 502 1515 627 1567; x_wconf 86' lang='lat' dir='ltr'>liberabit</span> 
     </span>
     <span class='ocr_line' id='line_1_20' title="bbox 92 1584 626 1651; baseline -0.007 -13"><span class='ocrx_word' id='word_1_112' title='bbox 92 1604 107 1638; x_wconf 88' lang='lat' dir='ltr'>a</span> <span class='ocrx_word' id='word_1_113' title='bbox 131 1596 225 1637; x_wconf 84' lang='lat' dir='ltr'>morte.</span> <span class='ocrx_word' id='word_1_114' title='bbox 254 1586 332 1636; x_wconf 87' lang='lat' dir='ltr'><strong>Unde</strong></span> <span class='ocrx_word' id='word_1_115' title='bbox 355 1586 508 1651; x_wconf 79' lang='lat' dir='ltr'>Gregorius</span> <span class='ocrx_word' id='word_1_116' title='bbox 529 1602 537 1636; x_wconf 90' lang='grc'>.·</span> <span class='ocrx_word' id='word_1_117' title='bbox 561 1603 575 1631; x_wconf 83' lang='lat' dir='ltr'>u</span> <span class='ocrx_word' id='word_1_118' title='bbox 597 1584 626 1634; x_wconf 88' lang='lat' dir='ltr'>Si</span> 
     </span>
     <span class='ocr_line' id='line_1_21' title="bbox 95 1657 626 1725; baseline -0.004 -16"><span class='ocrx_word' id='word_1_119' title='bbox 95 1675 199 1725; x_wconf 85' lang='lat' dir='ltr'>magnae</span> <span class='ocrx_word' id='word_1_120' title='bbox 212 1658 343 1708; x_wconf 87' lang='lat' dir='ltr'>mercedis</span> <span class='ocrx_word' id='word_1_121' title='bbox 355 1667 395 1708; x_wconf 87' lang='lat' dir='ltr'>est</span> <span class='ocrx_word' id='word_1_122' title='bbox 408 1657 510 1724; x_wconf 90' lang='lat' dir='ltr'>eripere</span> <span class='ocrx_word' id='word_1_123' title='bbox 524 1673 626 1709; x_wconf 87' lang='lat' dir='ltr'>amor-</span> 
     </span>
     <span class='ocr_line' id='line_1_22' title="bbox 93 1730 627 1797; baseline -0.004 -15"><span class='ocrx_word' id='word_1_124' title='bbox 93 1742 120 1782; x_wconf 92' lang='lat' dir='ltr'>te</span> <span class='ocrx_word' id='word_1_125' title='bbox 136 1747 244 1781; x_wconf 87' lang='lat' dir='ltr'>carnem</span> <span class='ocrx_word' id='word_1_126' title='bbox 268 1731 438 1790; x_wconf 87' lang='lat' dir='ltr'>morituram,</span> <span class='ocrx_word' id='word_1_127' title='bbox 452 1730 547 1797; x_wconf 89' lang='lat' dir='ltr'>quanti</span> <span class='ocrx_word' id='word_1_128' title='bbox 566 1746 627 1781; x_wconf 91' lang='lat' dir='ltr'>me-</span> 
     </span>
     <span class='ocr_line' id='line_1_23' title="bbox 94 1801 627 1853; baseline 0 -1"><span class='ocrx_word' id='word_1_129' title='bbox 94 1801 138 1852; x_wconf 90' lang='lat' dir='ltr'>riti</span> <span class='ocrx_word' id='word_1_130' title='bbox 162 1812 202 1852; x_wconf 93' lang='lat' dir='ltr'>est</span> <span class='ocrx_word' id='word_1_131' title='bbox 225 1802 338 1852; x_wconf 88' lang='lat' dir='ltr'>liberare</span> <span class='ocrx_word' id='word_1_132' title='bbox 363 1801 483 1852; x_wconf 90' lang='lat' dir='ltr'>animam</span> <span class='ocrx_word' id='word_1_133' title='bbox 507 1801 535 1851; x_wconf 94' lang='lat' dir='ltr'>in</span> <span class='ocrx_word' id='word_1_134' title='bbox 559 1802 627 1853; x_wconf 74' lang='lat' dir='ltr'>coelo</span> 
     </span>
     <span class='ocr_line' id='line_1_24' title="bbox 94 1872 627 1925; baseline -0.006 0"><span class='ocrx_word' id='word_1_135' title='bbox 94 1873 153 1925; x_wconf 90' lang='lat' dir='ltr'>sine</span> <span class='ocrx_word' id='word_1_136' title='bbox 173 1873 228 1922; x_wconf 89' lang='lat' dir='ltr'>fine</span> <span class='ocrx_word' id='word_1_137' title='bbox 248 1872 398 1923; x_wconf 81' lang='lat' dir='ltr'>victuram?</span> <span class='ocrx_word' id='word_1_138' title='bbox 418 1892 433 1921; x_wconf 86' lang='lat'>»</span> <span class='ocrx_word' id='word_1_139' title='bbox 454 1873 496 1922; x_wconf 85' lang='lat' dir='ltr'>Ad</span> <span class='ocrx_word' id='word_1_140' title='bbox 517 1872 627 1922; x_wconf 86' lang='lat' dir='ltr'>confor-</span> 
     </span>
     <span class='ocr_line' id='line_1_25' title="bbox 94 1941 627 2008; baseline -0.004 -14"><span class='ocrx_word' id='word_1_141' title='bbox 94 1944 224 1994; x_wconf 87' lang='lat' dir='ltr'>mandum</span> <span class='ocrx_word' id='word_1_142' title='bbox 247 1958 275 1993; x_wconf 90' lang='lat' dir='ltr'>se</span> <span class='ocrx_word' id='word_1_143' title='bbox 295 1942 359 1993; x_wconf 92' lang='lat' dir='ltr'>huic</span> <span class='ocrx_word' id='word_1_144' title='bbox 379 1941 501 2002; x_wconf 90' lang='lat' dir='ltr'>articulo,</span> <span class='ocrx_word' id='word_1_145' title='bbox 522 1941 627 2008; x_wconf 84' lang='lat' dir='ltr'>recogi-</span> 
     </span>
     <span class='ocr_line' id='line_1_26' title="bbox 94 2015 627 2081; baseline -0.004 -15"><span class='ocrx_word' id='word_1_146' title='bbox 94 2025 132 2066; x_wconf 88' lang='lat' dir='ltr'>tet</span> <span class='ocrx_word' id='word_1_147' title='bbox 152 2015 236 2065; x_wconf 91' lang='lat' dir='ltr'>homo</span> <span class='ocrx_word' id='word_1_148' title='bbox 257 2015 281 2065; x_wconf 91' lang='lat' dir='ltr'>si</span> <span class='ocrx_word' id='word_1_149' title='bbox 304 2015 363 2081; x_wconf 90' lang='lat' dir='ltr'>ipse</span> <span class='ocrx_word' id='word_1_150' title='bbox 385 2030 506 2081; x_wconf 89' lang='lat' dir='ltr'>unquam</span> <span class='ocrx_word' id='word_1_151' title='bbox 529 2015 627 2064; x_wconf 87' lang='lat' dir='ltr'>Barra-</span> 
     </span>
     <span class='ocr_line' id='line_1_27' title="bbox 95 2084 627 2151; baseline -0.002 -16"><span class='ocrx_word' id='word_1_152' title='bbox 95 2086 157 2136; x_wconf 88' lang='lat' dir='ltr'>bam</span> <span class='ocrx_word' id='word_1_153' title='bbox 174 2085 283 2136; x_wconf 89' lang='lat' dir='ltr'>Christo</span> <span class='ocrx_word' id='word_1_154' title='bbox 298 2085 441 2151; x_wconf 87' lang='lat' dir='ltr'>praeelegit,</span> <span class='ocrx_word' id='word_1_155' title='bbox 457 2095 483 2135; x_wconf 89' lang='lat' dir='ltr'>et</span> <span class='ocrx_word' id='word_1_156' title='bbox 496 2084 584 2135; x_wconf 90' lang='lat' dir='ltr'>doleat</span> <span class='ocrx_word' id='word_1_157' title='bbox 597 2099 627 2135; x_wconf 90' lang='lat' dir='ltr'>ac</span> 
     </span>
     <span class='ocr_line' id='line_1_28' title="bbox 95 2154 629 2222; baseline -0.004 -16"><span class='ocrx_word' id='word_1_158' title='bbox 95 2165 162 2220; x_wconf 90' lang='lat' dir='ltr'>oret,</span> <span class='ocrx_word' id='word_1_159' title='bbox 173 2155 266 2206; x_wconf 91' lang='lat' dir='ltr'>dicens</span> <span class='ocrx_word' id='word_1_160' title='bbox 276 2172 283 2205; x_wconf 90' lang='lat'>:</span> <span class='ocrx_word' id='word_1_161' title='bbox 293 2155 368 2219; x_wconf 83' lang='lat' dir='ltr'>Jesu,</span> <span class='ocrx_word' id='word_1_162' title='bbox 379 2154 425 2222; x_wconf 84' lang='lat' dir='ltr'>qni</span> <span class='ocrx_word' id='word_1_163' title='bbox 435 2170 486 2206; x_wconf 91' lang='lat' dir='ltr'>non</span> <span class='ocrx_word' id='word_1_164' title='bbox 496 2154 629 2220; x_wconf 82' lang='lat' dir='ltr'>dedigna-</span> 
     </span>
     <span class='ocr_line' id='line_1_29' title="bbox 94 2227 628 2294; baseline -0.002 -16"><span class='ocrx_word' id='word_1_165' title='bbox 94 2234 137 2278; x_wconf 91' lang='lat' dir='ltr'>tus</span> <span class='ocrx_word' id='word_1_166' title='bbox 158 2242 187 2278; x_wconf 92' lang='lat' dir='ltr'>es</span> <span class='ocrx_word' id='word_1_167' title='bbox 204 2243 222 2278; x_wconf 90' lang='lat' dir='ltr'>a</span> <span class='ocrx_word' id='word_1_168' title='bbox 241 2227 349 2279; x_wconf 80' lang='lat' dir='ltr'>Judaeis</span> <span class='ocrx_word' id='word_1_169' title='bbox 364 2228 506 2294; x_wconf 84' lang='lat' dir='ltr'>reprobari</span> <span class='ocrx_word' id='word_1_170' title='bbox 519 2227 628 2292; x_wconf 85' lang='lat' dir='ltr'>petenti-</span> 
     </span>
     <span class='ocr_line' id='line_1_30' title="bbox 92 2297 626 2349; baseline -0.002 -1"><span class='ocrx_word' id='word_1_171' title='bbox 92 2297 141 2348; x_wconf 86' lang='lat' dir='ltr'>bus</span> <span class='ocrx_word' id='word_1_172' title='bbox 154 2297 207 2348; x_wconf 83' lang='lat' dir='ltr'>sibi</span> <span class='ocrx_word' id='word_1_173' title='bbox 216 2297 371 2348; x_wconf 82' lang='lat' dir='ltr'>Barrabam</span> <span class='ocrx_word' id='word_1_174' title='bbox 387 2298 518 2349; x_wconf 86' lang='lat' dir='ltr'>latronem</span> <span class='ocrx_word' id='word_1_175' title='bbox 534 2297 626 2348; x_wconf 84' lang='lat' dir='ltr'>dimit·</span> 
     </span>
     <span class='ocr_line' id='line_1_31' title="bbox 92 2368 626 2436; baseline 0.004 -18"><span class='ocrx_word' id='word_1_176' title='bbox 92 2369 122 2431; x_wconf 87' lang='lat' dir='ltr'>ti,</span> <span class='ocrx_word' id='word_1_177' title='bbox 139 2375 164 2419; x_wconf 91' lang='lat' dir='ltr'>te</span> <span class='ocrx_word' id='word_1_178' title='bbox 178 2383 240 2420; x_wconf 87' lang='lat' dir='ltr'>vero</span> <span class='ocrx_word' id='word_1_179' title='bbox 253 2375 389 2421; x_wconf 83' lang='lat' dir='ltr'>auctorem</span> <span class='ocrx_word' id='word_1_180' title='bbox 404 2369 467 2420; x_wconf 85' lang='lat' dir='ltr'>vitae</span> <span class='ocrx_word' id='word_1_181' title='bbox 482 2368 626 2436; x_wconf 84' lang='lat' dir='ltr'>crucifigi,</span> 
     </span>
     <span class='ocr_line' id='line_1_32' title="bbox 64 2442 627 2508; baseline 0.005 -17"><span class='ocrx_word' id='word_1_182' title='bbox 64 2454 66 2458; x_wconf 87' lang='lat'>·</span> <span class='ocrx_word' id='word_1_183' title='bbox 93 2442 128 2492; x_wconf 87' lang='lat' dir='ltr'>da</span> <span class='ocrx_word' id='word_1_184' title='bbox 141 2442 206 2492; x_wconf 84' lang='lat' dir='ltr'>milti</span> <span class='ocrx_word' id='word_1_185' title='bbox 220 2449 245 2492; x_wconf 89' lang='lat' dir='ltr'>te</span> <span class='ocrx_word' id='word_1_186' title='bbox 258 2443 413 2494; x_wconf 81' lang='lat' dir='ltr'>Creatorem</span> <span class='ocrx_word' id='word_1_187' title='bbox 426 2457 511 2493; x_wconf 90' lang='lat' dir='ltr'>meum</span> <span class='ocrx_word' id='word_1_188' title='bbox 524 2456 627 2508; x_wconf 86' lang='lat' dir='ltr'>semper</span> 
     </span>
     <span class='ocr_line' id='line_1_33' title="bbox 92 2510 627 2579; baseline 0.004 -17"><span class='ocrx_word' id='word_1_189' title='bbox 92 2510 195 2576; x_wconf 81' lang='lat' dir='ltr'>eligere</span> <span class='ocrx_word' id='word_1_190' title='bbox 209 2527 272 2578; x_wconf 83' lang='lat' dir='ltr'>prae</span> <span class='ocrx_word' id='word_1_191' title='bbox 291 2513 421 2576; x_wconf 87' lang='lat' dir='ltr'>omnibus,</span> <span class='ocrx_word' id='word_1_192' title='bbox 442 2519 468 2564; x_wconf 90' lang='lat' dir='ltr'>et</span> <span class='ocrx_word' id='word_1_193' title='bbox 481 2528 534 2579; x_wconf 84' lang='lat' dir='ltr'>pro</span> <span class='ocrx_word' id='word_1_194' title='bbox 552 2513 627 2564; x_wconf 85' lang='lat' dir='ltr'>nulla</span> 
     </span>
     <span class='ocr_line' id='line_1_34' title="bbox 93 2585 571 2650; baseline 0.013 -21"><span class='ocrx_word' id='word_1_195' title='bbox 93 2595 123 2630; x_wconf 90' lang='lat' dir='ltr'>re</span> <span class='ocrx_word' id='word_1_196' title='bbox 140 2588 232 2630; x_wconf 85' lang='lat' dir='ltr'>creata</span> <span class='ocrx_word' id='word_1_197' title='bbox 246 2588 271 2632; x_wconf 90' lang='lat' dir='ltr'>te</span> <span class='ocrx_word' id='word_1_198' title='bbox 287 2598 401 2648; x_wconf 88' lang='lat' dir='ltr'>unquam</span> <span class='ocrx_word' id='word_1_199' title='bbox 415 2585 571 2650; x_wconf 85' lang='lat' dir='ltr'>reprobare.</span> 
     </span>
     <span class='ocr_line' id='line_1_35' title="bbox 126 2651 626 2706; baseline 0.012 -6"><span class='ocrx_word' id='word_1_200' title='bbox 126 2651 271 2703; x_wconf 74' lang='lat' dir='ltr'>6P1Ltrus</span> <span class='ocrx_word' id='word_1_201' title='bbox 286 2670 406 2704; x_wconf 78' lang='lat' dir='ltr'>rnusrm</span> <span class='ocrx_word' id='word_1_202' title='bbox 423 2671 511 2706; x_wconf 71' lang='lat' dir='ltr'>uiuus</span> <span class='ocrx_word' id='word_1_203' title='bbox 531 2672 626 2706; x_wconf 67' lang='lat' dir='ltr'>never.</span> 
     </span>
     <span class='ocr_line' id='line_1_36' title="bbox 93 2724 628 2779; baseline 0.009 -6"><span class='ocrx_word' id='word_1_204' title='bbox 93 2753 125 2762; x_wconf 89' lang='lat'>--</span> <span class='ocrx_word' id='word_1_205' title='bbox 146 2724 248 2775; x_wconf 86' lang='lat' dir='ltr'>Pilatus</span> <span class='ocrx_word' id='word_1_206' title='bbox 266 2735 356 2775; x_wconf 88' lang='lat' dir='ltr'>autem</span> <span class='ocrx_word' id='word_1_207' title='bbox 378 2727 472 2777; x_wconf 90' lang='lat' dir='ltr'>volens</span> <span class='ocrx_word' id='word_1_208' title='bbox 490 2727 628 2779; x_wconf 84' lang='lat' dir='ltr'>dimittere</span> 
     </span>
     <span class='ocr_line' id='line_1_37' title="bbox 95 2794 627 2859; baseline 0.002 -13"><span class='ocrx_word' id='word_1_209' title='bbox 95 2795 196 2858; x_wconf 86' lang='lat' dir='ltr'>lesum,</span> <span class='ocrx_word' id='word_1_210' title='bbox 212 2794 309 2845; x_wconf 89' lang='lat' dir='ltr'>iterum</span> <span class='ocrx_word' id='word_1_211' title='bbox 327 2796 432 2846; x_wconf 89' lang='lat' dir='ltr'>locutus</span> <span class='ocrx_word' id='word_1_212' title='bbox 449 2797 538 2847; x_wconf 88' lang='lat' dir='ltr'>estad</span> <span class='ocrx_word' id='word_1_213' title='bbox 555 2797 627 2859; x_wconf 91' lang='lat' dir='ltr'>illos,</span> 
     </span>
     <span class='ocr_line' id='line_1_38' title="bbox 94 2865 628 2934; baseline 0.004 -18"><span class='ocrx_word' id='word_1_214' title='bbox 94 2881 217 2933; x_wconf 81' lang='lat' dir='ltr'>quaerens</span> <span class='ocrx_word' id='word_1_215' title='bbox 233 2865 300 2932; x_wconf 92' lang='lat' dir='ltr'>quid</span> <span class='ocrx_word' id='word_1_216' title='bbox 318 2865 416 2916; x_wconf 85' lang='lat' dir='ltr'>faceret</span> <span class='ocrx_word' id='word_1_217' title='bbox 436 2866 470 2918; x_wconf 92' lang='lat' dir='ltr'>de</span> <span class='ocrx_word' id='word_1_218' title='bbox 485 2868 547 2918; x_wconf 90' lang='lat' dir='ltr'>Jesu</span> <span class='ocrx_word' id='word_1_219' title='bbox 566 2883 628 2934; x_wconf 87' lang='lat' dir='ltr'>rege</span> 
     </span>
    </p>
   </div>
   <div class='ocr_carea' id='block_1_3' title="bbox 11 2937 627 3005">
    <p class='ocr_par' dir='ltr' id='par_1_3' title="bbox 11 2937 627 3005">
     <span class='ocr_line' id='line_1_39' title="bbox 11 2937 627 3005; baseline 0.002 -17"><span class='ocrx_word' id='word_1_220' title='bbox 11 2996 15 3005; x_wconf 39' lang='grc' dir='ltr'>Ι</span> <span class='ocrx_word' id='word_1_221' title='bbox 93 2938 310 2998; x_wconf 85' lang='lat' dir='ltr'>ludaeorum,·et</span> <span class='ocrx_word' id='word_1_222' title='bbox 333 2937 400 3004; x_wconf 92' lang='lat' dir='ltr'>quid</span> <span class='ocrx_word' id='word_1_223' title='bbox 424 2937 488 2988; x_wconf 88' lang='lat' dir='ltr'>mali</span> <span class='ocrx_word' id='word_1_224' title='bbox 511 2938 627 3000; x_wconf 86' lang='lat' dir='ltr'>lecisset,</span> 
     </span>
    </p>
   </div>
   <div class='ocr_carea' id='block_1_4' title="bbox 94 3009 629 3865">
    <p class='ocr_par' dir='ltr' id='par_1_4' title="bbox 94 3009 629 3865">
     <span class='ocr_line' id='line_1_40' title="bbox 94 3009 628 3075; baseline 0 -15"><span class='ocrx_word' id='word_1_225' title='bbox 94 3019 120 3060; x_wconf 92' lang='lat' dir='ltr'>et</span> <span class='ocrx_word' id='word_1_226' title='bbox 143 3024 264 3059; x_wconf 89' lang='lat' dir='ltr'>asserens</span> <span class='ocrx_word' id='word_1_227' title='bbox 290 3009 363 3075; x_wconf 93' lang='lat' dir='ltr'>quod</span> <span class='ocrx_word' id='word_1_228' title='bbox 388 3009 491 3059; x_wconf 89' lang='lat' dir='ltr'>nullam</span> <span class='ocrx_word' id='word_1_229' title='bbox 519 3024 628 3060; x_wconf 88' lang='lat' dir='ltr'>causam</span> 
     </span>
     <span class='ocr_line' id='line_1_41' title="bbox 95 3079 628 3146; baseline 0.002 -16"><span class='ocrx_word' id='word_1_230' title='bbox 95 3080 190 3130; x_wconf 87' lang='lat' dir='ltr'>mortis</span> <span class='ocrx_word' id='word_1_231' title='bbox 204 3080 234 3130; x_wconf 92' lang='lat' dir='ltr'>in</span> <span class='ocrx_word' id='word_1_232' title='bbox 249 3095 280 3130; x_wconf 92' lang='lat' dir='ltr'>eo</span> <span class='ocrx_word' id='word_1_233' title='bbox 300 3079 447 3145; x_wconf 89' lang='lat' dir='ltr'>invenerit;</span> <span class='ocrx_word' id='word_1_234' title='bbox 464 3080 511 3130; x_wconf 90' lang='lat' dir='ltr'>sed</span> <span class='ocrx_word' id='word_1_235' title='bbox 525 3091 628 3146; x_wconf 89' lang='lat' dir='ltr'>quanto</span> 
     </span>
     <span class='ocr_line' id='line_1_42' title="bbox 95 3150 629 3217; baseline 0.006 -18"><span class='ocrx_word' id='word_1_236' title='bbox 95 3151 156 3216; x_wconf 92' lang='lat' dir='ltr'>plus</span> <span class='ocrx_word' id='word_1_237' title='bbox 169 3150 296 3201; x_wconf 89' lang='lat' dir='ltr'>videbant</span> <span class='ocrx_word' id='word_1_238' title='bbox 314 3151 388 3217; x_wconf 92' lang='lat' dir='ltr'>quod</span> <span class='ocrx_word' id='word_1_239' title='bbox 401 3151 542 3202; x_wconf 89' lang='lat' dir='ltr'>Christum</span> <span class='ocrx_word' id='word_1_240' title='bbox 559 3151 629 3202; x_wconf 88' lang='lat' dir='ltr'>libe-</span> 
     </span>
     <span class='ocr_line' id='line_1_43' title="bbox 95 3223 629 3289; baseline 0.007 -19"><span class='ocrx_word' id='word_1_241' title='bbox 95 3237 152 3271; x_wconf 89' lang='lat' dir='ltr'>rare</span> <span class='ocrx_word' id='word_1_242' title='bbox 173 3223 261 3287; x_wconf 91' lang='lat' dir='ltr'>vellet,</span> <span class='ocrx_word' id='word_1_243' title='bbox 284 3232 360 3274; x_wconf 82' lang='lat' dir='ltr'>tanto</span> <span class='ocrx_word' id='word_1_244' title='bbox 383 3223 470 3289; x_wconf 85' lang='lat' dir='ltr'>magis</span> <span class='ocrx_word' id='word_1_245' title='bbox 488 3223 586 3275; x_wconf 87' lang='lat' dir='ltr'>iterum</span> <span class='ocrx_word' id='word_1_246' title='bbox 602 3233 629 3275; x_wconf 92' lang='lat' dir='ltr'>et</span> 
     </span>
     <span class='ocr_line' id='line_1_44' title="bbox 96 3293 628 3359; baseline 0.008 -17"><span class='ocrx_word' id='word_1_247' title='bbox 96 3293 195 3343; x_wconf 88' lang='lat' dir='ltr'>iterum</span> <span class='ocrx_word' id='word_1_248' title='bbox 219 3294 379 3359; x_wconf 87' lang='lat' dir='ltr'>clamabant,</span> <span class='ocrx_word' id='word_1_249' title='bbox 395 3295 533 3346; x_wconf 77' lang='lat' dir='ltr'>instabant</span> <span class='ocrx_word' id='word_1_250' title='bbox 552 3295 628 3346; x_wconf 84' lang='lat' dir='ltr'>voci-</span> 
     </span>
     <span class='ocr_line' id='line_1_45' title="bbox 96 3367 629 3436; baseline 0.009 -20"><span class='ocrx_word' id='word_1_251' title='bbox 96 3367 144 3416; x_wconf 81' lang='lat' dir='ltr'>bus</span> <span class='ocrx_word' id='word_1_252' title='bbox 161 3367 278 3432; x_wconf 83' lang='lat' dir='ltr'>magnis,</span> <span class='ocrx_word' id='word_1_253' title='bbox 290 3368 460 3431; x_wconf 81' lang='lat' dir='ltr'>postulantes</span> <span class='ocrx_word' id='word_1_254' title='bbox 479 3375 509 3420; x_wconf 91' lang='lat' dir='ltr'>ut</span> <span class='ocrx_word' id='word_1_255' title='bbox 519 3369 629 3436; x_wconf 84' lang='lat' dir='ltr'>crucifi·</span> 
     </span>
     <span class='ocr_line' id='line_1_46' title="bbox 95 3438 629 3502; baseline 0.015 -18"><span class='ocrx_word' id='word_1_256' title='bbox 95 3442 207 3502; x_wconf 81' lang='lat' dir='ltr'>geretur</span> <span class='ocrx_word' id='word_1_257' title='bbox 210 3455 221 3500; x_wconf 81' lang='lat'>,-</span> <span class='ocrx_word' id='word_1_258' title='bbox 235 3444 262 3487; x_wconf 91' lang='lat' dir='ltr'>et</span> <span class='ocrx_word' id='word_1_259' title='bbox 275 3438 473 3490; x_wconf 80' lang='lat' dir='ltr'>invalescebant</span> <span class='ocrx_word' id='word_1_260' title='bbox 490 3454 569 3491; x_wconf 86' lang='lat' dir='ltr'>voces</span> <span class='ocrx_word' id='word_1_261' title='bbox 580 3455 629 3492; x_wconf 91' lang='lat' dir='ltr'>eo-</span> 
     </span>
     <span class='ocr_line' id='line_1_47' title="bbox 95 3509 627 3578; baseline 0.011 -21"><span class='ocrx_word' id='word_1_262' title='bbox 95 3523 164 3559; x_wconf 84' lang='lat' dir='ltr'>rum.</span> <span class='ocrx_word' id='word_1_263' title='bbox 180 3509 249 3560; x_wconf 85' lang='lat' dir='ltr'>Mala</span> <span class='ocrx_word' id='word_1_264' title='bbox 265 3510 317 3560; x_wconf 89' lang='lat' dir='ltr'>luit</span> <span class='ocrx_word' id='word_1_265' title='bbox 332 3511 455 3562; x_wconf 84' lang='lat' dir='ltr'>Barrabae</span> <span class='ocrx_word' id='word_1_266' title='bbox 469 3513 627 3578; x_wconf 88' lang='lat' dir='ltr'>praeelectio,</span> 
     </span>
     <span class='ocr_line' id='line_1_48' title="bbox 96 3580 629 3646; baseline 0.015 -17"><span class='ocrx_word' id='word_1_267' title='bbox 96 3580 143 3630; x_wconf 85' lang='lat' dir='ltr'>sed</span> <span class='ocrx_word' id='word_1_268' title='bbox 159 3581 232 3646; x_wconf 89' lang='lat' dir='ltr'>pejor</span> <span class='ocrx_word' id='word_1_269' title='bbox 249 3581 308 3632; x_wconf 83' lang='lat' dir='ltr'>haec</span> <span class='ocrx_word' id='word_1_270' title='bbox 330 3583 509 3636; x_wconf 88' lang='lat' dir='ltr'>sententiatio.</span> <span class='ocrx_word' id='word_1_271' title='bbox 530 3585 629 3637; x_wconf 78' lang='lat' dir='ltr'>Vident</span> 
     </span>
     <span class='ocr_line' id='line_1_49' title="bbox 96 3651 626 3721; baseline 0.011 -21"><span class='ocrx_word' id='word_1_272' title='bbox 96 3656 184 3701; x_wconf 87' lang='lat' dir='ltr'>antem</span> <span class='ocrx_word' id='word_1_273' title='bbox 199 3651 309 3703; x_wconf 89' lang='lat' dir='ltr'>Pilatus</span> <span class='ocrx_word' id='word_1_274' title='bbox 320 3653 385 3719; x_wconf 84' lang='lat' dir='ltr'>quia</span> <span class='ocrx_word' id='word_1_275' title='bbox 396 3653 464 3704; x_wconf 85' lang='lat' dir='ltr'>nihil</span> <span class='ocrx_word' id='word_1_276' title='bbox 472 3654 626 3721; x_wconf 76' lang='lat' dir='ltr'>proficeret,</span> 
     </span>
     <span class='ocr_line' id='line_1_50' title="bbox 96 3721 628 3790; baseline 0.015 -21"><span class='ocrx_word' id='word_1_277' title='bbox 96 3722 129 3771; x_wconf 86' lang='lat' dir='ltr'>ad</span> <span class='ocrx_word' id='word_1_278' title='bbox 149 3721 336 3774; x_wconf 86' lang='lat' dir='ltr'>liberationem</span> <span class='ocrx_word' id='word_1_279' title='bbox 358 3724 470 3790; x_wconf 87' lang='lat' dir='ltr'>Christi,</span> <span class='ocrx_word' id='word_1_280' title='bbox 489 3727 562 3777; x_wconf 86' lang='lat' dir='ltr'>salvo</span> <span class='ocrx_word' id='word_1_281' title='bbox 586 3726 628 3777; x_wconf 85' lang='lat' dir='ltr'>la·</span> 
     </span>
     <span class='ocr_line' id='line_1_51' title="bbox 96 3795 625 3865; baseline 0.015 -22"><span class='ocrx_word' id='word_1_282' title='bbox 96 3809 159 3844; x_wconf 89' lang='lat' dir='ltr'>vore</span> <span class='ocrx_word' id='word_1_283' title='bbox 182 3795 284 3861; x_wconf 90' lang='lat' dir='ltr'>populi,</span> <span class='ocrx_word' id='word_1_284' title='bbox 299 3797 348 3848; x_wconf 86' lang='lat' dir='ltr'>sed</span> <span class='ocrx_word' id='word_1_285' title='bbox 369 3797 460 3865; x_wconf 82' lang='lat' dir='ltr'>magis</span> <span class='ocrx_word' id='word_1_286' title='bbox 484 3800 625 3864; x_wconf 85' lang='lat' dir='ltr'>tumultus,</span> 
     </span>
    </p>
   </div>
   <div class='ocr_carea' id='block_1_5' title="bbox 375 183 921 239">
    <p class='ocr_par' dir='ltr' id='par_1_5' title="bbox 375 183 921 239">
     <span class='ocr_line' id='line_1_52' title="bbox 375 183 921 239; baseline -0.009 0"><span class='ocrx_word' id='word_1_287' title='bbox 375 186 548 239; x_wconf 83' lang='lat' dir='ltr'>SECUNDAE</span> <span class='ocrx_word' id='word_1_288' title='bbox 565 183 690 234; x_wconf 80' lang='lat' dir='ltr'>PARTIS</span> <span class='ocrx_word' id='word_1_289' title='bbox 710 183 828 235; x_wconf 83' lang='lat' dir='ltr'>CAPUT</span> <span class='ocrx_word' id='word_1_290' title='bbox 842 183 921 234; x_wconf 82' lang='lat' dir='ltr'><strong>LXII.</strong></span> 
     </span>
    </p>
   </div>
   <div class='ocr_carea' id='block_1_6' title="bbox 673 299 1253 3869">
    <p class='ocr_par' dir='ltr' id='par_1_6' title="bbox 673 299 1253 3869">
     <span class='ocr_line' id='line_1_53' title="bbox 675 299 1201 367; baseline 0.002 -17"><span class='ocrx_word' id='word_1_291' title='bbox 675 309 700 351; x_wconf 94' lang='lat' dir='ltr'>et</span> <span class='ocrx_word' id='word_1_292' title='bbox 720 300 848 366; x_wconf 88' lang='lat' dir='ltr'>strepitus</span> <span class='ocrx_word' id='word_1_293' title='bbox 857 301 940 363; x_wconf 85' lang='lat' dir='ltr'>fieret</span> <span class='ocrx_word' id='word_1_294' title='bbox 957 299 1049 367; x_wconf 90' lang='lat' dir='ltr'>populi</span> <span class='ocrx_word' id='word_1_295' title='bbox 1066 299 1201 355; x_wconf 82' lang='lat' dir='ltr'>clamantis</span> 
     </span>
     <span class='ocr_line' id='line_1_54' title="bbox 673 372 1241 439; baseline 0.004 -17"><span class='ocrx_word' id='word_1_296' title='bbox 673 373 707 422; x_wconf 85' lang='lat' dir='ltr'>ad</span> <span class='ocrx_word' id='word_1_297' title='bbox 726 372 890 423; x_wconf 87' lang='lat' dir='ltr'>contrarium</span> <span class='ocrx_word' id='word_1_298' title='bbox 905 388 952 439; x_wconf 92' lang='lat' dir='ltr'>per</span> <span class='ocrx_word' id='word_1_299' title='bbox 964 372 1150 423; x_wconf 90' lang='lat' dir='ltr'>seductionem</span> <span class='ocrx_word' id='word_1_300' title='bbox 1163 387 1202 424; x_wconf 82' lang='lat' dir='ltr'>st·</span> <span class='ocrx_word' id='word_1_301' title='bbox 1238 424 1241 429; x_wconf 86' lang='grc'>,</span> 
     </span>
     <span class='ocr_line' id='line_1_55' title="bbox 675 445 1202 511; baseline -0.002 -16"><span class='ocrx_word' id='word_1_302' title='bbox 675 445 822 505; x_wconf 88' lang='lat' dir='ltr'>cerdotum,</span> <span class='ocrx_word' id='word_1_303' title='bbox 833 445 983 496; x_wconf 87' lang='lat' dir='ltr'>volentium</span> <span class='ocrx_word' id='word_1_304' title='bbox 999 460 1046 511; x_wconf 91' lang='lat' dir='ltr'>per</span> <span class='ocrx_word' id='word_1_305' title='bbox 1063 445 1202 495; x_wconf 86' lang='lat' dir='ltr'>clamorem</span> 
     </span>
     <span class='ocr_line' id='line_1_56' title="bbox 675 514 1202 582; baseline -0.004 -15"><span class='ocrx_word' id='word_1_306' title='bbox 675 526 702 567; x_wconf 90' lang='lat' dir='ltr'>et</span> <span class='ocrx_word' id='word_1_307' title='bbox 721 517 869 568; x_wconf 89' lang='lat' dir='ltr'>tumultum</span> <span class='ocrx_word' id='word_1_308' title='bbox 887 515 979 582; x_wconf 90' lang='lat' dir='ltr'>populi</span> <span class='ocrx_word' id='word_1_309' title='bbox 993 515 1116 566; x_wconf 90' lang='lat' dir='ltr'>obtinere</span> <span class='ocrx_word' id='word_1_310' title='bbox 1136 514 1202 582; x_wconf 89' lang='lat' dir='ltr'>quod</span> 
     </span>
     <span class='ocr_line' id='line_1_57' title="bbox 677 585 1242 653; baseline 0 -17"><span class='ocrx_word' id='word_1_311' title='bbox 677 602 731 637; x_wconf 92' lang='lat' dir='ltr'>non</span> <span class='ocrx_word' id='word_1_312' title='bbox 745 596 868 653; x_wconf 86' lang='lat' dir='ltr'>poterant</span> <span class='ocrx_word' id='word_1_313' title='bbox 883 601 930 652; x_wconf 92' lang='lat' dir='ltr'>per</span> <span class='ocrx_word' id='word_1_314' title='bbox 943 585 1077 635; x_wconf 87' lang='lat' dir='ltr'>rationem</span> <span class='ocrx_word' id='word_1_315' title='bbox 1092 585 1200 648; x_wconf 81' lang='lat' dir='ltr'>habere3</span> <span class='ocrx_word' id='word_1_316' title='bbox 1238 610 1242 619; x_wconf 93' lang='lat'>·</span> 
     </span>
     <span class='ocr_line' id='line_1_58' title="bbox 676 656 1203 725; baseline -0.002 -17"><span class='ocrx_word' id='word_1_317' title='bbox 676 667 703 708; x_wconf 91' lang='lat' dir='ltr'>et</span> <span class='ocrx_word' id='word_1_318' title='bbox 713 658 804 709; x_wconf 86' lang='lat' dir='ltr'>volens</span> <span class='ocrx_word' id='word_1_319' title='bbox 813 657 914 725; x_wconf 84' lang='lat' dir='ltr'>populo</span> <span class='ocrx_word' id='word_1_320' title='bbox 929 658 1031 723; x_wconf 86' lang='lat' dir='ltr'>placere</span> <span class='ocrx_word' id='word_1_321' title='bbox 1044 665 1071 706; x_wconf 90' lang='lat' dir='ltr'>et</span> <span class='ocrx_word' id='word_1_322' title='bbox 1088 656 1203 724; x_wconf 87' lang='lat' dir='ltr'>satissa-</span> 
     </span>
     <span class='ocr_line' id='line_1_59' title="bbox 676 730 1204 797; baseline -0.008 -13"><span class='ocrx_word' id='word_1_323' title='bbox 676 746 745 795; x_wconf 86' lang='lat' dir='ltr'>cere,</span> <span class='ocrx_word' id='word_1_324' title='bbox 758 731 862 782; x_wconf 83' lang='lat' dir='ltr'>dimisit</span> <span class='ocrx_word' id='word_1_325' title='bbox 876 731 933 782; x_wconf 87' lang='lat' dir='ltr'>illis</span> <span class='ocrx_word' id='word_1_326' title='bbox 947 730 1113 792; x_wconf 84' lang='lat' dir='ltr'>Barrabam,</span> <span class='ocrx_word' id='word_1_327' title='bbox 1128 744 1204 797; x_wconf 89' lang='lat' dir='ltr'>quem</span> 
     </span>
     <span class='ocr_line' id='line_1_60' title="bbox 677 800 1207 871; baseline -0.004 -17"><span class='ocrx_word' id='word_1_328' title='bbox 677 803 810 871; x_wconf 88' lang='lat' dir='ltr'>petebant,</span> <span class='ocrx_word' id='word_1_329' title='bbox 834 802 958 869; x_wconf 89' lang='lat' dir='ltr'>quamvis</span> <span class='ocrx_word' id='word_1_330' title='bbox 978 800 1122 851; x_wconf 89' lang='lat' dir='ltr'>Christum</span> <span class='ocrx_word' id='word_1_331' title='bbox 1143 814 1207 867; x_wconf 83' lang='lat' dir='ltr'>prte-</span> 
     </span>
     <span class='ocr_line' id='line_1_61' title="bbox 676 871 1247 938; baseline -0.002 -14"><span class='ocrx_word' id='word_1_332' title='bbox 676 873 817 924; x_wconf 87' lang='lat' dir='ltr'>ferendum</span> <span class='ocrx_word' id='word_1_333' title='bbox 833 889 888 922; x_wconf 91' lang='lat' dir='ltr'>non</span> <span class='ocrx_word' id='word_1_334' title='bbox 902 873 1045 922; x_wconf 86' lang='lat' dir='ltr'>dubitaret.</span> <span class='ocrx_word' id='word_1_335' title='bbox 1059 871 1126 922; x_wconf 84' lang='lat' dir='ltr'>Ecce</span> <span class='ocrx_word' id='word_1_336' title='bbox 1139 871 1206 938; x_wconf 87' lang='lat' dir='ltr'>quod</span> <span class='ocrx_word' id='word_1_337' title='bbox 1244 916 1247 923; x_wconf 93' lang='lat'><em>.</em></span> 
     </span>
     <span class='ocr_line' id='line_1_62' title="bbox 677 943 1207 1007; baseline -0.006 -12"><span class='ocrx_word' id='word_1_338' title='bbox 677 944 803 995; x_wconf 89' lang='lat' dir='ltr'>Christus</span> <span class='ocrx_word' id='word_1_339' title='bbox 812 943 942 994; x_wconf 85' lang='lat' dir='ltr'>innocens</span> <span class='ocrx_word' id='word_1_340' title='bbox 951 944 1108 1007; x_wconf 72' lang='lat' dir='ltr'>damnatur,</span> <span class='ocrx_word' id='word_1_341' title='bbox 1119 952 1146 994; x_wconf 86' lang='lat' dir='ltr'>et</span> <span class='ocrx_word' id='word_1_342' title='bbox 1153 943 1207 993; x_wconf 87' lang='lat' dir='ltr'>Bar·</span> 
     </span>
     <span class='ocr_line' id='line_1_63' title="bbox 677 1015 1208 1083; baseline -0.004 -15"><span class='ocrx_word' id='word_1_343' title='bbox 677 1019 755 1068; x_wconf 90' lang='lat' dir='ltr'>rabas</span> <span class='ocrx_word' id='word_1_344' title='bbox 777 1018 844 1067; x_wconf 90' lang='lat' dir='ltr'>latro</span> <span class='ocrx_word' id='word_1_345' title='bbox 862 1017 999 1067; x_wconf 88' lang='lat' dir='ltr'>liberatur.</span> <span class='ocrx_word' id='word_1_346' title='bbox 1018 1017 1057 1065; x_wconf 91' lang='lat' dir='ltr'>lta</span> <span class='ocrx_word' id='word_1_347' title='bbox 1080 1015 1208 1083; x_wconf 83' lang='lat' dir='ltr'>contingit</span> 
     </span>
     <span class='ocr_line' id='line_1_64' title="bbox 678 1086 1253 1154; baseline -0.002 -15"><span class='ocrx_word' id='word_1_348' title='bbox 678 1089 760 1139; x_wconf 91' lang='lat' dir='ltr'>hodie</span> <span class='ocrx_word' id='word_1_349' title='bbox 778 1087 906 1139; x_wconf 90' lang='lat' dir='ltr'>incuriis</span> <span class='ocrx_word' id='word_1_350' title='bbox 926 1086 1081 1154; x_wconf 87' lang='lat' dir='ltr'>principum</span> <span class='ocrx_word' id='word_1_351' title='bbox 1099 1096 1126 1137; x_wconf 89' lang='lat' dir='ltr'>et</span> <span class='ocrx_word' id='word_1_352' title='bbox 1141 1102 1207 1154; x_wconf 81' lang='lat' dir='ltr'>prae·</span> <span class='ocrx_word' id='word_1_353' title='bbox 1251 1100 1253 1111; x_wconf 83' lang='lat'>¹</span> 
     </span>
     <span class='ocr_line' id='line_1_65' title="bbox 678 1156 1209 1223; baseline -0.004 -15"><span class='ocrx_word' id='word_1_354' title='bbox 678 1159 793 1210; x_wconf 87' lang='lat' dir='ltr'>latorum</span> <span class='ocrx_word' id='word_1_355' title='bbox 810 1175 816 1209; x_wconf 92' lang='lat'>:</span> <span class='ocrx_word' id='word_1_356' title='bbox 832 1157 897 1223; x_wconf 88' lang='lat' dir='ltr'>quia</span> <span class='ocrx_word' id='word_1_357' title='bbox 912 1156 1071 1207; x_wconf 88' lang='lat' dir='ltr'>innocentes</span> <span class='ocrx_word' id='word_1_358' title='bbox 1083 1157 1209 1209; x_wconf 87' lang='lat' dir='ltr'>damnan-</span> 
     </span>
     <span class='ocr_line' id='line_1_66' title="bbox 678 1228 1208 1295; baseline -0.002 -15"><span class='ocrx_word' id='word_1_359' title='bbox 678 1240 732 1291; x_wconf 90' lang='lat' dir='ltr'>tur,</span> <span class='ocrx_word' id='word_1_360' title='bbox 747 1240 773 1281; x_wconf 92' lang='lat' dir='ltr'>et</span> <span class='ocrx_word' id='word_1_361' title='bbox 789 1228 907 1295; x_wconf 90' lang='lat' dir='ltr'>perversi</span> <span class='ocrx_word' id='word_1_362' title='bbox 924 1236 1075 1292; x_wconf 89' lang='lat' dir='ltr'>peccatores</span> <span class='ocrx_word' id='word_1_363' title='bbox 1091 1228 1208 1279; x_wconf 90' lang='lat' dir='ltr'>liberan-</span> 
     </span>
     <span class='ocr_line' id='line_1_67' title="bbox 679 1301 1210 1368; baseline -0.004 -14"><span class='ocrx_word' id='word_1_364' title='bbox 679 1315 738 1367; x_wconf 88' lang='lat' dir='ltr'>tur;</span> <span class='ocrx_word' id='word_1_365' title='bbox 754 1303 860 1353; x_wconf 91' lang='lat' dir='ltr'>minora</span> <span class='ocrx_word' id='word_1_366' title='bbox 877 1301 1035 1367; x_wconf 87' lang='lat' dir='ltr'>puniuntur,</span> <span class='ocrx_word' id='word_1_367' title='bbox 1050 1301 1098 1351; x_wconf 92' lang='lat' dir='ltr'>sed</span> <span class='ocrx_word' id='word_1_368' title='bbox 1112 1302 1210 1368; x_wconf 74' lang='lat' dir='ltr'>majora</span> 
     </span>
     <span class='ocr_line' id='line_1_68' title="bbox 679 1372 1211 1439; baseline -0.004 -14"><span class='ocrx_word' id='word_1_369' title='bbox 679 1374 897 1438; x_wconf 89' lang='lat' dir='ltr'>dissimulantur;</span> <span class='ocrx_word' id='word_1_370' title='bbox 910 1372 1063 1438; x_wconf 88' lang='lat' dir='ltr'>puniuntur.</span> <span class='ocrx_word' id='word_1_371' title='bbox 1070 1382 1211 1439; x_wconf 80' lang='lat' dir='ltr'>transgres-</span> 
     </span>
     <span class='ocr_line' id='line_1_69' title="bbox 680 1444 1212 1504; baseline -0.006 -8"><span class='ocrx_word' id='word_1_372' title='bbox 680 1461 754 1496; x_wconf 88' lang='lat' dir='ltr'>sores</span> <span class='ocrx_word' id='word_1_373' title='bbox 767 1444 940 1494; x_wconf 90' lang='lat' dir='ltr'>decretalium</span> <span class='ocrx_word' id='word_1_374' title='bbox 955 1452 981 1492; x_wconf 91' lang='lat' dir='ltr'>et</span> <span class='ocrx_word' id='word_1_375' title='bbox 1000 1452 1174 1504; x_wconf 88' lang='lat' dir='ltr'>statutorum,</span> <span class='ocrx_word' id='word_1_376' title='bbox 1188 1452 1212 1493; x_wconf 87' lang='lat' dir='ltr'>et</span> 
     </span>
     <span class='ocr_line' id='line_1_70' title="bbox 679 1513 1214 1580; baseline 0 -15"><span class='ocrx_word' id='word_1_377' title='bbox 679 1515 853 1565; x_wconf 88' lang='lat' dir='ltr'>dimittuntur</span> <span class='ocrx_word' id='word_1_378' title='bbox 878 1513 1005 1580; x_wconf 90' lang='lat' dir='ltr'>impuniti</span> <span class='ocrx_word' id='word_1_379' title='bbox 1031 1524 1214 1580; x_wconf 88' lang='lat' dir='ltr'>transgresso·</span> 
     </span>
     <span class='ocr_line' id='line_1_71' title="bbox 680 1587 1214 1649; baseline -0.002 -11"><span class='ocrx_word' id='word_1_380' title='bbox 680 1603 722 1638; x_wconf 88' lang='lat' dir='ltr'>res</span> <span class='ocrx_word' id='word_1_381' title='bbox 736 1587 891 1637; x_wconf 88' lang='lat' dir='ltr'>divinorum</span> <span class='ocrx_word' id='word_1_382' title='bbox 908 1587 1106 1638; x_wconf 88' lang='lat' dir='ltr'>mandatorum.</span> <span class='ocrx_word' id='word_1_383' title='bbox 1123 1587 1171 1649; x_wconf 83' lang='lat' dir='ltr'>Et,</span> <span class='ocrx_word' id='word_1_384' title='bbox 1185 1594 1214 1637; x_wconf 88' lang='lat' dir='ltr'>ut</span> 
     </span>
     <span class='ocr_line' id='line_1_72' title="bbox 681 1657 1214 1724; baseline 0 -16"><span class='ocrx_word' id='word_1_385' title='bbox 681 1657 765 1709; x_wconf 86' lang='lat' dir='ltr'>Judaei</span> <span class='ocrx_word' id='word_1_386' title='bbox 788 1658 821 1707; x_wconf 86' lang='lat' dir='ltr'>de</span> <span class='ocrx_word' id='word_1_387' title='bbox 845 1668 932 1707; x_wconf 86' lang='lat' dir='ltr'>morte</span> <span class='ocrx_word' id='word_1_388' title='bbox 951 1658 1014 1707; x_wconf 89' lang='lat' dir='ltr'>Jesu</span> <span class='ocrx_word' id='word_1_389' title='bbox 1037 1666 1127 1707; x_wconf 91' lang='lat' dir='ltr'>totum</span> <span class='ocrx_word' id='word_1_390' title='bbox 1153 1672 1214 1724; x_wconf 86' lang='lat' dir='ltr'>pec-</span> 
     </span>
     <span class='ocr_line' id='line_1_73' title="bbox 680 1728 1214 1796; baseline 0.002 -17"><span class='ocrx_word' id='word_1_391' title='bbox 680 1739 770 1779; x_wconf 87' lang='lat' dir='ltr'>catum</span> <span class='ocrx_word' id='word_1_392' title='bbox 793 1744 875 1794; x_wconf 89' lang='lat' dir='ltr'>super</span> <span class='ocrx_word' id='word_1_393' title='bbox 891 1744 920 1778; x_wconf 92' lang='lat' dir='ltr'>se</span> <span class='ocrx_word' id='word_1_394' title='bbox 934 1728 1092 1794; x_wconf 83' lang='lat' dir='ltr'>acciperent,</span> <span class='ocrx_word' id='word_1_395' title='bbox 1110 1737 1137 1780; x_wconf 88' lang='lat' dir='ltr'>et</span> <span class='ocrx_word' id='word_1_396' title='bbox 1158 1729 1214 1796; x_wconf 86' lang='lat' dir='ltr'>ipse</span> 
     </span>
     <span class='ocr_line' id='line_1_74' title="bbox 681 1799 1213 1865; baseline 0.002 -16"><span class='ocrx_word' id='word_1_397' title='bbox 681 1799 812 1849; x_wconf 89' lang='lat' dir='ltr'>immunis</span> <span class='ocrx_word' id='word_1_398' title='bbox 831 1809 900 1849; x_wconf 89' lang='lat' dir='ltr'>esset</span> <span class='ocrx_word' id='word_1_399' title='bbox 925 1813 940 1848; x_wconf 91' lang='lat' dir='ltr'>a</span> <span class='ocrx_word' id='word_1_400' title='bbox 965 1807 1080 1865; x_wconf 84' lang='lat' dir='ltr'>peccato,</span> <span class='ocrx_word' id='word_1_401' title='bbox 1104 1804 1213 1865; x_wconf 81' lang='lat' dir='ltr'>accepta</span> 
     </span>
     <span class='ocr_line' id='line_1_75' title="bbox 681 1871 1214 1936; baseline -0.002 -15"><span class='ocrx_word' id='word_1_402' title='bbox 681 1884 760 1936; x_wconf 89' lang='lat' dir='ltr'>aqua,</span> <span class='ocrx_word' id='word_1_403' title='bbox 777 1871 843 1920; x_wconf 88' lang='lat' dir='ltr'>lavit</span> <span class='ocrx_word' id='word_1_404' title='bbox 858 1884 953 1919; x_wconf 81' lang='lat' dir='ltr'>ntartas</span> <span class='ocrx_word' id='word_1_405' title='bbox 971 1883 1037 1919; x_wconf 90' lang='lat' dir='ltr'>suas</span> <span class='ocrx_word' id='word_1_406' title='bbox 1059 1883 1153 1920; x_wconf 90' lang='lat' dir='ltr'>coram</span> <span class='ocrx_word' id='word_1_407' title='bbox 1163 1883 1214 1935; x_wconf 84' lang='lat' dir='ltr'>po-</span> 
     </span>
     <span class='ocr_line' id='line_1_76' title="bbox 677 1939 1216 2007; baseline 0 -17"><span class='ocrx_word' id='word_1_408' title='bbox 677 1940 752 2007; x_wconf 86' lang='lat' dir='ltr'>pulo,</span> <span class='ocrx_word' id='word_1_409' title='bbox 775 1940 866 1990; x_wconf 82' lang='lat' dir='ltr'>dicens</span> <span class='ocrx_word' id='word_1_410' title='bbox 889 1957 898 1990; x_wconf 93' lang='grc'>.·</span> <span class='ocrx_word' id='word_1_411' title='bbox 928 1939 1059 1990; x_wconf 88' lang='lat' dir='ltr'>Innocens</span> <span class='ocrx_word' id='word_1_412' title='bbox 1081 1953 1135 2004; x_wconf 84' lang='lat' dir='ltr'>ego</span> <span class='ocrx_word' id='word_1_413' title='bbox 1159 1954 1216 1990; x_wconf 88' lang='lat' dir='ltr'>sum</span> 
     </span>
     <span class='ocr_line' id='line_1_77' title="bbox 681 2007 1216 2076; baseline -0.002 -15"><span class='ocrx_word' id='word_1_414' title='bbox 681 2027 699 2061; x_wconf 94' lang='lat' dir='ltr'>a</span> <span class='ocrx_word' id='word_1_415' title='bbox 719 2010 862 2076; x_wconf 83' lang='lat' dir='ltr'>sanguine,</span> <span class='ocrx_word' id='word_1_416' title='bbox 878 2009 906 2059; x_wconf 89' lang='lat' dir='ltr'>id</span> <span class='ocrx_word' id='word_1_417' title='bbox 926 2019 966 2059; x_wconf 89' lang='lat' dir='ltr'>est</span> <span class='ocrx_word' id='word_1_418' title='bbox 984 2025 999 2060; x_wconf 88' lang='lat' dir='ltr'>a</span> <span class='ocrx_word' id='word_1_419' title='bbox 1020 2009 1163 2076; x_wconf 85' lang='lat' dir='ltr'>sanguinis</span> <span class='ocrx_word' id='word_1_420' title='bbox 1176 2007 1216 2060; x_wconf 83' lang='lat' dir='ltr'>ef·</span> 
     </span>
     <span class='ocr_line' id='line_1_78' title="bbox 680 2081 1212 2148; baseline -0.004 -16"><span class='ocrx_word' id='word_1_421' title='bbox 680 2081 797 2140; x_wconf 85' lang='lat' dir='ltr'>fusione,</span> <span class='ocrx_word' id='word_1_422' title='bbox 806 2081 879 2147; x_wconf 84' lang='lat' dir='ltr'>justi</span> <span class='ocrx_word' id='word_1_423' title='bbox 898 2081 987 2148; x_wconf 74' lang='lat' dir='ltr'>liujus,</span> <span class='ocrx_word' id='word_1_424' title='bbox 1010 2091 1036 2130; x_wconf 92' lang='lat' dir='ltr'>et</span> <span class='ocrx_word' id='word_1_425' title='bbox 1058 2081 1130 2132; x_wconf 86' lang='lat' dir='ltr'>sicut</span> <span class='ocrx_word' id='word_1_426' title='bbox 1153 2081 1212 2131; x_wconf 84' lang='lat' dir='ltr'>lavo</span> 
     </span>
     <span class='ocr_line' id='line_1_79' title="bbox 682 2152 1216 2220; baseline -0.004 -15"><span class='ocrx_word' id='word_1_427' title='bbox 682 2170 791 2214; x_wconf 77' lang='lat' dir='ltr'>manuS,</span> <span class='ocrx_word' id='word_1_428' title='bbox 815 2154 853 2204; x_wconf 92' lang='lat' dir='ltr'>sic</span> <span class='ocrx_word' id='word_1_429' title='bbox 877 2163 904 2203; x_wconf 91' lang='lat' dir='ltr'>et</span> <span class='ocrx_word' id='word_1_430' title='bbox 919 2153 1128 2213; x_wconf 86' lang='lat' dir='ltr'>conscientiam,</span> <span class='ocrx_word' id='word_1_431' title='bbox 1152 2152 1216 2220; x_wconf 86' lang='lat' dir='ltr'>quia</span> 
     </span>
     <span class='ocr_line' id='line_1_80' title="bbox 681 2224 1216 2292; baseline -0.006 -16"><span class='ocrx_word' id='word_1_432' title='bbox 681 2241 730 2292; x_wconf 87' lang='lat' dir='ltr'>ego</span> <span class='ocrx_word' id='word_1_433' title='bbox 754 2225 826 2276; x_wconf 89' lang='lat' dir='ltr'>volui</span> <span class='ocrx_word' id='word_1_434' title='bbox 847 2224 961 2274; x_wconf 88' lang='lat' dir='ltr'>liberare</span> <span class='ocrx_word' id='word_1_435' title='bbox 986 2225 1167 2287; x_wconf 89' lang='lat' dir='ltr'>innocentem,</span> <span class='ocrx_word' id='word_1_436' title='bbox 1191 2233 1216 2274; x_wconf 91' lang='lat' dir='ltr'>et</span> 
     </span>
     <span class='ocr_line' id='line_1_81' title="bbox 682 2292 1216 2360; baseline -0.006 -13"><span class='ocrx_word' id='word_1_437' title='bbox 682 2297 769 2347; x_wconf 89' lang='lat' dir='ltr'>solum</span> <span class='ocrx_word' id='word_1_438' title='bbox 786 2295 910 2344; x_wconf 88' lang='lat' dir='ltr'>minister</span> <span class='ocrx_word' id='word_1_439' title='bbox 926 2294 993 2360; x_wconf 87' lang='lat' dir='ltr'>legis</span> <span class='ocrx_word' id='word_1_440' title='bbox 1009 2308 1086 2357; x_wconf 81' lang='lat' dir='ltr'>sum3</span> <span class='ocrx_word' id='word_1_441' title='bbox 1108 2308 1157 2344; x_wconf 85' lang='lat' dir='ltr'>ros</span> <span class='ocrx_word' id='word_1_442' title='bbox 1172 2292 1216 2344; x_wconf 83' lang='lat' dir='ltr'>vi·</span> 
     </span>
     <span class='ocr_line' id='line_1_82' title="bbox 683 2364 1217 2433; baseline -0.004 -15"><span class='ocrx_word' id='word_1_443' title='bbox 683 2368 788 2431; x_wconf 85' lang='lat' dir='ltr'>deritis,</span> <span class='ocrx_word' id='word_1_444' title='bbox 804 2366 870 2433; x_wconf 91' lang='lat' dir='ltr'>quid</span> <span class='ocrx_word' id='word_1_445' title='bbox 887 2367 1025 2433; x_wconf 86' lang='lat' dir='ltr'>continget</span> <span class='ocrx_word' id='word_1_446' title='bbox 1042 2364 1122 2416; x_wconf 88' lang='lat' dir='ltr'>vobis</span> <span class='ocrx_word' id='word_1_447' title='bbox 1135 2380 1217 2432; x_wconf 69' lang='lat' dir='ltr'>quan7</span> 
     </span>
     <span class='ocr_line' id='line_1_83' title="bbox 683 2437 1217 2509; baseline -0.007 -19"><span class='ocrx_word' id='word_1_448' title='bbox 683 2451 741 2490; x_wconf 90' lang='lat' dir='ltr'>tum</span> <span class='ocrx_word' id='word_1_449' title='bbox 753 2441 786 2489; x_wconf 87' lang='lat' dir='ltr'>ad</span> <span class='ocrx_word' id='word_1_450' title='bbox 802 2437 966 2504; x_wconf 91' lang='lat' dir='ltr'>supplicium</span> <span class='ocrx_word' id='word_1_451' title='bbox 981 2453 1029 2509; x_wconf 80' lang='lat' dir='ltr'>pro</span> <span class='ocrx_word' id='word_1_452' title='bbox 1044 2437 1123 2502; x_wconf 89' lang='lat' dir='ltr'>culpa</span> <span class='ocrx_word' id='word_1_453' title='bbox 1136 2451 1217 2503; x_wconf 89' lang='lat' dir='ltr'>quam</span> 
     </span>
     <span class='ocr_line' id='line_1_84' title="bbox 683 2509 1219 2571; baseline -0.007 -9"><span class='ocrx_word' id='word_1_454' title='bbox 683 2511 864 2571; x_wconf 88' lang='lat' dir='ltr'>committitis,</span> <span class='ocrx_word' id='word_1_455' title='bbox 882 2525 934 2560; x_wconf 82' lang='lat' dir='ltr'>vox</span> <span class='ocrx_word' id='word_1_456' title='bbox 948 2509 1029 2563; x_wconf 80' lang='lat' dir='ltr'>‚enim</span> <span class='ocrx_word' id='word_1_457' title='bbox 1049 2519 1137 2559; x_wconf 87' lang='lat' dir='ltr'>vestra</span> <span class='ocrx_word' id='word_1_458' title='bbox 1154 2523 1219 2559; x_wconf 91' lang='lat' dir='ltr'>san-</span> 
     </span>
     <span class='ocr_line' id='line_1_85' title="bbox 683 2580 1219 2651; baseline -0.009 -16"><span class='ocrx_word' id='word_1_459' title='bbox 683 2585 793 2651; x_wconf 87' lang='lat' dir='ltr'>guinem</span> <span class='ocrx_word' id='word_1_460' title='bbox 812 2582 875 2648; x_wconf 82' lang='lat' dir='ltr'>justi</span> <span class='ocrx_word' id='word_1_461' title='bbox 898 2580 997 2640; x_wconf 85' lang='lat' dir='ltr'>fundit,</span> <span class='ocrx_word' id='word_1_462' title='bbox 1015 2581 1087 2630; x_wconf 91' lang='lat' dir='ltr'>unde</span> <span class='ocrx_word' id='word_1_463' title='bbox 1110 2595 1219 2646; x_wconf 86' lang='lat' dir='ltr'>poenam</span> 
     </span>
     <span class='ocr_line' id='line_1_86' title="bbox 682 2654 1220 2721; baseline -0.004 -14"><span class='ocrx_word' id='word_1_464' title='bbox 682 2657 811 2708; x_wconf 89' lang='lat' dir='ltr'>sentietis.</span> <span class='ocrx_word' id='word_1_465' title='bbox 827 2657 886 2706; x_wconf 90' lang='lat' dir='ltr'>Mos</span> <span class='ocrx_word' id='word_1_466' title='bbox 901 2654 1002 2721; x_wconf 90' lang='lat' dir='ltr'>quippe</span> <span class='ocrx_word' id='word_1_467' title='bbox 1018 2664 1075 2704; x_wconf 89' lang='lat' dir='ltr'>erat</span> <span class='ocrx_word' id='word_1_468' title='bbox 1087 2654 1160 2719; x_wconf 90' lang='lat' dir='ltr'>apud</span> <span class='ocrx_word' id='word_1_469' title='bbox 1174 2668 1220 2705; x_wconf 89' lang='lat' dir='ltr'>an·</span> 
     </span>
     <span class='ocr_line' id='line_1_87' title="bbox 682 2727 1219 2794; baseline -0.004 -16"><span class='ocrx_word' id='word_1_470' title='bbox 682 2729 784 2794; x_wconf 87' lang='lat' dir='ltr'>tiquos,</span> <span class='ocrx_word' id='word_1_471' title='bbox 798 2739 828 2778; x_wconf 89' lang='lat' dir='ltr'>ut</span> <span class='ocrx_word' id='word_1_472' title='bbox 842 2743 903 2777; x_wconf 91' lang='lat' dir='ltr'>cum</span> <span class='ocrx_word' id='word_1_473' title='bbox 920 2727 983 2793; x_wconf 92' lang='lat' dir='ltr'>quis</span> <span class='ocrx_word' id='word_1_474' title='bbox 997 2727 1076 2777; x_wconf 88' lang='lat' dir='ltr'>vellet</span> <span class='ocrx_word' id='word_1_475' title='bbox 1089 2741 1119 2776; x_wconf 90' lang='lat' dir='ltr'>se</span> <span class='ocrx_word' id='word_1_476' title='bbox 1130 2736 1219 2777; x_wconf 88' lang='lat' dir='ltr'>osten-</span> 
     </span>
     <span class='ocr_line' id='line_1_88' title="bbox 681 2798 1216 2866; baseline -0.002 -15"><span class='ocrx_word' id='word_1_477' title='bbox 681 2802 744 2851; x_wconf 87' lang='lat' dir='ltr'>dere</span> <span class='ocrx_word' id='word_1_478' title='bbox 766 2801 917 2850; x_wconf 91' lang='lat' dir='ltr'>immunem</span> <span class='ocrx_word' id='word_1_479' title='bbox 938 2815 954 2850; x_wconf 88' lang='lat' dir='ltr'>a</span> <span class='ocrx_word' id='word_1_480' title='bbox 976 2798 1090 2850; x_wconf 88' lang='lat' dir='ltr'>crimine</span> <span class='ocrx_word' id='word_1_481' title='bbox 1113 2799 1216 2866; x_wconf 89' lang='lat' dir='ltr'>aliquo,</span> 
     </span>
     <span class='ocr_line' id='line_1_89' title="bbox 681 2871 1217 2937; baseline -0.006 -15"><span class='ocrx_word' id='word_1_482' title='bbox 681 2880 786 2937; x_wconf 85' lang='lat' dir='ltr'>accepta</span> <span class='ocrx_word' id='word_1_483' title='bbox 808 2885 888 2937; x_wconf 87' lang='lat' dir='ltr'>aqua,</span> <span class='ocrx_word' id='word_1_484' title='bbox 911 2871 1009 2921; x_wconf 86' lang='lat' dir='ltr'>lavaret</span> <span class='ocrx_word' id='word_1_485' title='bbox 1033 2885 1132 2920; x_wconf 88' lang='lat' dir='ltr'>manus</span> <span class='ocrx_word' id='word_1_486' title='bbox 1154 2885 1217 2920; x_wconf 85' lang='lat' dir='ltr'>suas</span> 
     </span>
     <span class='ocr_line' id='line_1_90' title="bbox 682 2942 1216 3009; baseline 0 -17"><span class='ocrx_word' id='word_1_487' title='bbox 682 2957 771 2992; x_wconf 91' lang='lat' dir='ltr'>coram</span> <span class='ocrx_word' id='word_1_488' title='bbox 797 2942 907 3009; x_wconf 90' lang='lat' dir='ltr'>populo.</span> <span class='ocrx_word' id='word_1_489' title='bbox 928 2942 1005 2992; x_wconf 88' lang='lat' dir='ltr'>Lavit</span> <span class='ocrx_word' id='word_1_490' title='bbox 1029 2957 1092 3007; x_wconf 87' lang='lat' dir='ltr'>ergo</span> <span class='ocrx_word' id='word_1_491' title='bbox 1118 2956 1216 2992; x_wconf 85' lang='lat' dir='ltr'>manus</span> 
     </span>
     <span class='ocr_line' id='line_1_91' title="bbox 682 3016 1217 3082; baseline -0.004 -16"><span class='ocrx_word' id='word_1_492' title='bbox 682 3031 772 3066; x_wconf 90' lang='lat' dir='ltr'>coram</span> <span class='ocrx_word' id='word_1_493' title='bbox 788 3016 902 3082; x_wconf 75' lang='lat' dir='ltr'>populo,</span> <span class='ocrx_word' id='word_1_494' title='bbox 916 3025 946 3065; x_wconf 94' lang='lat' dir='ltr'>ut</span> <span class='ocrx_word' id='word_1_495' title='bbox 959 3030 1029 3081; x_wconf 90' lang='lat' dir='ltr'>quos</span> <span class='ocrx_word' id='word_1_496' title='bbox 1043 3030 1098 3064; x_wconf 90' lang='lat' dir='ltr'>non</span> <span class='ocrx_word' id='word_1_497' title='bbox 1113 3023 1217 3080; x_wconf 88' lang='lat' dir='ltr'>poterat</span> 
     </span>
     <span class='ocr_line' id='line_1_92' title="bbox 682 3083 1216 3152; baseline -0.006 -15"><span class='ocrx_word' id='word_1_498' title='bbox 682 3101 790 3137; x_wconf 89' lang='lat' dir='ltr'>movere</span> <span class='ocrx_word' id='word_1_499' title='bbox 807 3085 940 3146; x_wconf 88' lang='lat' dir='ltr'>suasione,</span> <span class='ocrx_word' id='word_1_500' title='bbox 965 3093 1084 3136; x_wconf 90' lang='lat' dir='ltr'>moveret</span> <span class='ocrx_word' id='word_1_501' title='bbox 1106 3083 1216 3152; x_wconf 83' lang='lat' dir='ltr'>signifi-</span> 
     </span>
     <span class='ocr_line' id='line_1_93' title="bbox 682 3155 1215 3223; baseline -0.004 -16"><span class='ocrx_word' id='word_1_502' title='bbox 682 3157 792 3217; x_wconf 87' lang='lat' dir='ltr'>catione,</span> <span class='ocrx_word' id='word_1_503' title='bbox 816 3173 870 3223; x_wconf 91' lang='lat' dir='ltr'>qua</span> <span class='ocrx_word' id='word_1_504' title='bbox 892 3155 1069 3222; x_wconf 84' lang='lat' dir='ltr'>significabat,</span> <span class='ocrx_word' id='word_1_505' title='bbox 1091 3155 1215 3221; x_wconf 83' lang='lat' dir='ltr'>inquam,</span> 
     </span>
     <span class='ocr_line' id='line_1_94' title="bbox 682 3225 1217 3286; baseline -0.006 -8"><span class='ocrx_word' id='word_1_506' title='bbox 682 3238 796 3278; x_wconf 89' lang='lat' dir='ltr'>mortem</span> <span class='ocrx_word' id='word_1_507' title='bbox 811 3227 921 3278; x_wconf 90' lang='lat' dir='ltr'>Christo</span> <span class='ocrx_word' id='word_1_508' title='bbox 934 3225 1041 3286; x_wconf 85' lang='lat' dir='ltr'>inferre,</span> <span class='ocrx_word' id='word_1_509' title='bbox 1052 3235 1079 3277; x_wconf 89' lang='lat' dir='ltr'>et</span> <span class='ocrx_word' id='word_1_510' title='bbox 1094 3241 1124 3276; x_wconf 90' lang='lat' dir='ltr'>se</span> <span class='ocrx_word' id='word_1_511' title='bbox 1137 3225 1217 3276; x_wconf 89' lang='lat' dir='ltr'>inno-</span> 
     </span>
     <span class='ocr_line' id='line_1_95' title="bbox 682 3297 1216 3351; baseline -0.006 0"><span class='ocrx_word' id='word_1_512' title='bbox 682 3310 784 3351; x_wconf 89' lang='lat' dir='ltr'>centem</span> <span class='ocrx_word' id='word_1_513' title='bbox 807 3314 822 3349; x_wconf 90' lang='lat' dir='ltr'>a</span> <span class='ocrx_word' id='word_1_514' title='bbox 843 3308 917 3350; x_wconf 90' lang='lat' dir='ltr'>tanto</span> <span class='ocrx_word' id='word_1_515' title='bbox 940 3300 1046 3350; x_wconf 88' lang='lat' dir='ltr'>scelere.</span> <span class='ocrx_word' id='word_1_516' title='bbox 1064 3297 1142 3349; x_wconf 86' lang='lat' dir='ltr'>Lavit</span> <span class='ocrx_word' id='word_1_517' title='bbox 1156 3312 1216 3348; x_wconf 87' lang='lat' dir='ltr'>ma-</span> 
     </span>
     <span class='ocr_line' id='line_1_96' title="bbox 683 3368 1216 3436; baseline -0.002 -15"><span class='ocrx_word' id='word_1_518' title='bbox 683 3387 736 3421; x_wconf 89' lang='lat' dir='ltr'>nus</span> <span class='ocrx_word' id='word_1_519' title='bbox 761 3386 833 3431; x_wconf 87' lang='lat' dir='ltr'>suas,</span> <span class='ocrx_word' id='word_1_520' title='bbox 857 3371 1001 3436; x_wconf 88' lang='lat' dir='ltr'>imponens</span> <span class='ocrx_word' id='word_1_521' title='bbox 1022 3379 1161 3436; x_wconf 88' lang='lat' dir='ltr'>peccatum</span> <span class='ocrx_word' id='word_1_522' title='bbox 1183 3368 1216 3420; x_wconf 87' lang='lat' dir='ltr'>de</span> 
     </span>
     <span class='ocr_line' id='line_1_97' title="bbox 681 3440 1216 3507; baseline 0 -17"><span class='ocrx_word' id='word_1_523' title='bbox 681 3449 769 3491; x_wconf 88' lang='lat' dir='ltr'>morte</span> <span class='ocrx_word' id='word_1_524' title='bbox 782 3440 884 3491; x_wconf 89' lang='lat' dir='ltr'>Christi</span> <span class='ocrx_word' id='word_1_525' title='bbox 900 3441 1008 3502; x_wconf 76' lang='lat' dir='ltr'>ludaeis,</span> <span class='ocrx_word' id='word_1_526' title='bbox 1023 3440 1091 3507; x_wconf 91' lang='lat' dir='ltr'>ipsis</span> <span class='ocrx_word' id='word_1_527' title='bbox 1106 3441 1160 3491; x_wconf 88' lang='lat' dir='ltr'>hoc</span> <span class='ocrx_word' id='word_1_528' title='bbox 1172 3454 1216 3490; x_wconf 87' lang='lat' dir='ltr'>re·</span> 
     </span>
     <span class='ocr_line' id='line_1_98' title="bbox 682 3513 1216 3581; baseline 0.002 -18"><span class='ocrx_word' id='word_1_529' title='bbox 682 3513 855 3580; x_wconf 88' lang='lat' dir='ltr'>cipientibus,</span> <span class='ocrx_word' id='word_1_530' title='bbox 870 3515 995 3581; x_wconf 87' lang='lat' dir='ltr'>quamvis</span> <span class='ocrx_word' id='word_1_531' title='bbox 1011 3530 1067 3564; x_wconf 91' lang='lat' dir='ltr'>non</span> <span class='ocrx_word' id='word_1_532' title='bbox 1086 3522 1158 3565; x_wconf 86' lang='lat' dir='ltr'>esset</span> <span class='ocrx_word' id='word_1_533' title='bbox 1169 3527 1216 3579; x_wconf 84' lang='lat' dir='ltr'>per</span> 
     </span>
     <span class='ocr_line' id='line_1_99' title="bbox 682 3585 1215 3647; baseline 0 -12"><span class='ocrx_word' id='word_1_534' title='bbox 682 3585 735 3635; x_wconf 91' lang='lat' dir='ltr'>hoc</span> <span class='ocrx_word' id='word_1_535' title='bbox 749 3586 898 3637; x_wconf 90' lang='lat' dir='ltr'>secundum</span> <span class='ocrx_word' id='word_1_536' title='bbox 912 3587 1050 3639; x_wconf 91' lang='lat' dir='ltr'>veritatem</span> <span class='ocrx_word' id='word_1_537' title='bbox 1059 3593 1215 3647; x_wconf 84' lang='lat' dir='ltr'>excusatus;</span> 
     </span>
     <span class='ocr_line' id='line_1_100' title="bbox 683 3657 1216 3725; baseline 0 -17"><span class='ocrx_word' id='word_1_538' title='bbox 683 3657 748 3724; x_wconf 88' lang='lat' dir='ltr'>quia</span> <span class='ocrx_word' id='word_1_539' title='bbox 764 3674 820 3708; x_wconf 92' lang='lat' dir='ltr'>non</span> <span class='ocrx_word' id='word_1_540' title='bbox 835 3659 906 3710; x_wconf 91' lang='lat' dir='ltr'>lotus</span> <span class='ocrx_word' id='word_1_541' title='bbox 923 3658 974 3710; x_wconf 90' lang='lat' dir='ltr'>fuit</span> <span class='ocrx_word' id='word_1_542' title='bbox 989 3673 1059 3725; x_wconf 89' lang='lat' dir='ltr'>aqua</span> <span class='ocrx_word' id='word_1_543' title='bbox 1075 3673 1143 3709; x_wconf 90' lang='lat' dir='ltr'>suus</span> <span class='ocrx_word' id='word_1_544' title='bbox 1156 3671 1216 3708; x_wconf 83' lang='lat' dir='ltr'>rea-</span> 
     </span>
     <span class='ocr_line' id='line_1_101' title="bbox 683 3727 1217 3795; baseline -0.004 -16"><span class='ocrx_word' id='word_1_545' title='bbox 683 3738 736 3790; x_wconf 87' lang='lat' dir='ltr'>tus,</span> <span class='ocrx_word' id='word_1_546' title='bbox 761 3729 942 3780; x_wconf 88' lang='lat' dir='ltr'>mentiebatur</span> <span class='ocrx_word' id='word_1_547' title='bbox 962 3744 1026 3795; x_wconf 85' lang='lat' dir='ltr'>ergo</span> <span class='ocrx_word' id='word_1_548' title='bbox 1049 3727 1164 3779; x_wconf 88' lang='lat' dir='ltr'>dicendo</span> <span class='ocrx_word' id='word_1_549' title='bbox 1188 3740 1217 3777; x_wconf 82' lang='lat' dir='ltr'>se</span> 
     </span>
     <span class='ocr_line' id='line_1_102' title="bbox 684 3798 1217 3869; baseline 0 -19"><span class='ocrx_word' id='word_1_550' title='bbox 684 3799 854 3854; x_wconf 87' lang='lat' dir='ltr'>innocentem</span> <span class='ocrx_word' id='word_1_551' title='bbox 869 3817 876 3854; x_wconf 74' lang='grc' dir='ltr'><strong>ε</strong></span> <span class='ocrx_word' id='word_1_552' title='bbox 891 3801 955 3869; x_wconf 90' lang='lat' dir='ltr'>quia</span> <span class='ocrx_word' id='word_1_553' title='bbox 968 3800 1069 3852; x_wconf 80' lang='lat' dir='ltr'>sciebat</span> <span class='ocrx_word' id='word_1_554' title='bbox 1079 3798 1152 3867; x_wconf 79' lang='lat' dir='ltr'>quod</span> <span class='ocrx_word' id='word_1_555' title='bbox 1165 3809 1217 3865; x_wconf 79' lang='lat' dir='ltr'>per</span> 
     </span>
    </p>
   </div>
   <div class='ocr_carea' id='block_1_7' title="bbox 0 0 1329 4328">
    <p class='ocr_par' dir='ltr' id='par_1_7' title="bbox 0 0 1329 4328">
     <span class='ocr_line' id='line_1_103' title="bbox 0 0 1329 4328; baseline 0 0"><span class='ocrx_word' id='word_1_556' title='bbox 0 0 1329 4328; x_wconf 95' lang='lat' dir='ltr'> </span> 
     </span>
    </p>
   </div>
  </div>
 </body>
</html>
