2626 4328
53 342 56 347 ·
124 269 304 330 QUOMODO
321 269 481 320 DOMtNUs
493 268 617 318 APPAR.
630 267 761 329 Dtsctt',
774 269 904 320 THOMA
920 269 1088 321 ABSENTE.
1143 271 1194 336 7⁰5

58 387 227 444 iudeorum,
256 396 285 435 et
314 396 424 450 propter
450 385 598 435 Dominicae

60 458 278 511 Resurrectionis
294 459 422 524 gaudium
435 496 441 518 ‚
454 459 501 524 qui
524 458 599 524 prius

63 533 182 598 dispersi
222 532 329 581 fuerant
358 542 467 596 propter
496 541 601 580 metum

58 607 237 666 Judaeorum,
266 615 292 654 et
326 614 435 668 propter
463 603 599 670 passionis

61 684 177 733 metum,
201 674 331 735 undecim,
355 680 381 724 et
403 688 449 724 eos
471 674 517 739 qui
539 689 598 724 cum

61 745 119 794 iltis
141 751 219 793 eram
242 747 275 793 de
297 744 468 810 septuaginta
491 744 599 794 duobus

58 813 214 879 discipulis,
230 813 371 879 loquentes
387 826 494 874 mutuo,
515 824 542 864 et
555 814 599 864 dt-

60 892 150 937 certtes
168 886 234 951 ipsis
248 886 363 936 duobus.
380 886 458 946 Quod
474 887 599 936 surrexit

59 958 194 1008 Dominus
208 972 278 1018 vere,
295 964 321 1007 et
335 959 465 1024 apparuit
482 959 597 1009 Simoni.

61 1028 102 1077 Et
116 1029 169 1092 ipsi
192 1029 246 1077 duo
261 1028 293 1077 ad
309 1030 438 1093 majorem
453 1029 597 1080 certitudi-

61 1115 125 1149 nem
140 1098 288 1149 faciendam
301 1101 333 1149 de
347 1101 563 1160 Resurrectione‚
583 1117 598 1150 e

59 1187 190 1223 converso
204 1173 424 1222 namaooatt'llt's
440 1189 501 1239 qnae
518 1180 597 1239 gesta

57 1249 139 1293 erunt
149 1243 174 1292 in
190 1244 243 1303 via,
256 1254 283 1292 et
295 1243 490 1308 apparitionem
501 1245 598 1294 factam

59 1315 119 1374 eis,
134 1320 160 1364 et
181 1315 311 1380 quomodo
336 1323 520 1380 cognouetnott
540 1330 598 1366 eunt

60 1389 90 1437 in
98 1388 241 1452 fractione
249 1389 341 1453 ponis.

94 1477 109 1511 2
127 1463 220 1512 innuis
238 1478 359 1522 cuausts,
376 1464 526 1514 lirosrotts
546 1481 596 1514 sr-

59 1548 161 1581 rnuurr
175 1533 307 1582 Dontrtus.
322 1562 353 1572 -
368 1535 419 1583 Sed
441 1535 552 1599 quidam
565 1551 598 1584 ex

58 1601 98 1651 eis
111 1617 158 1650 nec
170 1602 231 1652 istis
244 1604 360 1665 duobus,
376 1619 424 1653 nec
437 1605 498 1654 aliis
508 1605 598 1654 crede·

60 1673 142 1734 bant;
158 1689 190 1722 ex
204 1673 305 1740 quibus
318 1690 390 1724 unus
403 1675 523 1724 Thomas
533 1686 596 1724 erat.

59 1742 207 1794 Considera
232 1745 313 1794 rnodo
339 1755 439 1810 quanta
460 1746 498 1794 ibi
524 1746 597 1795 laeti-

58 1814 96 1862 tia
122 1813 212 1874 fuerit,
233 1816 299 1864 dum
318 1814 364 1865 isti
389 1826 417 1865 et
446 1814 486 1865 illi
512 1816 596 1866 vicis-

56 1884 113 1933 sim
149 1900 197 1934 sua
233 1886 330 1950 gaudia
365 1886 529 1936 nuntiarent.
564 1887 599 1936 Et

58 1953 126 2002 dum
162 1954 220 2004 baec
255 1957 432 2020 loquerentur
461 1957 494 2007 ad
522 1957 596 2007 invi-

58 2041 136 2086 cem,
165 2027 251 2077 exivit
276 2029 397 2079 Thomas
424 2029 496 2079 inde.
532 2031 596 2090 Quo

59 2111 178 2160 egresso,
192 2098 258 2146 dum
278 2097 365 2148 adhuc
387 2098 432 2148 alii
456 2100 596 2166 colloque-

59 2177 154 2217 rentur
169 2169 202 2218 de
217 2169 261 2218 his
275 2185 336 2236 quae
351 2171 493 2221 audierant
506 2180 532 2220 et
552 2171 598 2222 vi·

57 2239 165 2302 derant,
185 2249 212 2289 et
226 2254 287 2290 sero
302 2240 362 2306 jam
379 2248 457 2303 esset,
478 2242 523 2292 die
547 2242 596 2291 itta

59 2308 198 2372 praedicta,
210 2310 320 2369 scilicet,
339 2327 392 2361 utto
411 2313 594 2375 sabbatorum,

59 2378 87 2426 id
107 2388 148 2427 est
168 2380 256 2443 prima
278 2390 337 2445 post
359 2382 512 2441 sabbatum,
526 2397 595 2446 .quae

58 2457 101 2498 est
123 2450 276 2511 Dominica‚
291 2451 343 2501 hoe
368 2463 409 2502 est
433 2453 527 2502 eadem
552 2453 597 2502 die

59 2520 277 2571 Resurrectionis
290 2522 454 2584 Dominicae;
471 2528 497 2572 et
502 2521 596 2586 sores,

59 2589 87 2638 id
111 2598 152 2639 est
178 2591 257 2652 ostia,
280 2608 341 2657 quae
363 2592 435 2642 fores
457 2592 595 2652 dicuutur,

59 2661 126 2728 quia
149 2664 181 2712 de
202 2664 285 2714 domo
311 2667 415 2715 ducunt
441 2664 527 2728 foras,
549 2679 599 2716 es·-

58 2739 119 2782 sent
138 2734 248 2796 elausae,
271 2743 386 2801 propter
417 2742 513 2786 metum
538 2737 596 2786 Ju-

59 2803 182 2853 doeorum
195 2842 204 2867 ,
229 2807 302 2870 quod
330 2806 411 2856 etiam
438 2805 530 2856 diviua
551 2822 596 2857 re-

59 2873 195 2924 velatione
224 2885 264 2924 est
289 2876 409 2936 factum,
435 2887 466 2926 ut
494 2877 597 2927 scilicet

57 2948 138 2996 lesus
162 2948 267 2998 intrans
295 2950 328 2999 ad
356 2949 527 3014 discipulos,
555 2950 596 3014 'Ja-

60 3019 126 3068 nuis
142 3020 250 3082 clausis,
275 3021 460 3072 manifestaret
474 3022 516 3072 eis
540 3022 597 3072 vir-

59 3102 147 3142 tutem
173 3111 228 3159 suae
253 3096 411 3161 potestatis,
432 3105 460 3146 et
483 3094 596 3160 gloriosi

58 3164 103 3213 sui
122 3166 258 3230 corporis3
281 3167 354 3216 venit
366 3167 503 3216 Dominus
519 3166 597 3216 lesus

59 3234 93 3283 ad
134 3249 200 3284 suos
236 3236 386 3301 discipulos
414 3252 429 3288 a
462 3236 597 3286 desiderio

58 3322 155 3356 eorum
176 3318 296 3370 vocatus,
316 3309 427 3360 indutus
447 3309 596 3360 albissimis

57 3379 230 3430 vestimentis
244 3382 369 3446 gloriosae
381 3381 596 3432 Resurrectionis

59 3467 116 3502 suae
132 3462 158 3502 et
174 3455 319 3515 novitatis,
337 3465 362 3505 et
376 3455 478 3505 intrans
492 3455 524 3505 ad
538 3471 598 3515 eos,

58 3523 149 3587 januis
159 3524 267 3583 clausis,
278 3526 352 3576 stetit
363 3525 390 3575 in
399 3525 485 3575 medio
495 3538 594 3588 corson,

59 3600 91 3640 ut
103 3592 240 3643 videretur
254 3595 287 3644 ab
301 3595 440 3656 omnibus,
455 3594 520 3659 quia
533 3609 600 3644 con»

60 3664 163 3729 gregati
180 3675 257 3715 erant
280 3666 309 3715 in
323 3666 438 3716 nornine
458 3667 524 3731 ejus.
547 3667 597 3715 Se—

58 3735 181 3784 cundum
192 3737 305 3794 Hedum,
316 3738 377 3787 ideo
391 3753 452 3788 sero
464 3737 597 3802 apparuit,

60 3805 125 3870 quia
136 3816 201 3856 tunc
216 3810 335 3860 maxime
348 3811 438 3861 timidi
453 3819 544 3872 erant;
561 3820 596 3868 et,

58 3876 210 3926 secundum
228 3879 411 3946 Theophilum,
423 3881 598 3947 prestolaba-

661 395 706 434 tur
731 394 762 434 ut
787 401 886 436 omnes
909 387 1096 446 convenirent,
1118 388 1198 438 ostiis

660 470 724 504 vero
745 456 852 518 clausis,
877 466 906 506 ut
926 472 957 506 se
977 473 1076 522 corpus
1091 458 1194 522 glorio-

660 542 732 586 sum,
749 527 792 576 cui
807 528 881 577 aliud
895 544 951 578 non
968 529 1080 588 resistit,
1096 530 1199 582 hahere

660 598 822 649 ostenderet.
839 594 897 664 lpse
911 600 992 650 etiarn
1007 602 1040 651 ad
1054 617 1196 667 congrega·

659 680 702 721 tos
717 671 801 734 veuit,
816 681 845 722 et
864 672 981 737 Spiritus
995 674 1028 723 sd
1047 689 1196 739 congrega-

659 750 701 792 tos
711 743 858 802 descendit,
872 743 937 808 quia
952 744 1079 796 Christus
1091 756 1118 794 et
1129 745 1194 810 Spi÷

659 813 727 863 riuis
747 815 859 864 Sanctus
881 831 936 864 nou
958 815 1012 866 uisi
1036 815 1064 865 iu
1089 816 1195 867 cariute

658 886 826 952 oongregatis
837 887 945 936 adsunt.
959 888 1041 937 Stetit
1054 889 1083 938 t'tt
1095 889 1197 952 medio,

659 966 689 1006 ut
703 972 797 1006 omnes
806 958 1103 1033 eumccertitudinaliter
1112 975 1193 1024 agno·⁸

659 1029 778 1092 merem,
807 1039 833 1080 et
860 1046 954 1080 omnes
979 1032 1194 1082 consolationem

658 1115 715 1150 suoe
731 1101 880 1165 presentiae
891 1102 1048 1166 reciperent.
1064 1103 1098 1152 Et
1115 1112 1190 1163 nota,

658 1172 731 1237 quod
746 1171 815 1221 sicut
828 1171 894 1221 dicit
907 1171 1065 1230 Sallustius,
1085 1173 1193 1225 medius

658 1242 735 1292 locus
746 1252 787 1292 est
804 1241 954 1307 dignitatis,
968 1253 994 1293 et
1009 1243 1123 1292 debetur
1139 1243 1194 1292 ho-

659 1312 881 1370 norabilioribus;
898 1322 1004 1377 propter
1018 1313 1091 1378 quod
1107 1312 1193 1363 Chri·

658 1393 716 1435 stus
731 1384 805 1435 stetit
819 1385 847 1434 in
868 1385 955 1434 medio
969 1385 1166 1450 discipulorum
1180 1403 1190 1436 t

658 1456 729 1507 siem
743 1456 784 1505 sol
805 1455 876 1506 inter
894 1455 1100 1514 onerantem
1123 1455 1192 1506 illn-

658 1530 787 1592 miuaret;
810 1529 879 1579 sicut
901 1529 952 1579 flos
976 1529 1047 1579 inter
1066 1529 1141 1588 lilia,
1159 1539 1192 1581 ut

657 1615 705 1650 eos
723 1600 877 1662 decoraret3
890 1600 962 1650 sicut
976 1599 1101 1665 princeps
1122 1599 1194 1650 inter

657 1673 768 1732 milites,
780 1682 810 1722 ut
822 1687 870 1722 eos
882 1673 1037 1735 roboraret3
1052 1673 1122 1724 sicut
1138 1689 1195 1724 ma·

657 1743 740 1808 gister
753 1743 822 1793 inter
832 1742 990 1807 discipulos,
1002 1752 1033 1793 ut
1048 1759 1095 1793 eos
1109 1743 1193 1794 infor-

658 1823 758 1876 maret3
783 1813 853 1864 sicut
874 1824 946 1879 pater
967 1813 1134 1876 interfilios,
1158 1826 1190 1865 ut

657 1897 703 1934 eos
736 1885 919 1945 concordatum
954 1883 1023 1935 sicut
1052 1900 1096 1935 cor
1122 1884 1192 1935 inter

658 1954 788 2022 membra,
806 1965 836 2004 ut
849 1970 879 2005 ea
893 1954 1053 2013 vivificaret,
1072 1964 1099 2005 et
1120 1955 1192 2006 sicut

658 2026 813 2076 communis
825 2027 938 2086 amicus,
956 2037 985 2077 ut
999 2027 1128 2077 omnibus
1149 2027 1190 2077 eis

656 2113 685 2148 se
720 2099 941 2149 communicaret.
970 2099 1048 2149 Unde
1080 2099 1192 2164 quaudo-

656 2185 752 2220 sumus
773 2172 865 2235 plures
892 2171 1012 2236 aliquem
1032 2171 1185 2236 diligentes,

656 2240 679 2289 si
694 2241 896 2306 supervenerit,
912 2241 1057 2292 statuimus
1072 2256 1133 2290 eum
1159 2240 1187 2290 iu

655 2311 762 2368 medio,
791 2320 821 2361 ut
840 2311 941 2378 singuli
962 2311 1100 2377 possimus
1130 2310 1188 2374 ejus

655 2383 709 2433 frui
724 2383 875 2448 presentia.
892 2385 938 2434 Est
949 2393 1040 2434 autem
1055 2382 1093 2434 ibi
1105 2384 1190 2433 altare

655 2454 684 2503 in
701 2454 759 2504 loco
777 2454 824 2504 ubi
850 2454 983 2505 Dominus
1005 2453 1104 2504 dicitur
1124 2463 1192 2504 tuuc

655 2523 770 2574 stetisse.
795 2523 1031 2575 Considerandum
1056 2533 1099 2575 est
1124 2523 1191 2584 hic,

655 2596 729 2662 quod
743 2596 776 2645 de
790 2611 820 2646 se
836 2595 1064 2662 colloquentibus,
1089 2595 1190 2646 Domi-

656 2683 709 2717 nus
725 2667 755 2716 in
778 2667 868 2718 medio
891 2667 996 2718 stetisse
1023 2667 1131 2727 dicitur,
1158 2677 1190 2724 ut

656 2737 849 2804 intelligamus,
875 2737 939 2803 quia
957 2753 1022 2788 eum
1045 2737 1190 2787 uobiscum

655 2808 823 2860 habitantem
838 2808 1034 2867 habebimussi
1044 2806 1190 2873 quotiesin

656 2897 743 2931 unum
759 2896 980 2946 congregamur,
1008 2895 1039 2930 ea
1068 2894 1129 2944 quae
1153 2878 1190 2928 sd

656 2951 714 3016 ejus
739 2951 846 3001 laudem
872 2961 899 3000 et
923 2950 1043 3001 nostram
1073 2949 1188 2998 salutem

656 3022 799 3089 pertinent,
815 3023 938 3087 agimtts,
953 3023 1026 3086 juxta
1039 3021 1112 3086 quod
1127 3019 1189 3069 ait:
1235 3048 1236 3051 =

660 3093 712 3144 Ubi
716 3092 825 3157 suerint
838 3093 890 3144 duo
905 3093 947 3143 uel
961 3099 1015 3142 tres
1026 3090 1190 3156 congregati

656 3168 683 3217 in
695 3164 802 3216 nomin
816 3179 896 3229 seeo,
921 3165 957 3216 itt
976 3179 1036 3216 stem
1051 3163 1082 3213 in
1101 3160 1190 3213 rnedt'u

655 3255 756 3291 eorum.

688 3310 702 3360 3
724 3311 807 3361 Jusuu
827 3326 967 3361 susurrans
987 3323 1102 3360 totunm
1117 3322 1188 3364 Qun-

655 3396 728 3431 ruott
753 3397 920 3432 rotumnam.
943 3409 974 3419 ·-
998 3379 1114 3439 Quando
1136 3393 1190 3428 au·

654 3461 709 3502 tem
731 3452 810 3501 iesus
834 3452 957 3502 Salvator
982 3451 1016 3502 sd
1041 3447 1191 3514 discipulos

655 3522 737 3583 venit,
763 3521 818 3588 ipsi
844 3532 921 3573 erant
943 3522 972 3572 iu
994 3521 1101 3583 timore,
1127 3533 1190 3569 seso

656 3593 757 3645 factum
776 3605 842 3655 erut,
866 3595 893 3644 in
919 3609 1007 3644 uuum
1022 3603 1098 3643 erant
1120 3606 1191 3641 cou—
1245 3637 1248 3645 ,

655 3665 770 3732 gregati,
788 3677 814 3716 et
834 3665 907 3716 tores
924 3674 1003 3714 erant
1026 3664 1131 3715 clausae.
1157 3661 1188 3710 lu

655 3735 755 3801 quibus
772 3746 891 3801 quatuor
911 3734 1083 3785 insinuantur
1109 3730 1191 3781 uobis

654 3807 731 3858 valde
759 3807 930 3867 necessaria,
960 3814 991 3857 ut
1024 3805 1188 3856 saltatorem

656 3895 738 3946 quem
762 3889 950 3946 exspectamus
971 3879 1106 3943 suscipere
1125 3887 1187 3924 me-
