2626 4328
153 217 205 267 612

153 334 225 387 emm
244 349 318 393 eum
332 332 504 399 miseritam
528 331 690 385 dilexerant

152 407 249 471 injuste
261 405 379 457 occisum
394 405 533 468 dolebsnn
543 404 600 455 sive
608 406 686 472 cujus

153 487 271 530 mortem
282 491 311 528 se
328 476 484 541 impetrasse
506 476 685 529 memineram

153 552 227 605 huuc
251 551 279 602 in
301 560 416 601 mortem
439 548 558 617 emplius
578 548 684 617 glorifi-

152 633 245 677 catum
271 620 422 671 tremebant
444 637 451 670 :
473 620 593 687 primum
621 636 684 687 per-

150 698 218 749 tinet
230 697 265 747 sd
284 697 382 756 bonos,
405 695 554 745 secundum
573 693 609 746 ad
622 709 684 745 ms·

152 770 204 819 los.
227 765 380 820 Condolens
399 779 466 831 eogo
489 766 583 831 plort,
606 773 633 815 et
653 774 684 815 tu

154 853 215 893 cum
238 834 416 891 mulieribus,
433 844 460 884 et
474 833 547 894 aliis,
563 834 588 884 si
610 833 684 899 piam

153 910 272 962 animam
297 908 389 967 hebes,
404 918 430 957 et
447 907 546 959 viscera
567 906 683 974 pietatis

154 980 232 1032 Unde
245 978 389 1031 anselmus
408 995 416 1028 .·
438 998 453 1023 ι
464 978 559 1041 Stupet
574 977 684 1037 coelum,

153 1063 223 1105 term
247 1051 369 1103 miratur.
390 1049 461 1109 Quid
481 1049 526 1101 tu?
544 1049 608 1101 Non
627 1047 684 1099 mi·

153 1139 227 1184 rum,
244 1122 267 1173 si
283 1123 340 1173 sole
357 1120 525 1179 contristato,
539 1130 569 1171 tu
582 1118 684 1170 contri·

153 1194 247 1257 staris3
268 1193 290 1245 si
315 1203 385 1243 terra
402 1191 634 1250 contremiscente,
654 1200 683 1240 tu

152 1265 338 1319 contremiscis
346 1280 357 1329 ;.
375 1264 399 1314 si
421 1264 515 1314 scissis
535 1262 614 1322 saxis,
637 1277 683 1313 cor

153 1350 231 1392 tuum
248 1338 398 1402 scinditur,
419 1337 442 1387 si
464 1335 595 1387 dentibus
606 1334 685 1399 juxta

152 1426 258 1463 crucem
274 1407 443 1466 mulieribus,
460 1417 490 1457 tu
509 1408 683 1473 collacryma-

153 1482 213 1535 ris:
228 1500 244 1529 »
258 1481 314 1532 baec
336 1478 487 1531 amelinus.
510 1479 578 1528 Ecce
601 1477 683 1544 igitur

152 1553 253 1618 pendet
263 1550 396 1601 Dominus
407 1550 435 1599 in
449 1565 529 1600 cruce
544 1560 682 1611 mortuus;

154 1623 254 1675 recedit
287 1621 434 1672 multitudo
459 1631 533 1680 tota,
564 1630 684 1672 remanet

154 1691 328 1745 moestissima
346 1700 430 1741 mater
451 1707 514 1742 cum
535 1692 639 1742 loanne
659 1699 685 1742 et

154 1765 319 1830 Magdalena,
334 1778 398 1812 cum
412 1763 518 1815 duabus
533 1763 592 1815 suis
608 1777 683 1814 soro·

153 1836 239 1885 ribus.
246 1835 298 1885 Sed
312 1833 378 1899 quid
390 1843 453 1885 tunc
465 1843 548 1884 mater
557 1832 684 1898 faciebstg

154 1907 269 1959 Levabet
284 1921 381 1957 munus
399 1920 453 1970 prae
475 1906 564 1957 cordis
577 1905 684 1957 deside·

153 1979 204 2039 rio,
217 1987 323 2043 tangere
333 1977 442 2040 cupiens
451 1976 577 2029 dilectum
591 1993 682 2039 suum,

153 2059 183 2099 ut
196 2049 238 2101 vel
262 2049 300 2100 sic
322 2047 409 2097 dolori
429 2041 456 2098 et
478 2048 565 2099 emori
585 2046 685 2099 melius

153 2121 293 2173 consulere
305 2118 443 2185 potuisset
464 2119 589 2184 Cumque
609 2119 684 2170 aliud

152 2191 278 2244 solatium
302 2206 358 2241 non
381 2190 500 2251 haberet,
525 2190 683 2256 sanguinem

153 2265 323 2324 fumantem,
345 2273 421 2314 etex
443 2264 600 2316 vulneribus
620 2264 684 2315 Filii

153 2338 188 2387 ad
203 2346 301 2389 terram
317 2351 404 2401 usque
419 2335 576 2398 stillantem,
599 2336 686 2388 nimia

152 2406 355 2458 cumeriditate
366 2405 578 2468 deosculabatur,
589 2407 617 2459 in
629 2417 686 2457 tan

152 2489 212 2531 tum
232 2489 262 2530 ut
275 2478 354 2529 facies
374 2479 433 2542 eius
453 2478 487 2531 de
509 2493 602 2532 cruore
620 2478 683 2530 Filii

150 2549 193 2598 sui
207 2548 291 2598 occisi
306 2547 510 2611 sanguinolenta
529 2548 684 2600 redderetur

153 2620 231 2670 Unde
244 2619 426 2682 Augustinus,
444 2620 514 2669 inter
529 2630 623 2679 cetera,
645 2621 683 2671 sic

151 2690 188 2741 nit
203 2705 210 2740 ι
223 2690 318 2739 Juxta
342 2703 447 2739 crucem
470 2691 560 2740 stabat
582 2692 683 2752 Maria,

151 2760 326 2813 considerans
360 2760 438 2810 vultu
464 2760 581 2826 benigno
604 2763 684 2814 Chri-

151 2842 226 2884 stum
248 2831 409 2897 pendentem
434 2829 461 2879 in
484 2831 570 2882 crucis
591 2833 682 2897 stipite

152 2919 232 2964 sevo,
250 2901 420 2968 pedibusque
436 2901 534 2961 nitens,
553 2901 582 2953 in
594 2902 682 2955 altum

152 2990 248 3027 manus
260 2975 372 3034 levabit,
394 2974 558 3039 amplectens
576 2989 680 3028 erucem

152 3061 288 3112 ruensque
310 3045 339 3095 in
362 3046 451 3097 oscula
475 3045 542 3110 ejus.
565 3045 606 3097 Ex
628 3061 682 3112 qua

150 3130 223 3184 parte
236 3119 378 3186 sanguinis
398 3120 470 3171 unda
487 3134 593 3171 crimem
610 3120 682 3186 riga-

151 3190 205 3250 bat,
225 3190 290 3242 illuc
301 3206 329 3240 se
342 3191 468 3250 vertebat,
484 3200 515 3241 ut
530 3206 592 3241 eam
610 3206 682 3242 com-

151 3260 230 3322 plecti
247 3261 364 3320 rnleret,
379 3276 412 3311 ex
425 3276 480 3326 quo
498 3276 607 3312 sursum
621 3277 682 3312 mn-

150 3329 202 3381 nus
219 3331 362 3382 extendere
374 3346 428 3381 non
442 3331 554 3383 valebat.
569 3332 682 3384 Volebat

149 3401 275 3466 amplecti
298 3402 437 3454 Christum
460 3402 489 3453 in
508 3404 595 3455 ultum
612 3420 681 3470 pen-

150 3471 277 3533 dentem,
304 3474 352 3523 sed
373 3489 470 3525 manus
495 3473 562 3526 inde
583 3474 682 3527 frustra

150 3557 259 3593 reuersis
282 3543 311 3594 in
332 3560 361 3595 se
383 3544 506 3598 redibant
526 3547 680 3612 complexae.

152 3613 187 3664 Se
203 3613 320 3664 levansa
335 3624 426 3676 terra,
440 3631 550 3666 sursum
563 3616 682 3683 erigebat

151 3683 184 3734 nd
199 3683 353 3748 Christum;
376 3698 402 3735 et
413 3685 480 3751 quin
491 3696 600 3752 tangere
613 3687 680 3738 illud

152 3754 291 3821 nequibat,
304 3757 377 3806 male
384 3757 563 3809 collidebatur
575 3759 607 3811 ad
624 3769 681 3811 ter-

151 3841 217 3879 rem.
233 3826 328 3879 Mortis
348 3829 433 3892 pallor
449 3830 507 3894 ejus
528 3829 680 3896 perfuderat

424 194 597 271 sedunus
616 218 750 279 esuris
768 218 886 273 carus
902 221 993 274 tutu.
1059 203 1066 213 '

737 336 859 399 rultum3
876 337 1055 403 genistamen
1068 348 1167 403 etone,
1187 341 1262 395 Chn'-

738 405 772 455 sti
800 420 893 457 eruore
920 408 1002 458 rubea
1033 418 1100 462 emt.
1135 411 1265 465 (ζώω

737 484 826 540 guttas
840 477 982 543 sanguinis
995 494 1045 532 ore
1055 495 1132 532 sucro
1147 481 1262 549 lingebat

737 557 834 600 terram
859 549 1032 615 deosculans,
1060 569 1144 619 quam
1164 556 1265 623 cruoris

738 621 809 670 unda
832 620 983 687 rigabatO
1007 638 1092 690 quam
1117 625 1262 679 mdetunc

738 691 777 742 illi
796 693 865 743 erat!
880 713 894 741 ι
908 695 966 745 haec
984 697 1169 761 Augustinus.
1191 700 1261 753 Tan·

736 763 798 815 dem
810 776 914 831 ponunt
926 782 956 817 se
965 783 1059 819 omnes
1069 769 1107 819 ad
1120 771 1263 825 sedendum

736 836 810 901 juxta
824 853 940 900 crucem,
963 843 1183 907 mntemptmtur
1200 846 1263 897 dib-

736 916 809 957 ctum
823 923 917 968 suum,
929 920 1083 976 exspectent
1092 928 1110 963 a
1125 913 1263 967 1)ωωί-

736 975 814 1038 lium,
842 980 980 1044 quomodo
1010 981 1103 1047 ipsum
1135 983 1264 1051 &pom

736 1049 848 1109 valeant,
860 1060 886 1100 et
897 1051 1020 1116 sepelire.

771 1133 799 1169 11
814 1120 834 1171 F
836 1135 996 1171 innuuntur
1012 1138 1158 1175 mnenon
1174 1141 1265 1177 cumn

737 1216 767 1227 -
779 1189 1016 1242 Commoruntibus
1030 1192 1123 1259 igitur,
1134 1204 1166 1246 et
1180 1196 1265 1249 aeden

737 1257 810 1311 tibus
822 1260 862 1311 eis
872 1277 954 1327 prope
967 1278 1083 1327 crucem,
1101 1274 1128 1315 et
1140 1265 1266 1332 aspicien-

737 1329 810 1381 tibus
822 1331 883 1383 sine
895 1331 1100 1385 intermissione
1118 1336 1264 1389 Dominum

736 1403 828 1457 lesum
855 1405 924 1456 :sic
947 1407 1111 1472 pendentem
1136 1407 1171 1459 in
1191 1424 1265 1461 aime

738 1476 808 1527 inter
822 1478 951 1539 latrones,
968 1478 1009 1529 sic
1027 1481 1144 1540 nudum,
1158 1480 1200 1533 sir
1216 1483 1265 1533 de-

737 1556 885 1613 turpatum,
906 1549 944 1598 sic
966 1549 1105 1610 afflictum,
1124 1551 1167 1603 sic
1192 1567 1263 1604 mtt-

737 1626 824 1682 tuum,
843 1620 922 1670 etsie
948 1619 981 1670 ab
1007 1621 1137 1673 omnibus
1171 1622 1266 1674 dereli-

737 1699 827 1751 ctum;
844 1704 904 1740 ecce
917 1690 1013 1741 armati
1027 1691 1107 1742 multi
1125 1694 1265 1747 ventebmt

737 1759 873 1811 acivitate
897 1777 990 1812 versus
1010 1777 1065 1822 eos,
1090 1762 1139 1829 qui
1162 1764 1267 1817 lieentia

738 1829 816 1881 Pilati
827 1831 928 1891 habita,
943 1831 1119 1883 mittebantur
1128 1834 1266 1893 affluis,

737 1910 770 1950 ut
788 1901 856 1968 ipsis
870 1901 1004 1953 crucifixis
1018 1917 1099 1956 crura
1110 1903 1266 1972 fremeren-

738 1979 790 2030 tur,
807 1981 838 2022 ut
848 1971 927 2021 citius
948 1982 1124 2033 morerentur,
1141 1983 1173 2025 et
1183 1975 1266 2028 telier

738 2043 838 2094 mortui
858 2045 1016 2096 tollerentur
1028 2045 1062 2095 de
1076 2046 1231 2111 patibulis,
1241 2059 1267 2100 et
1303 2099 1305 2103 ,

737 2113 932 2180 sepelirentur:
952 2115 989 2165 Ut
1003 2130 1056 2166 non
1070 2115 1099 2166 in
1112 2118 1265 2185 msgundie

738 2186 849 2247 sabbati,
860 2187 907 2253 qui
927 2203 942 2236 a
964 2203 1074 2254 vespera
1096 2199 1182 2243 sextae
1197 2189 1267 2243 ἰωὴ

738 2261 889 2326 incipiebat,
900 2272 927 2313 et
939 2273 1048 2328 propter
1063 2262 1158 2328 ipsum
1170 2266 1267 2317 munn-

737 2345 805 2398 tum,
829 2346 855 2388 et
873 2347 980 2401 propter
994 2336 1093 2388 festum
1107 2353 1268 2404 wmurum

737 2407 812 2457 valde
837 2406 968 2457 solemnis
989 2416 1056 2467 erat,
1080 2422 1200 2474 corpor-a
1217 2424 1265 2461 en·

737 2497 800 2533 rum
819 2482 847 2532 iit
868 2495 945 2532 cruce
970 2481 1115 2546 pendentia
1140 2497 1267 2536 rm-

736 2558 815 2612 rent,
826 2561 855 2602 et
879 2551 978 2601 festum
1005 2550 1118 2603 horrore
1143 2552 1269 2605 diuturni

737 2625 869 2677 cruciatus
890 2624 1030 2674 foedarent.
1044 2624 1137 2676 Prima
1156 2625 1267 2692 quim

736 2695 794 2745 dies
822 2694 944 2753 Paschae,
969 2708 1023 2759 qua
1054 2694 1203 2749 crucifinus
1228 2706 1269 2747 est

736 2764 886 2826 Dominus,
902 2764 1033 2816 solemnis
1056 2775 1114 2817 eret
1133 2767 1207 2832 apud
1220 2767 1268 2819 itt·

736 2835 823 2896 daeos;
854 2835 970 2884 aectmda
998 2843 1087 2885 tamen
1115 2834 1197 2896 dees,
1221 2851 1270 2902 pro

735 2916 799 2957 tunc
812 2904 863 2956 fuit
876 2905 1034 2965 solemnior,
1049 2907 1154 2958 ratione
1166 2907 1267 2959 dabui

735 2979 805 3045 apud
818 2993 874 3038 eos,
887 2977 952 3044 quia
964 2978 1008 3028 die
1018 2979 1133 3040 sabbati,
1144 2979 1268 3045 quein·

735 3061 774 3101 tra
788 3060 891 3101 octenas
907 3051 1074 3110 occurrebat,
1094 3050 1196 3116 duplen
1212 3049 1274 3103 tw

734 3132 793 3173 tum
807 3131 871 3173 erat
886 3121 949 3171 Ideo
973 3121 1025 3172 hoc
1044 3120 1193 3182 faciebant,
1203 3121 1267 3187 quia

735 3193 764 3244 in
776 3193 846 3258 Lege
862 3201 1022 3257 praeceptum
1041 3202 1097 3242 erat
1108 3229 1120 3252 ,
1132 3200 1166 3241 ut
1187 3191 1269 3242 carh-

734 3279 796 3315 vera
817 3279 1010 3328 suspensorum
1032 3272 1141 3328 propter
1159 3261 1266 3321 delicte,

734 3350 822 3402 usque
839 3350 919 3385 mane
932 3351 988 3385 non
1012 3344 1101 3385 essent
1124 3348 1268 3400 suspense,

735 3422 768 3457 ne
792 3405 854 3456 inde
880 3406 1043 3470 pollueretur
1076 3413 1156 3456 terre.
1186 3404 1265 3457 Unde

739 3477 901 3542 Tireophilus
916 3495 923 3528 :
938 3496 952 3525 u
965 3477 1009 3528 Sic
1023 3476 1095 3527 enim
1104 3476 1269 3541 jubebannsr

735 3548 764 3598 in
776 3549 845 3613 Lege
862 3564 918 3598 non
932 3547 1053 3597 occidere
1064 3546 1151 3597 solem
1165 3546 1195 3598 in
1209 3546 1265 3597 ho-

735 3617 818 3669 minis
836 3617 1007 3684 supplicio.»
1030 3617 1092 3675 Sed,
1115 3616 1269 3667 secundum

736 3689 967 3756 chrysostomum,
981 3686 1067 3737 ludaei
1081 3685 1134 3736 ltoc
1148 3685 1264 3751 quidem

735 3760 764 3811 in
792 3758 880 3824 parvis
906 3758 1049 3822 diligentes
1069 3765 1144 3815 suut,
1169 3756 1219 3807 sed
1241 3756 1270 3807 in

734 3829 843 3895 stagnis
875 3836 1109 3892 contempserunt,
1145 3836 1177 3878 et
1204 3841 1269 3879 cum
