2626 4328
302 310 350 363 DE
366 310 570 372 MATUTlNIS,
584 310 619 360 IN
636 311 805 363 PASSlONE
820 302 956 365 DOMINI.

67 447 115 484 cor
127 429 269 498 frigidum,
284 439 310 480 et
324 429 472 479 accendunt
483 427 512 478 in
524 442 602 478 amo·

67 519 124 555 rem
140 514 229 565 tuum,
247 511 273 553 et
288 501 454 561 illuminant,
470 509 501 551 ut
515 499 604 550 videat

67 576 152 626 homo
167 576 322 626 Creatorem
337 583 363 623 et
375 588 491 623 errorem
507 571 601 623 suum!

66 646 90 698 0
113 661 200 713 quam
223 644 278 694 cito
309 642 472 709 gelicidium·
489 641 603 708 pectoris

65 715 255 782 liquefaciunt,
274 723 301 764 et
322 713 350 764 in
367 729 449 780 aquas
471 713 602 763 amaritu-

64 789 139 839 dinis
153 798 180 840 et
194 787 345 838 devotionis
359 785 532 837 convertunt!
550 787 603 837 Un-

65 861 98 911 de
117 860 157 911 ait
179 859 323 910 Anselmus
339 875 348 910 .·
363 876 376 904 (ι
392 859 495 908 Intuere
519 872 602 924 quam

64 931 119 998 piis
144 931 248 989 oculis,
275 945 356 997 quam
377 928 600 991 misericorditer,

65 1017 150 1068 quam
183 1000 323 1051 efficaciter
355 999 434 1050 tertio
460 1008 601 1064 negantem

64 1073 186 1139 respexit
207 1074 329 1132 Petrum,
351 1073 460 1139 quando
475 1071 520 1122 ille
533 1086 601 1120 con-

64 1162 177 1208 versus,
207 1156 233 1196 et
263 1147 290 1197 in
313 1162 342 1196 se
367 1161 503 1205 reversus,
522 1144 602 1210 flevit

62 1232 168 1269 ornare.
196 1217 316 1277 Utinam,
347 1218 418 1266 bone
440 1216 512 1277 Jesu,
539 1225 602 1266 tuus

65 1302 109 1338 me
125 1288 213 1338 dulcis
228 1287 350 1353 respiciat
368 1287 471 1345 oculus,
495 1286 542 1352 qui
558 1295 601 1336 to-

64 1359 115 1411 ties
146 1361 181 1411 ad
207 1376 303 1411 vocem
329 1360 434 1411 ancillae
464 1358 600 1424 procacis,

64 1432 152 1482 carnis
164 1431 265 1482 scilicet
280 1447 356 1491 meae,
372 1431 460 1497 pravis
475 1429 602 1496 operibus

62 1499 260 1567 affectibusque
274 1500 384 1568 negavi!
405 1521 419 1548 n
434 1501 490 1551 haec
504 1501 602 1551 Ansel-

64 1585 134 1622 mus.

97 1657 133 1692 ao
147 1643 220 1703 Qum
238 1659 388 1694 uonnursn
407 1658 538 1693 smunrua
551 1658 602 1695 ran

64 1727 195 1764 mentis
216 1729 250 1764 nr
266 1730 415 1774 xmrsrnos,
439 1730 473 1763 sn
492 1729 602 1772 Quouux

64 1797 151 1833 voces(
176 1784 281 1835 Parnes
301 1785 442 1835 Cumsrux
465 1783 599 1833 uscivrr?

64 1881 95 1891 -
109 1853 258 1914 Moraliter,
274 1871 321 1921 per
345 1854 460 1920 primam
474 1854 600 1904 ancillam

64 1923 214 1986 ostiariam,
230 1939 290 1991 quae
315 1927 422 1976 Petrum
445 1940 541 1992 negare
554 1940 600 1975 co-

64 1997 115 2063 git,
138 1997 296 2064 designatur
319 1998 465 2064 cupiditas;
492 2013 539 2064 per
556 2013 600 2049 se-

65 2071 204 2133 cundam,
230 2070 343 2122 carnalis
368 2074 518 2138 voluptas3
554 2087 600 2137 per

63 2156 152 2191 unum
167 2156 216 2192 seu
231 2143 321 2207 plures
340 2142 387 2209 qui
401 2143 541 2192 adstabant
554 2141 600 2191 in-

63 2213 225 2278 telliguntur
246 2213 380 2264 daemones
396 2230 403 2263 :
419 2214 463 2264 his
480 2213 553 2264 enim
567 2214 600 2264 ad

64 2285 169 2336 Christi
189 2287 359 2352 negationem
381 2287 525 2337 trahuntur
548 2286 601 2336 ho·

65 2355 163 2406 mines.
182 2357 271 2406 Prima
294 2357 400 2424 ancilla,
421 2356 522 2407 scilicet
536 2372 601 2407 ava-

65 2424 136 2486 ritia,
161 2441 223 2492 quae
237 2426 318 2476 hodie
341 2426 369 2475 in
386 2426 513 2477 domibus
527 2428 602 2477 mul-

66 2505 157 2545 torum
173 2496 329 2562 principum
342 2505 383 2546 est
393 2496 510 2557 ostiaria,
524 2496 602 2562 quasi

65 2582 162 2619 omnes
197 2569 296 2619 intrare
323 2569 387 2619 facit
410 2585 416 2619 ε
439 2569 503 2635 quia
535 2569 604 2620 sicut

69 2639 200 2690 ostiarius
223 2639 379 2689 intromittit
394 2655 464 2705 quos
477 2638 549 2701 vult;
566 2639 604 2689 sic

66 2721 93 2761 et
104 2711 219 2762 avaritia
232 2711 304 2761 idem
319 2710 391 2770 facit,
405 2712 478 2760 unde
492 2712 519 2761 in
536 2712 603 2761 Pro-

64 2782 164 2832 verbiis
174 2799 182 2832 ι
192 2782 298 2832 Donum
305 2781 420 2832 hominis
429 2781 527 2832 dilatat
534 2781 604 2831 viam

69 2852 135 2918 ejus,
156 2858 184 2903 et
205 2858 269 2902 ante
286 2851 425 2919 principes
442 2852 560 2916 spatium
579 2853 605 2902 ei

61 2923 142 2988 facit.
158 2923 325 2974 Timendum
340 2933 425 2973 estne
440 2922 549 2988 expulsa
565 2938 604 2973 ca-

68 2995 143 3046 ritate
164 3011 181 3044 a
195 2995 323 3046 domibus
346 2996 529 3060 praelatorum,
544 3004 602 3044 tan-

68 3081 149 3132 quam
180 3067 292 3117 domina
319 3065 430 3132 incipiat
458 3064 601 3131 principari

67 3139 181 3201 ancilla;
216 3140 281 3205 quia
315 3139 411 3189 caritas
440 3137 600 3202 expellitur,

67 3209 131 3260 dum
144 3211 279 3276 cupiditas
293 3209 451 3276 ingreditur,
476 3224 539 3258 nam
553 3224 600 3258 ve-

68 3296 169 3331 nenum
188 3281 305 3349 caritatis
318 3291 358 3331 est
374 3279 513 3345 cupiditas.
530 3279 600 3329 Huic

67 3354 180 3404 carnalis
219 3353 360 3403 delectatio
385 3363 423 3403 ·et
463 3352 600 3402 daemones

68 3426 224 3486 adhaerent,
253 3425 298 3491 qui
335 3425 474 3475 Christum
503 3439 600 3490 negare

68 3500 188 3561 suadent.
216 3499 265 3548 Per
289 3498 397 3548 Petrum
420 3508 524 3561 autern,
551 3497 599 3564 qui

68 3567 258 3635 interpretatur
285 3582 453 3634 agnoscens,
482 3568 598 3634 intelligi

69 3648 152 3703 potest
174 3638 296 3699 clericus,
315 3639 361 3704 qui
377 3653 394 3688 a
412 3638 492 3704 longe
506 3639 599 3704 sequi-

69 3717 110 3759 tur
124 3709 286 3768 Dominum,
301 3708 365 3774 quia
378 3709 445 3758 forte
461 3724 516 3758 non
533 3725 599 3774 pro—

69 3790 125 3846 pter
139 3797 178 3842 se,
196 3782 242 3832 sed
262 3790 370 3846 propter
383 3795 440 3839 sua,
458 3780 506 3847 qui
522 3779 597 3830 mul-

69 3854 145 3905 toties
183 3853 329 3921 cupiditate
365 3853 485 3902 devictus
521 3861 600 3918 negat

70 3923 217 3979 Christum.
237 3926 262 3977 Ο
285 3935 351 3992 quot
363 3934 428 3976 sunt
449 3925 530 3976 hodie
544 3925 600 3974 mi-

1137 307 1185 360 511

656 426 708 477 seri
735 427 823 480 curias
851 428 1004 496 principum
1031 434 1188 492 sequentes,

655 498 703 564 qui
717 498 762 550 vix
773 509 818 551 aut
831 515 969 568 nunquam
982 498 1110 565 poenitent
1121 498 1188 548 dum

656 580 720 620 sunt
735 571 791 622 ibi!

688 656 718 690 21
738 643 790 692 Sax
810 658 968 693 uocuxsnrn
984 658 1018 692 ex
1041 656 1189 691 nsosrross

657 715 755 772 Parni,
785 731 868 766 serus
897 729 1125 767 conrouumonrs
1153 729 1188 764 nr

655 800 763 836 orario.
780 815 810 824 -
825 786 867 835 lix
881 786 931 837 hoc
943 786 1054 837 articulo
1070 783 1189 850 negatio-

656 857 698 907 nis
709 857 778 908 Petri
790 857 866 923 plura
876 858 1007 908 habentur
1019 858 1188 907 documenta.

656 929 779 980 Primum
794 940 843 989 est,
861 931 934 996 quod
957 932 1082 996 praelatus
1097 930 1188 980 Eccle-

655 1000 702 1051 siae
716 1001 796 1052 debet
810 1017 868 1052 csse
883 1001 953 1062 talis,
972 1002 1019 1068 qui
1037 1000 1187 1052 infirmita-

655 1075 728 1127 tibus
756 1077 928 1127 subditorum
952 1076 1068 1142 compati
1098 1076 1188 1127 sciat:

655 1147 728 1210 quia,
752 1148 899 1197 secundum
926 1146 1098 1211 Gregorium,
1128 1145 1189 1196 ideo

654 1219 788 1270 Dominus
809 1221 917 1270 Petrum
936 1219 1027 1268 cadere
1047 1217 1189 1284 permisit,

656 1301 684 1341 ut
697 1301 723 1342 et
736 1292 833 1342 fortius
848 1300 908 1356 post
921 1306 1012 1341 casum
1030 1298 1189 1354 resurgeret,

655 1375 680 1413 et
699 1372 729 1412 ut
745 1360 769 1412 is
787 1362 835 1427 qui
852 1361 960 1412 futurus
980 1370 1069 1427 pastor
1093 1360 1189 1410 Eccle-

655 1437 780 1494 siaeerat,
797 1436 825 1485 in
841 1450 889 1486 sua
904 1437 980 1501 culpa
995 1434 1108 1484 disceret
1121 1447 1190 1499 qua·

655 1507 715 1556 liter
739 1506 801 1558 aliis
824 1505 946 1556 misereri
971 1505 1088 1564 deberet,
1111 1512 1138 1553 et
1157 1517 1190 1552 ex

656 1589 704 1630 tua,
726 1576 883 1628 infirmitate
906 1585 1085 1643 cognosceret,
1107 1589 1189 1640 quani

655 1647 864 1699 misericorditer
882 1647 970 1696 aliena
991 1645 1099 1696 infirma
1120 1644 1190 1695 tole-

654 1728 731 1769 raret.
759 1719 808 1778 Et,
842 1718 991 1768 secundum
1021 1717 1190 1782 chrysosto-

654 1808 741 1854 mum,
775 1790 900 1842 Christus
928 1788 1051 1855 permisit
1081 1789 1189 1838 Petrum

654 1863 716 1923 labi,
732 1872 762 1912 ut
776 1860 893 1928 praelatis
917 1861 1070 1925 exemplum
1085 1858 1189 1923 praebe-

654 1947 693 1986 ret
721 1933 858 2001 fragilitati
890 1932 1061 1984 subditorum
1092 1929 1189 1980 melius

653 2004 841 2071 compatiendi.
862 2003 940 2064 Nam,
954 2002 1103 2061 secundum
1117 2015 1191 2051 eum·

653 2081 724 2139 dem,
750 2078 810 2128 ideo
833 2077 945 2142 Angelis
970 2091 1024 2125 non
1048 2082 1088 2124 est
1112 2089 1188 2123 com-

654 2149 737 2200 missa
761 2147 905 2199 sacerdotis
924 2155 1049 2212 potestas,
1073 2159 1106 2193 ne
1126 2158 1188 2194 cum

654 2220 706 2286 ipsi
729 2219 841 2270 minime
863 2226 1010 2283 peccarent,
1032 2216 1065 2265 de
1078 2229 1127 2264 sua
1140 2213 1186 2262 in-

654 2291 776 2341 nocentia
798 2297 1007 2356 praesumentes,
1038 2285 1106 2336 alios
1130 2282 1189 2333 sine

655 2360 837 2412 misericordia
851 2358 1016 2424 judicarent;
1032 2355 1078 2404 sed
1096 2352 1187 2419 potius

655 2442 695 2483 est
717 2431 810 2481 collata
832 2428 938 2479 homini
964 2425 1051 2492 fragili
1075 2435 1100 2474 et
1124 2438 1188 2489 pec-

656 2505 735 2563 canti,
759 2513 789 2553 ut
812 2502 882 2552 circa
904 2501 1020 2552 aliorum
1040 2499 1146 2563 lapsum
1162 2510 1190 2546 se

657 2576 751 2625 mitem
776 2575 893 2640 praebeat
921 2582 947 2623 et
975 2570 1133 2635 benignum.
1158 2595 1188 2604 -

657 2646 810 2698 Secundum
831 2655 880 2704 est,
904 2642 976 2711 quod
1000 2641 1091 2691 nullus
1110 2639 1190 2688 debet

658 2733 686 2768 se
705 2718 800 2782 jactare
822 2727 849 2766 et
872 2715 1007 2775 extollere,
1032 2721 1078 2761 aut
1092 2711 1124 2760 de
1139 2723 1188 2760 sua

657 2789 755 2838 virtute
772 2797 798 2837 et
823 2787 926 2836 viribus
940 2796 1111 2849 praesumere.
1128 2780 1189 2830 Un-

657 2858 689 2907 de
713 2859 767 2908 Leo
791 2857 861 2921 Papa
885 2873 892 2905 ι
914 2873 927 2901 a
951 2855 994 2904 Ob
1018 2852 1069 2900 hoc
1097 2850 1190 2899 Petrus

657 2928 781 2977 haesitare
804 2925 952 2992 permissus
971 2931 1020 2979 est,
1038 2930 1077 2976 ut,
1088 2919 1115 2968 in
1131 2918 1190 2983 ipso

656 2998 779 3048 Ecclesiae
792 2995 913 3062 principe
927 2993 1085 3043 conderetur
1101 3004 1190 3038 reme-

654 3069 730 3118 dium
747 3066 927 3134 poenitentiae3
946 3073 972 3114 et
987 3078 1066 3112 nemo
1081 3060 1191 3111 auderet

654 3140 687 3188 de
715 3154 763 3189 sua
787 3137 884 3187 virtute
910 3135 1051 3193 confidere,
1079 3132 1188 3198 quando

654 3208 842 3260 mutabilitatis
874 3207 1024 3272 periculum
1061 3213 1108 3254 n'ec
1144 3204 1189 3254 ille

653 3289 743 3329 tantus
769 3278 902 3345 potuisset
930 3277 1049 3328 evadere.
1074 3295 1088 3323 s
1113 3275 1190 3325 Unde

653 3360 679 3400 ct
702 3350 941 3418 chrysostomus:
959 3365 973 3394 a
993 3346 1072 3406 Quod
1102 3345 1191 3395 Evan-

653 3423 754 3488 gelistae
768 3423 942 3488 scripserunt,
960 3435 1010 3470 nos
1026 3419 1131 3469 erudire
1144 3432 1189 3467 vo·

653 3495 753 3554 lentes,
777 3503 909 3558 quantum
939 3492 1041 3540 malum
1069 3490 1105 3539 sit
1134 3504 1189 3538 non

653 3567 708 3616 Deo
723 3574 810 3615 totum
825 3565 976 3624 concedere,
993 3565 1039 3614 sed
1055 3562 1083 3612 in
1099 3561 1188 3627 seipso

653 3638 794 3689 confidere.
819 3657 832 3686 n
859 3638 935 3689 Unde
961 3637 1042 3688 etiam
1072 3637 1187 3687 Ambro-

653 3712 710 3762 sius
735 3729 743 3762 .·
771 3729 785 3758 «
810 3712 872 3761 Haec
895 3720 984 3761 autem
1010 3709 1069 3759 ideo
1090 3708 1188 3773 scripta

653 3792 725 3841 sunt,
747 3790 777 3831 ut
800 3781 918 3831 sciamus
944 3780 1079 3831 neminem
1098 3793 1127 3829 se
1149 3778 1189 3841 ja-

653 3862 723 3903 ctare
737 3851 841 3902 debere.
864 3851 932 3901 Nam
946 3850 968 3900 si
985 3850 1080 3900 Petrus
1096 3849 1188 3912 lapsus

653 3933 704 3985 est,
722 3923 786 3990 quia
804 3921 873 3972 dixit
887 3939 894 3972 ι
908 3921 974 3972 Etsi
986 3920 1036 3970 alii
1050 3917 1190 3970 scandali-
