2626 4328
347 242 394 293 DE
410 243 534 304 SEXTA,
551 243 586 293 ΙΝ
605 244 777 296 PASSIONE
792 247 927 299 DOMINI.

66 359 101 409 tis
115 358 268 420 dulcedine,
285 374 348 409 cum
368 374 422 425 qua
436 360 547 424 spiritus
557 361 608 412 de·

67 429 188 492 votione,
213 429 243 478 in
268 445 323 495 quo
346 430 464 480 caritatis
487 430 608 496 plenitu-

68 499 132 549 dine
151 500 250 550 clamat
265 517 272 548 :
290 501 383 564 Pater,
400 501 504 551 dimitte
524 500 607 552 illis?

67 573 135 622 Ecce
155 587 216 637 ego,
232 571 350 623 Domine
366 588 373 622 ε
391 583 443 622 tuae
461 573 607 638 majestatis

66 645 201 706 adorator,
221 661 274 696 non
295 646 334 696 tui
358 646 477 712 corporis
493 647 606 698 interfe-

66 725 137 778 ctor;
168 725 224 766 tuae
249 716 346 766 mortis
370 727 517 777 venerator,
550 733 606 768 non

64 799 118 840 tuae
139 789 278 840 Passionis
306 790 424 855 derisor;
446 801 499 841 tuae
520 791 605 842 mise-

64 860 190 910 ricordiae
221 863 434 926 contemplator,
466 878 521 912 non
552 871 605 912 tuae

65 933 236 984 infirmitatis
258 943 434 999 contemptor.
471 936 605 1000 Interpel-

65 1005 102 1055 lat
127 1019 177 1070 pro
196 1020 241 1054 me
263 1013 309 1054 tua
328 1004 416 1055 dulcis
438 1005 603 1066 humanitas,

67 1075 243 1125 commendet
266 1091 310 1126 me
334 1075 402 1125 Patri
435 1086 481 1126 tuo
508 1076 604 1127 ineffa-

66 1145 132 1196 bilis
146 1154 194 1195 tua
209 1145 302 1210 pietas.
328 1145 376 1196 Die
399 1146 490 1211 igitur,
515 1147 603 1197 dulcis

65 1219 184 1269 Domine
210 1236 216 1268 :
248 1220 341 1282 Pater,
367 1220 478 1285 ignosce
499 1220 540 1270 illi
562 1238 602 1270 s»

65 1291 126 1341 haec
160 1291 315 1341 Anselmus.
344 1291 368 1341 O
397 1292 603 1342 clementissime

66 1362 191 1423 Domine,
208 1367 309 1426 quanta
326 1369 367 1411 est
385 1363 519 1428 patientia
534 1370 602 1413 tua:

64 1448 170 1499 semper
188 1433 313 1484 insidiati
331 1441 394 1484 sunt
408 1435 465 1497 tibi,
489 1441 515 1485 et
536 1450 602 1501 per-

63 1505 151 1556 secuti
174 1511 239 1554 sunt
259 1511 283 1555 te
304 1512 329 1555 et
354 1512 424 1569 taos,
450 1508 603 1572 proditiose

64 1585 90 1629 te
107 1583 237 1644 ceperunt
259 1584 285 1628 et
309 1579 445 1630 malitiose
466 1585 491 1629 te
511 1582 602 1631 cruci-

56 1649 193 1715 fixerunt,
209 1655 235 1698 et
251 1649 328 1699 modo
338 1649 411 1714 petis
429 1655 458 1698 ut
471 1649 601 1709 ignosca-

65 1726 108 1770 tur
124 1720 203 1770 illis!
217 1721 331 1771 Domine
346 1723 421 1784 Jesa,
446 1722 531 1772 Pater
548 1723 601 1773 mi-

64 1790 289 1854 sericordiarum,
308 1806 357 1843 oro
379 1797 412 1852 te,
439 1798 466 1841 ut
487 1794 557 1844 sicut
573 1800 601 1843 tu

61 1861 213 1926 pepercisti
247 1862 301 1911 tuis
334 1861 544 1930 crucifixoribus
577 1871 602 1914 et

64 1934 176 2000 rogasti
194 1950 247 1999 pro
267 1935 315 1998 eis,
334 1936 387 2000 sac
407 1944 435 1986 ut
457 1952 548 1988 amore
563 1937 602 1988 tui

60 2019 177 2071 parcam
193 2019 246 2070 ego
265 2006 368 2055 ermetis
383 2007 448 2056 mint
463 2007 535 2056 mata
550 2008 602 2072 sa·

64 2075 195 2125 cientibus
206 2091 216 2135 ,·
234 2082 259 2125 et
280 2082 316 2138 tu,
344 2077 463 2139 Domine,
487 2091 603 2142 parcere

65 2148 191 2215 digneris
200 2149 323 2199 omnibus
334 2150 517 2214 iniquitatibus
526 2149 601 2212 meis,

64 2225 89 2268 et
115 2219 264 2270 Patri'tuo
288 2219 314 2269 in
335 2227 476 2285 conspectu
502 2220 603 2286 gloriae

64 2295 118 2340 tuae
132 2303 175 2340 me
188 2289 315 2340 miserum
332 2292 523 2341 commendare.
540 2292 603 2341 Sae-

63 2373 97 2424 pe
124 2361 204 2424 enim,
231 2362 353 2420 Domine,
381 2367 406 2411 te
431 2361 545 2427 offendo,
567 2369 602 2424 et,

64 2437 192 2496 quantum
217 2432 244 2481 in
269 2439 377 2493 meast,
398 2432 519 2496 peccatis
538 2433 603 2482 meis

67 2504 201 2570 crucifigo
208 2521 219 2566 5
243 2511 338 2567 tamen,
353 2505 476 2565 Domine,
503 2505 603 2555 tuscis

66 2579 128 2643 quia
151 2578 179 2627 in
202 2583 229 2627 te
255 2579 344 2639 credo,
369 2589 395 2627 et
414 2583 439 2628 te
460 2577 603 2628 Dominum

67 2663 152 2698 meunt
175 2655 201 2698 et
221 2649 307 2698 Deum
331 2662 421 2697 verum
435 2649 570 2715 confiteor,
586 2664 603 2698 a

68 2733 116 2784 quo
128 2718 235 2769 veniam
245 2725 417 2784 peccatorum
427 2720 537 2785 postulo
552 2721 603 2770 im-

65 2790 166 2854 partiri
184 2784 250 2840 mihi
265 2791 362 2841 misero
378 2799 404 2841 et
418 2792 539 2857 indigno.

97 2860 130 2912 30
145 2863 240 2912 Venno
259 2878 375 2912 secunao
390 2879 537 2913 rnnanrsun
552 2881 602 2914 no-

67 2950 98 2984 uo
121 2951 241 2985 neruoso
266 2952 420 2985 rnoinrrrr.
446 2965 476 2974 —
498 2939 602 2986 Secun-

66 3007 129 3056 dum
143 3008 258 3058 verbum
272 3006 322 3056 fuit
331 3007 364 3057 ad
378 3007 507 3057 latronem
521 3007 604 3072 poeni·

67 3087 166 3128 tentem
189 3087 216 3128 et
233 3077 415 3136 confitentem,
436 3093 497 3127 cum
511 3077 601 3128 dixit:

66 3149 156 3200 Hodie
182 3163 283 3199 mecmn
320 3149 374 3199 eris
399 3148 427 3196 in
456 3148 600 3213 paradiso.

68 3222 126 3271 Non
147 3222 270 3288 intellige
293 3222 325 3272 de
346 3232 453 3271 terreno
469 3221 600 3286 paradiso,

67 3294 105 3342 vel
130 3293 212 3343 horto
238 3293 393 3359 voluptatis,
418 3293 490 3343 unde
516 3294 601 3344 Adam

67 3375 104 3413 est
119 3365 264 3430 expulsus;
284 3380 331 3415 nec
352 3365 385 3414 de
404 3365 524 3429 paradiso
550 3381 601 3414 an-

67 3437 162 3502 gelico,
185 3435 227 3484 vel
244 3434 311 3484 coelo
333 3450 468 3501 empyre0,
490 3436 554 3501 quia
568 3436 600 3484 ad

67 3507 132 3557 illud
147 3515 210 3557 ante
222 3505 361 3556 Christum
376 3521 454 3556 nemo
467 3507 599 3568 ascendit;

67 3577 111 3627 sed
137 3576 171 3626 de
196 3576 282 3625 limbo
306 3576 474 3640 Sanctorum,
498 3587 524 3626 et
538 3577 601 3626 sinu

65 3647 191 3704 Abrahae,
216 3646 250 3696 ad
275 3663 361 3713 quem,
382 3647 472 3698 anima
498 3648 600 3699 Christi

66 3727 90 3767 et
104 3717 217 3767 latronis
238 3718 384 3769 descendit.
398 3719 456 3778 Vel,
473 3720 499 3769 in
511 3736 600 3784 para-

68 3788 135 3851 diso,
154 3788 180 3837 id
204 3800 243 3839 est
257 3788 285 3838 in
308 3788 445 3839 fruitionis
463 3790 561 3854 gaudio
576 3800 602 3841 et

66 3858 195 3911 fruitione
220 3861 314 3920 beata,
340 3877 421 3928 quam
448 3863 601 3913 habuerunt

1144 250 1196 317 587

663 362 746 413 sancti
766 365 854 415 Patres
870 366 896 415 in
919 366 1013 430 limbo,
1028 382 1088 416 cum
1104 369 1136 417 ad
1150 381 1195 418 eos

661 435 799 487 descendit
814 439 916 489 Christi
936 440 1042 502 anima3
1063 450 1088 491 et
1103 442 1194 492 eadem

661 509 704 559 die
727 511 865 563 descendit
894 514 958 564 illuc
988 514 1080 564 anima
1113 515 1195 578 hujus

661 581 783 640 latronis,
798 583 865 633 iacta
882 585 1014 650 particeps
1027 585 1110 636 beatae
1123 584 1192 636 frui-

660 650 752 702 tionis.
772 653 830 713 Vel,
850 655 876 704 in
897 658 1041 721 paradiso,
1064 658 1090 707 id
1110 667 1150 706 est
1165 657 1192 706 in

660 722 761 788 requie,
781 725 853 789 quod
867 737 909 776 est
924 743 982 777 esse
998 743 1059 777 cum
1074 727 1192 778 Christo.

658 795 716 854 Vel,
742 797 820 847 hodie
846 798 901 848 eris
927 814 1035 863 mecum,
1060 801 1132 866 quod
1154 811 1194 850 est

659 881 718 917 esse
743 868 769 917 in
796 870 949 934 paradiso,
978 872 1042 937 quia
1073 872 1120 921 ubi
1155 881 1195 921 est

659 937 793 997 Christus,
816 939 862 1005 qui
879 951 920 990 est
934 941 1081 1005 paradisus,
1100 942 1137 992 ibi
1153 954 1193 992 est

659 1018 684 1057 et
705 1010 860 1074 paradisus;
888 1011 958 1061 sicut
981 1013 1136 1079 ubicunque
1155 1022 1196 1063 est
1256 1058 1261 1069 ,

658 1081 738 1145 Papa,
761 1081 798 1129 ibi
814 1082 913 1132 dicitur
928 1098 986 1132 esse
1002 1086 1124 1134 Romana
1145 1101 1195 1134 cu-

658 1151 704 1200 ria.
724 1151 802 1202 Unde
817 1153 959 1204 Anselrnns
974 1171 982 1204 .·
1000 1173 1013 1200 a
1029 1156 1125 1213 Credo,
1141 1155 1197 1205 Do-

658 1221 741 1281 mine,
769 1223 845 1273 credo
876 1234 971 1274 certe:
997 1227 1070 1291 quod
1092 1226 1139 1276 ubi
1166 1238 1195 1276 tu

656 1293 707 1351 vis,
735 1303 761 1344 et
787 1294 834 1343 ubi
856 1306 886 1344 tu
907 1311 944 1357 es,
968 1295 1005 1346 ibi
1027 1309 1068 1346 est
1086 1298 1195 1360 paradi-

657 1379 718 1425 sus;
743 1373 768 1413 et
794 1375 971 1424 essetecum,
1002 1366 1053 1416 hoc
1073 1377 1113 1415 est
1138 1382 1194 1416 esse

657 1437 683 1485 in
708 1437 843 1501 paradiso,
872 1439 1002 1504 quoniam
1029 1440 1191 1489 venerabilis

656 1506 701 1555 ille
720 1506 858 1557 confessor
879 1517 905 1558 et
929 1508 1063 1573 gloriosus
1090 1520 1192 1573 martyr

656 1585 744 1626 tecum
763 1577 814 1626 fuit
830 1593 877 1642 per
903 1588 989 1628 totum
1014 1579 1080 1627 illud
1104 1579 1192 1639 hodie,

656 1656 680 1696 et
705 1658 796 1712 postea
820 1649 896 1697 omni
920 1659 1051 1714 ternpore.
1069 1650 1093 1700 O
1109 1666 1191 1716 quarn

657 1719 763 1767 beatum
790 1730 829 1769 est
854 1735 911 1769 esse
937 1731 1037 1780 tecum,
1061 1730 1087 1771 et
1110 1737 1193 1786 quam

656 1788 725 1838 beati
741 1799 803 1838 sunt
818 1790 857 1839 illi
874 1791 921 1856 qui
943 1801 1029 1840 tecum
1056 1792 1135 1841 sunt!
1152 1794 1194 1842 llli

637 1920 640 1925 .
655 1876 715 1910 vere
730 1873 794 1910 sunt
809 1862 835 1910 in
845 1863 989 1927 paradiso,
1008 1879 1069 1914 vere
1082 1875 1145 1913 sunt
1163 1865 1191 1913 in

655 1932 757 1997 requie,
784 1934 831 1999 qui
852 1944 940 1984 tecum
962 1945 1025 1984 sunt
1046 1934 1097 1985 fide
1112 1946 1137 1985 et
1154 1936 1194 1984 di-

656 2003 769 2054 lectione
796 2023 802 2053 :
830 2025 843 2051 n
870 2005 927 2055 haec
956 2006 1109 2056 Anseimus.
1136 2008 1193 2057 Hoc
1223 2014 1229 2027 ¹

656 2076 736 2125 etiarn
760 2078 852 2128 dicens
873 2095 999 2144 magnam
1025 2080 1189 2129 consolatio-

656 2161 718 2196 nem
736 2148 809 2198 dedit
823 2149 1026 2214 poenitentibus,
1042 2160 1068 2198 et
1083 2161 1188 2214 peccata

657 2233 705 2267 sua
718 2219 922 2281 confitentibus,
946 2235 1008 2269 nam
1028 2235 1118 2269 revera
1135 2220 1190 2269 ho-

657 2288 700 2337 die
714 2298 740 2338 et
755 2290 875 2354 quotidie
893 2290 928 2339 ita
942 2290 1047 2345 accidit,
1063 2289 1127 2354 quia
1141 2289 1189 2355 qui

657 2360 751 2411 devote
772 2371 797 2411 et
828 2378 893 2428 pure
919 2362 1061 2412 confitetur
1086 2372 1193 2426 peccata

657 2448 715 2491 sua,
732 2434 822 2482 statim
841 2450 902 2483 cum
920 2435 1039 2483 Domino
1059 2434 1138 2484 estin
1151 2450 1195 2499 pa-

658 2504 745 2553 radiso
769 2519 817 2568 per
844 2504 955 2570 gratiam
980 2515 1006 2553 et
1030 2515 1122 2570 postea
1146 2505 1195 2555 erit

659 2594 705 2643 per
730 2579 853 2644 gloriam.
877 2580 934 2638 Vel,
958 2590 998 2630 est
1016 2580 1043 2629 in
1059 2580 1192 2646 paradiso,

658 2650 684 2698 id
700 2660 741 2698 est
754 2649 783 2698 in
797 2650 913 2715 quadarn
927 2649 1020 2714 requie
1041 2660 1067 2700 et
1090 2649 1195 2700 securi-

657 2720 711 2770 tate
730 2735 785 2770 suae
808 2719 995 2783 conscientiac;
1011 2721 1075 2786 quia
1090 2721 1195 2771 Secura

657 2806 732 2841 mens
757 2793 837 2858 quasi
846 2791 917 2858 juge
940 2793 1099 2842 convivium.
1127 2791 1196 2840 Ecce

657 2877 738 2928 quam
759 2863 886 2922 liberalis,
900 2863 955 2911 imo
969 2878 1049 2927 quam
1065 2861 1195 2926 prodigus

656 2934 738 2984 hodie
749 2933 835 2984 factus
857 2944 896 2984 est
918 2934 1046 2982 Christus
1058 2950 1065 2982 ι
1079 2931 1143 2997 quia
1156 2931 1195 2979 la-

655 3005 725 3054 troni
733 3021 856 3069 regnum,
868 3004 994 3054 crucifixo
1006 3004 1113 3063 coelum,
1123 3001 1195 3049 dam·

657 3087 718 3127 nato
732 3079 895 3143 paradisum,
913 3093 961 3142 pro
975 3075 1047 3125 brevi
1062 3074 1191 3140 petitione

657 3158 697 3198 est
719 3148 847 3213 largitus!
875 3146 1060 3196 Misericordia
1083 3146 1191 3207 obtulit,

656 3221 728 3286 quod
746 3221 854 3270 miseria
871 3220 985 3270 distulit.
1002 3221 1059 3269 Hoc
1073 3219 1188 3268 verbum

656 3295 804 3344 secundum
821 3293 911 3359 magni
933 3293 1033 3343 amoris
1053 3303 1079 3342 et
1101 3293 1192 3357 gratiae

656 3381 685 3414 ac
706 3365 899 3415 consolationis
914 3364 974 3425 fuit,
992 3364 1019 3413 in
1037 3379 1092 3428 quo
1108 3363 1191 3413 Chri-

656 3447 713 3487 stus
728 3438 808 3487 nobis
823 3439 978 3502 exemplum
994 3434 1117 3502 perfectae
1133 3436 1191 3501 spei

656 3518 681 3558 ot
695 3508 800 3558 fiduciae
817 3508 938 3573 reliquit.

688 3578 717 3628 31
747 3580 883 3636 NosQuair
903 3594 1092 3628 onseaunnuuu
1117 3593 1187 3640 assa,

655 3665 702 3699 sao
725 3665 774 3698 nec
797 3666 902 3699 renone
918 3665 1116 3700 convansrorsau
1133 3665 1194 3698 orr—

656 3735 797 3769 rnaruoun
818 3735 951 3770 oocanun.
969 3721 1111 3770 —Nullus
1130 3734 1192 3784 ergo

655 3794 688 3842 de
707 3792 786 3842 venia
807 3802 974 3858 peccatorum
987 3803 1191 3859 quantumcun-

655 3879 708 3929 que
723 3863 887 3924 enormium,
903 3864 1003 3913 ncdum
1016 3864 1044 3912 in
1057 3863 1120 3920 vita,
1134 3861 1190 3909 imo
