2626 4328
385 255 563 309 SECUNDAE
577 253 702 306 PARTIS
727 255 845 308 CAPUT
860 257 976 312 LXXIX.

551 685 719 810 cnrur
752 741 906 813 nxxnr

218 985 399 1075 Quomodo
421 986 594 1056 Dominus
620 989 788 1081 apparuit
809 1002 934 1082 septem
960 993 1146 1085 discipulis

476 1104 525 1173 ad
550 1125 652 1173 mare
682 1103 896 1175 Tiberiadis.

538 1378 671 1442 loannis
692 1398 759 1463 cap.
780 1401 831 1443 21.

164 1636 172 1668 1
189 1621 229 1669 An
250 1634 422 1669 rtscnrrouru
444 1601 568 1670 nlrnruur
590 1636 658 1670 nro-

128 1708 214 1743 srora.
237 1720 267 1729 -
286 1693 388 1742 Postea
423 1690 492 1742 facto
520 1692 660 1743 intervallo

129 1763 276 1829 temporis,
301 1762 488 1828 manifestavit
508 1778 536 1814 se
563 1763 659 1814 iterum

128 1833 212 1885 Jerus
232 1833 374 1900 discipulis
387 1834 426 1884 ad
443 1849 518 1884 mare
538 1834 661 1885 Tiberia-

130 1905 183 1967 dis,
197 1904 225 1954 id
249 1915 289 1956 est
307 1921 336 1955 se
349 1904 485 1955 visibilem
502 1905 625 1971 praebuit‚
636 1914 662 1956 et

130 1979 182 2029 hoc
201 1979 281 2029 etiarn
305 1978 386 2028 modo
411 1977 509 2027 dicitur
525 1993 661 2044 apparere,

128 2050 201 2115 quod
227 2049 299 2100 idem
321 2060 362 2099 est
384 2049 458 2115 quod
486 2047 661 2099 manifestari.

129 2127 207 2188 Nam,
233 2128 381 2178 secundum
398 2127 579 2190 Ambrosium,
594 2127 661 2176 illud

126 2209 244 2264 apparet,
258 2199 285 2248 in
300 2200 375 2264 cujus
383 2207 511 2264 potestate
519 2208 558 2248 est
566 2198 661 2258 videri,

129 2282 154 2322 et
186 2289 242 2322 non
265 2272 358 2323 videri.
383 2270 663 2321 Piscabantursimul

128 2356 231 2411 septem
248 2345 375 2411 discipuli
398 2354 474 2393 nocte
497 2345 622 2409 quadam,
634 2353 665 2394 ut

129 2416 220 2467 cibum
247 2417 389 2475 haberent,
418 2414 518 2465 scilicet
540 2432 547 2466 ι
569 2415 663 2465 Simon

130 2487 239 2548 Petrus,
268 2493 295 2536 et
321 2487 460 2548 Thomas,
486 2485 533 2550 qui
563 2485 664 2536 dicitur

128 2558 281 2625 Didymus;
310 2564 338 2608 et
355 2557 513 2608 Numanae!
534 2557 580 2622 qui
605 2561 666 2607 erat

129 2643 150 2678 a
167 2628 245 2678 Cana
259 2628 386 2678 Gattlaeae
411 2638 438 2677 et
454 2627 570 2677 creditur
583 2626 667 2678 frater

131 2697 252 2762 Philippi
276 2696 374 2761 fuisse3
398 2703 428 2746 et
437 2697 500 2761 filii
527 2697 665 2760 Zebedoei,

129 2769 232 2822 scilicet
243 2769 359 2820 lacobus
373 2778 399 2818 et
413 2769 549 2830 loannes3
571 2775 598 2818 et
613 2768 665 2818 alii

131 2843 201 2907 duo,
239 2856 357 2908 quorum
388 2838 500 2889 nornine
532 2854 588 2888 non
616 2854 664 2890 ex-

132 2915 297 2981 primuntur,
312 2913 386 2980 quis,
411 2912 561 2962 seeundum
578 2925 663 2978 quos-

131 2988 203 3047 dam,
218 2994 293 3036 erant
306 2983 436 3043 minores,
448 2983 500 3042 vel,
514 2982 666 3033 secundum

131 3058 264 3123 quosdam
301 3056 385 3115 alios,
428 3053 553 3104 videntur
577 3053 662 3104 fuisse

132 3128 276 3193 Philippus
302 3136 328 3176 et
349 3125 480 3176 Andreas.
508 3125 544 3174 Et
572 3124 664 3190 pisca-

131 3199 230 3249 bantur
254 3198 283 3247 in
315 3197 375 3247 navi
397 3196 485 3245 aliena
502 3196 541 3246 eis
556 3211 664 3246 accom-

132 3272 247 3331 modata,
262 3271 304 3321 vel
319 3271 413 3328 locata,
440 3284 486 3318 seu
508 3268 561 3318 alio
582 3268 664 3319 modo

131 3341 203 3392 licite
215 3352 328 3407 accepta,
340 3340 405 3405 quia
424 3356 439 3390 a
459 3339 593 3405 principio
608 3355 664 3391 suae

130 3412 315 3462 conversionis
335 3410 499 3477 reliquerant
518 3426 614 3461 navem
639 3420 665 3461 et

133 3481 208 3531 retia.
242 3482 415 3532 Piscabantur
447 3491 536 3532 autem
572 3480 664 3542 licite,

132 3551 206 3618 quia,
230 3553 381 3602 secundum
400 3552 592 3617 Augustorum,
608 3567 664 3604 non

132 3624 242 3675 fuerunt
258 3623 387 3689 prohibiti
410 3640 442 3674 ex
465 3635 521 3674 arte
533 3640 581 3674 sua
593 3623 665 3674 licita

132 3707 158 3749 et
184 3713 330 3758 concessa,
355 3698 456 3748 victum
482 3696 663 3748 necessarium

133 3783 263 3835 quaerere,
278 3778 379 3818 servata
394 3768 435 3818 sui
450 3769 615 3834 apostolatus
625 3767 665 3818 in·

133 3845 264 3910 tegritate‚
276 3842 300 3894 si
317 3843 427 3909 quando
442 3844 514 3895 unde
532 3843 663 3902 viverent,

714 1621 788 1672 eliud
804 1639 860 1673 non
883 1623 1022 1684 haberent.
1050 1626 1161 1694 Propter
1174 1630 1251 1696 quod

715 1701 741 1742 et
767 1693 878 1754 Paulus,
902 1705 933 1745 ut
960 1697 994 1747 de
1018 1697 1078 1763 ipso
1106 1697 1252 1760 scribitur,

715 1764 936 1816 scenefactoriam
963 1781 1047 1819 artem
1084 1769 1196 1832 didicit,
1222 1781 1254 1823 ut

715 1849 776 1884 cum
789 1837 943 1897 necessitas,
967 1839 1008 1888 vel
1031 1838 1158 1892 Ecclesiae
1172 1841 1253 1892 utili·

717 1915 756 1955 tas
770 1917 928 1968 occurreret,
952 1910 986 1957 de
999 1910 1090 1960 labore
1109 1913 1159 1961 s'uo
1173 1910 1253 1962 vive-

716 1987 764 2027 ret.
776 1978 818 2038 En
828 1980 977 2030 secundum
989 1980 1253 2049 Gregorium,nego

716 2047 785 2099 tium
805 2050 878 2115 quod
893 2062 952 2101 ante
975 2051 1180 2103 conversionem
1192 2052 1253 2106 sine

717 2135 822 2189 peccato
836 2125 946 2185 exstitit,
954 2125 1005 2176 hoc
1017 2125 1098 2177 etiam
1113 2137 1176 2192 post
1189 2143 1252 2178 con-

716 2196 868 2247 versionem
881 2208 998 2263 repetere
1012 2200 1089 2263 culpa
1103 2215 1158 2248 non
1183 2199 1252 2265 iuit;

718 2267 790 2332 quod
812 2277 902 2318 autem
919 2269 952 2318 ad
968 2279 1104 2333 peccatum
1120 2268 1253 2335 implicat,

717 2337 750 2388 ad
762 2338 813 2388 hoc
825 2354 934 2388 necesse
954 2350 994 2389 est
1018 2351 1047 2389 ut
1062 2350 1122 2404 post
1136 2354 1254 2392 conver-

717 2408 820 2459 sionem
835 2409 942 2459 animus
960 2426 1015 2459 non
1032 2420 1160 2462 recurrat.
1176 2411 1255 2462 Unde

718 2490 780 2545 post
793 2482 994 2531 conversionem
1016 2495 1093 2531 suam
1113 2480 1147 2530 ad
1162 2481 1254 2546 pisea-

717 2554 821 2604 tionem
840 2555 936 2605 Petrus
947 2554 1036 2614 rediit,
1050 2554 1196 2604 Mattheus
1207 2569 1254 2605 ve-

718 2640 749 2676 ro
769 2629 801 2677 ad
816 2627 947 2678 telonium
964 2643 1019 2676 non
1034 2627 1142 2676 resedit.
1158 2626 1192 2676 Et
1205 2641 1254 2692 per

718 2706 802 2746 totam
815 2707 920 2746 noctem
934 2697 1009 2746 illum
1033 2697 1061 2746 hi
1081 2707 1185 2761 septem
1207 2697 1255 2747 di-

717 2769 815 2834 scipuli
840 2769 871 2819 in
891 2785 990 2820 vanum
1013 2771 1255 2834 laboraverunt,et

717 2839 788 2889 nihil
801 2839 835 2889 de
843 2841 966 2904 piscibus
975 2851 1111 2906 ceperunt,
1122 2841 1189 2906 quia
1204 2841 1252 2892 di·-

717 2910 814 2961 vinum
833 2912 970 2963 auxilium,
984 2914 1082 2976 deerat,
1105 2915 1186 2979 cujus
1207 2928 1254 2964 ce·

718 2983 804 3033 tentia
834 2999 888 3034 nox
911 2984 966 3034 dici
987 2995 1082 3050 potest.
1108 2985 1168 3035 Hoc
1192 2983 1254 3035 'ideo

718 3052 818 3104 factum
836 3064 884 3115 est,
908 3066 938 3104 ut
956 3056 1043 3121 captio
1057 3071 1176 3121 sequens
1192 3070 1254 3106 ma-

719 3124 814 3174 nifeste
826 3125 985 3177 miraculosa
1000 3137 1149 3191 appareret.

750 3213 765 3247 2
780 3199 927 3248 Arranrrro
946 3200 1045 3249 Dorum
1057 3215 1090 3248 nr
1100 3214 1253 3250 urnncuto-

718 3285 748 3319 sn
763 3283 891 3319 rrscnrro.
905 3298 935 3306 -
949 3269 1034 3319 Mane
1055 3275 1144 3319 autem
1161 3269 1252 3333 facto,

719 3357 766 3407 per
782 3342 855 3407 quod
869 3343 1030 3409 intelligitur
1044 3342 1130 3408 gloria
1150 3343 1255 3392 Resur-

719 3412 856 3475 rectionis‚
869 3413 1004 3464 Dominus
1021 3415 1102 3464 lesus
1125 3413 1256 3479 apparuit

718 3483 759 3535 eis
783 3495 809 3534 et
824 3484 900 3535 stetit
919 3486 945 3536 in
963 3485 1053 3535 littore
1077 3484 1172 3534 maris.
1194 3483 1257 3533 Non

718 3555 841 3622 apparuit
854 3571 935 3622 supra
948 3571 1057 3621 aquam,
1071 3554 1117 3605 sed
1135 3554 1165 3603 in
1186 3564 1258 3604 terra

719 3627 814 3688 solida,
834 3628 867 3678 ad
882 3628 1080 3678 ostendendum
1098 3626 1172 3692 quod
1193 3641 1257 3675 am-

719 3699 790 3764 plius
802 3714 858 3748 non
872 3708 927 3747 erat
942 3714 1003 3747 cum
1024 3697 1063 3751 eis
1077 3697 1106 3746 in
1125 3694 1257 3746 fluctibus
1271 3702 1276 3719 ‘

716 3770 778 3821 vitae
789 3768 993 3834 corruptibilis,
1008 3769 1053 3818 sed
1070 3767 1157 3833 magis
1172 3777 1257 3818 trans·

716 3842 783 3894 ierat
809 3843 842 3894 ad
871 3852 971 3892 statum
991 3843 1053 3892 vitae
1080 3840 1256 3892 immortalis·
