2626 4328
141 248 193 315 542
264 215 269 225 “

141 362 238 430 primo,
253 360 282 412 in
291 359 467 412 ostentatione
482 359 610 409 humanae
623 375 675 424 po-

139 433 239 491 tentiae,
268 447 329 499 quoe
357 429 524 496 significatur
546 444 593 495 per
625 444 674 479 ve-

140 512 209 553 stem
224 515 386 566 purpuream
400 508 425 549 et
443 498 603 556 coccineam,
615 513 675 563 quae

140 585 180 628 est
193 574 276 626 vestis
299 589 394 638 regum
411 581 437 621 et
458 581 615 637 potentum3
633 586 675 621 se-

140 646 239 705 cundo,
252 645 280 694 in
296 643 442 709 cupiditate
453 641 589 692 affluentis
604 658 676 707 opu-

139 717 237 780 lenttae,
263 731 323 782 quae
344 724 453 764 notatur
478 729 526 779 per
549 729 675 764 coronam

139 787 277 852 spineam,
304 784 406 835 divitiae
437 783 510 834 enim
537 783 623 848 spinis
650 794 675 834 et

139 857 211 908 curis
223 866 286 906 sunt
299 856 385 921 plenae
396 870 403 917 ;
417 855 506 914 tertio,
520 854 548 904 in
559 854 674 905 vanitate

139 929 285 978 mundanae
300 925 445 992 sapientiae,
461 941 521 992 quae
537 925 675 990 signitica-

137 1009 183 1051 tur
210 1016 256 1066 per
283 999 452 1059 arundinem,
472 1014 532 1066 quae
553 1000 673 1064 pulchra,

137 1075 183 1125 sed
197 1084 276 1124 vento
290 1075 368 1139 plena
381 1083 407 1124 et
419 1088 502 1124 vacua
515 1082 573 1135 est;
593 1089 674 1122 mun-

138 1146 207 1196 dana
222 1145 296 1194 enim
317 1143 447 1209 sapientia
468 1143 497 1193 in
517 1159 570 1208 qua
589 1142 674 1192 confi-

137 1219 205 1269 dunt
220 1218 355 1281 homines,
370 1218 465 1284 inqua
479 1216 541 1284 quis
558 1231 613 1266 non
640 1217 673 1266 ad

136 1289 186 1339 Dei
208 1290 326 1348 laudem,
344 1289 392 1338 sed
412 1288 445 1338 ad
467 1285 579 1353 gloriam
596 1303 673 1336 suam

136 1360 231 1419 utitur,
258 1371 298 1410 est
324 1358 402 1425 quasi
431 1359 542 1408 baculus
569 1358 675 1408 arundi-

137 1445 205 1480 neus
220 1440 246 1479 et
258 1429 416 1480 confractus.

178 1518 209 1567 17
241 1503 343 1550 Fraxro
368 1516 476 1550 osuuuu
497 1517 566 1550 aare
589 1501 675 1550 Cunt-

139 1588 221 1630 sruu,
236 1586 416 1620 nocuussruu
430 1587 464 1620 ex
477 1587 511 1620 aa
524 1586 557 1619 ar
568 1587 674 1620 onemo.

137 1645 251 1694 —Vide
278 1643 323 1692 hic
344 1643 482 1708 quomodo
499 1643 625 1693 Christus
647 1642 675 1692 in

138 1713 268 1764 omnibus
280 1728 335 1762 non
348 1720 453 1762 tantum
466 1712 549 1772 Patri,
560 1714 606 1762 sed
619 1712 675 1762 suis

138 1784 219 1834 etlam
248 1783 405 1833 illusoribus
434 1783 534 1834 obedit.
568 1784 676 1848 Purpu-

139 1870 197 1904 ram
217 1853 338 1919 suscipit,
362 1863 441 1918 caput
460 1870 567 1905 coronae
592 1866 675 1919 parat,

139 1927 299 1978 arundinem
319 1942 401 1976 manu
419 1927 499 1976 tollit.
519 1927 594 1977 Sicut
613 1943 675 1993 ergo

138 1998 264 2048 Christus
286 1998 343 2046 Rex
358 1996 449 2063 gloriae
465 1997 557 2062 spinea
579 2014 675 2048 corona

136 2078 289 2124 coronatur,
302 2083 421 2134 purpura
438 2083 468 2118 ac
486 2079 589 2133 sceptro
609 2070 676 2118 sub-

137 2138 292 2191 sannatorie
330 2139 481 2201 deluditur;
522 2138 561 2188 sic
593 2140 675 2189 etiam

136 2226 198 2263 curn
219 2227 312 2262 servus
332 2211 435 2262 Christi
456 2211 484 2260 in
498 2212 549 2261 hoc
573 2213 675 2262 mundo

136 2284 325 2349 vilipenditur,
339 2294 365 2333 et
384 2284 457 2333 velut
473 2283 548 2332 omni
572 2283 674 2333 honore

136 2354 271 2420 indignus
302 2353 435 2419 abjicitur,
460 2363 486 2403 et
509 2368 674 2419 apraesum-

136 2426 244 2491 ptuosis
268 2425 425 2489 despicitur,
447 2432 473 2474 et
496 2423 673 2474 illusionibus

136 2496 308 2556 molestatur,
339 2496 452 2561 cogitet,
484 2496 557 2562 quod
579 2511 672 2547 servus

137 2581 189 2616 non
217 2572 257 2616 est
280 2566 367 2632 muJ'or
392 2567 509 2617 Domino
538 2581 596 2629 suo,
627 2583 674 2616 nec

138 2651 188 2702 pro
203 2636 276 2685 malo
290 2635 388 2684 habeat
402 2635 424 2684 si
440 2636 556 2701 patiatur
572 2637 673 2687 similia

139 2709 206 2773 Regi
221 2723 339 2758 summo.
351 2707 454 2757 Deinde
469 2724 531 2757 cum
545 2708 622 2773 signa
636 2726 673 2760 re-

137 2779 207 2845 galia
236 2779 265 2834 ei,
290 2777 496 2842 adhibuissent,
532 2778 673 2828 flectebant

88 2874 91 2879 ·
139 2866 225 2916 genua
246 2865 336 2899 coram
358 2864 400 2912 eo,
415 2863 445 2898 ac
467 2848 596 2899 derisorie
610 2865 672 2898 eum

137 2932 169 2972 ut
197 2923 283 2972 Deum
307 2922 458 2982 adorantes,
482 2927 515 2984 et,
531 2929 562 2971 ut
582 2934 672 2986 regern

139 2996 294 3055 salutantes,
321 2994 469 3044 illudebant
491 2993 525 3056 ei,
543 3002 672 3059 tanquam

138 3081 250 3131 regnare
266 3066 367 3116 volenti
390 3075 416 3115 et
434 3081 488 3115 non
512 3065 626 3127 valenti;
643 3080 672 3114 ac

111 3183 115 3192 ,
136 3134 284 3186 irridebant
305 3137 339 3199 ei,
367 3137 486 3187 dicentes
500 3154 509 3186 .·
525 3137 592 3201 Ave,
608 3136 672 3186 Rex

135 3207 304 3258 «ludaeorum.
333 3209 417 3269 Quasi
441 3209 561 3272 dicerent
582 3225 589 3257 τ
615 3209 672 3258 Vo-

137 3276 212 3326 luisti
241 3293 367 3344 regnare,
393 3280 439 3329 sed
464 3295 519 3329 non
548 3278 671 3345 potuisti.

136 3348 237 3412 Regem
264 3350 421 3400 iudaeorum
443 3365 506 3400 eum
533 3362 670 3413 vocantes,

135 3433 230 3469 verum
243 3419 345 3480 dicunt,
362 3420 444 3470 etiarn
460 3420 584 3470 nolentes
602 3433 627 3470 et
640 3421 672 3470 ir-

136 3490 264 3541 ridentes
282 3493 315 3542 Et
329 3493 378 3552 sic,
394 3495 540 3542 secundum
557 3493 670 3556 Bedam,

136 3564 284 3614 adorabant
307 3582 380 3626 eum,
405 3566 482 3633 quasi
512 3562 561 3632 qui
583 3568 670 3617 Deum

138 3635 258 3700 seipsum
284 3634 351 3686 falso
367 3635 490 3697 dixisset,
519 3647 546 3688 et
568 3639 671 3687 saluta-

139 3709 204 3759 bant
228 3723 301 3768 eum,
322 3717 452 3774 tanquam
477 3709 524 3776 qui
549 3710 670 3776 seipsum

64 3842 66 3847 Ι
138 3780 205 3831 falso
234 3781 335 3846 Regem
358 3781 475 3844 fecissen
503 3782 577 3847 quod
598 3781 671 3832 fece-

49 3898 54 3907 .
138 3861 210 3912 runt,
236 3861 378 3902 uteorum
406 3848 497 3902 illusio
523 3854 671 3919 responde-

412 245 586 297 SECUNDAE
605 240 729 293 PARTIS
755 239 873 293 CAPUT
888 240 968 295 [ΧΗ.

730 367 769 408 ret
791 357 945 408 iudaeorum
961 356 1135 419 accusationi,
1150 357 1256 424 quiade
1284 384 1293 411 ·.

728 437 844 495 utroque
867 428 1040 479 accusabatur
1052 443 1068 478 a
1081 428 1095 478 J
1098 428 1191 479 udaeis.
1206 430 1255 479 De·

729 500 861 551 testabilis
875 544 880 551 .
895 499 994 550 mentis
1023 499 1118 550 affectu
1145 500 1202 552 haec
1220 501 1256 552 fa·
1300 512 1303 567 ξ

729 571 822 631 ciunt,
847 571 912 637 quia
955 582 1170 636 compungentes
1214 586 1257 623 to·
1300 570 1303 611 ἶ

728 652 836 702 tonant,
863 659 892 693 ac
922 643 1064 693 illudentes
1092 644 1207 694 adorant
1235 653 1259 695 et

729 715 856 764 salutant.
877 715 910 764 Et
936 715 999 764 licet
1017 713 1139 764 Gentiles
1152 713 1205 765 hoc
1221 714 1258 766 fa-

728 793 828 843 cerent,
841 794 931 835 tamen
942 784 1027 835 Judaei
1040 785 1091 834 hoc
1108 784 1199 844 luunt,
1214 784 1257 852 qui

728 855 794 904 tanti
821 854 944 906 criminis
970 865 1091 905 auctores
1124 865 1217 920 erant;
1237 866 1259 906 et

729 925 790 976 ideo
810 927 839 977 in
862 927 1003 977 Parasceve
1014 942 1076 976 cum
1091 941 1141 990 pro
1155 926 1259 993 perfidis

728 998 829 1049 Judaeis
860 1009 961 1058 oratur,
983 1013 1069 1064 genua
1095 1013 1151 1047 non
1178 997 1259 1049 flecti·

729 1084 799 1132 mus,
812 1084 875 1118 cum
889 1067 957 1119 forte
970 1068 1056 1119 Judoei
1078 1068 1131 1118 hoc
1146 1069 1257 1134 agebant

728 1156 791 1190 cum
803 1139 965 1191 Gentilibus.
982 1139 1035 1191 Ubi
1051 1139 1259 1206 Chrysostomtu

729 1212 802 1272 dicit,
815 1211 888 1278 quod
903 1211 1003 1262 milites
1017 1211 1131 1276 pecunia
1143 1210 1259 1276 corrupti

729 1283 781 1332 hoc
812 1283 846 1333 ad
874 1283 987 1348 gratiam
1022 1280 1161 1332 iudaicam
1190 1280 1260 1333 facie·

730 1354 801 1404 bant.
816 1354 988 1420 Augustinus
1005 1363 1094 1404 autem
1112 1353 1189 1417 dicit,
1213 1353 1259 1403 hoc

730 1440 788 1475 esse
813 1425 913 1475 factum
936 1426 1060 1475 mandato
1084 1425 1128 1474 vel
1145 1424 1259 1489 permis-

728 1495 807 1546 sione
831 1495 965 1554 Praesidis,
989 1505 1019 1544 ut
1043 1493 1145 1544 scilicet
1176 1493 1257 1561 magis

728 1566 884 1616 Judaeorum
899 1565 961 1614 odia
973 1573 1165 1624 saturarentur,
1181 1574 1208 1615 et
1222 1561 1259 1614 fa-

729 1638 808 1688 cilius
825 1655 887 1689 eum
900 1638 1021 1704 eriperet.
1037 1639 1076 1687 Ex
1086 1637 1138 1688 hoc
1150 1637 1259 1688 articulo

730 1710 844 1761 habetur
870 1711 1076 1770 documentum,
1107 1710 1182 1775 quod
1210 1722 1255 1759 nos

730 1798 871 1833 caveamus
883 1798 916 1832 ne
928 1782 1069 1832 Christum
1083 1780 1152 1832 falso
1167 1782 1258 1833 adore·

730 1869 801 1913 mus,
816 1855 858 1904 vel
877 1856 1034 1904 salutemus.
1057 1852 1181 1918 Mystice‚
1196 1853 1258 1903 falso

730 1923 870 1974 Christum
891 1925 1001 1974 adorant
1025 1932 1050 1973 et
1068 1925 1195 1982 salutant,
1216 1921 1259 1989 qui

730 1995 759 2044 in
776 2010 838 2044 eum
854 1997 976 2055 credunt,
987 1996 1033 2045 sed
1049 1995 1184 2060 perversis
1195 1993 1258 2045 acti-

731 2067 781 2117 bus
795 2067 963 2132 despiciunt;
979 2083 1024 2117 ore
1038 2082 1102 2117 eum
1124 2067 1258 2117 confiten-

729 2150 782 2201 tur,
803 2141 850 2191 sed
870 2141 948 2191 factis
970 2149 1078 2206 negant.
1103 2141 1181 2201 ltem,
1196 2139 1259 2191 falso

728 2213 857 2271 adorant,
880 2211 921 2261 vel
956 2212 1089 2273 salutant,
1112 2211 1162 2276 qui
1194 2211 1259 2262 inter

728 2282 859 2332 orandum
886 2281 989 2348 aliquid
1011 2282 1084 2348 quod
1106 2291 1146 2331 est
1171 2292 1260 2332 contra

728 2354 851 2404 divinum
874 2355 1006 2404 honorem
1037 2363 1128 2403 mente
1155 2364 1258 2419 pertra-

727 2435 810 2475 ctant.
829 2426 904 2482 ltem,
932 2424 999 2475 falso
1016 2425 1127 2474 adorant
1143 2433 1171 2474 et
1186 2425 1257 2475 salu-

727 2507 794 2557 tant,
805 2497 853 2562 qui
872 2497 900 2546 in
913 2496 1031 2547 ecclesiis
1047 2496 1124 2561 signa
1136 2496 1258 2547 devotio·

727 2569 769 2618 nis
793 2570 948 2627 ostendunt,
983 2578 1009 2618 et
1035 2578 1126 2633 postea
1150 2566 1261 2632 iniurias
1297 2610 1300 2614 ,

727 2639 836 2690 Christo
850 2655 942 2706 graves
957 2639 986 2688 in
1004 2639 1134 2688 membris
1149 2638 1209 2688 suis
1218 2637 1260 2688 la·

727 2712 811 2762 ciunt.
826 2714 902 2775 Item,
917 2713 984 2762 falso
993 2711 1135 2762 Christum
1146 2711 1259 2763 adorant

726 2792 752 2832 et
768 2784 885 2832 salutant
896 2798 990 2832 omnes
1002 2782 1262 2848 pseudochristiani.

725 2853 801 2916 lesu,
814 2853 859 2918 qui
870 2853 995 2904 irrisorie
1009 2854 1124 2904 adorari
1137 2860 1165 2905 et
1178 2854 1255 2904 salu·

727 2924 782 2974 tari
817 2925 934 2988 voluisti,
965 2926 1001 2975 da
1035 2925 1099 2976 milii
1128 2931 1153 2976 te
1174 2926 1259 2976 Deum

727 3008 812 3044 meum
831 3009 922 3045 verum
942 2997 1060 3046 adorare
1075 2997 1102 3046 in
1117 2996 1216 3061 spiritu
1236 3001 1262 3046 et

726 3067 847 3130 veritate,
862 3073 888 3118 et
903 3074 927 3117 te
943 3068 1028 3118 solum
1049 3082 1140 3118 verum
1155 3068 1269 3134 Regem*

726 3139 913 3189 venerabiliter
927 3139 1058 3191 salutare.

761 3210 792 3260 18
817 3212 952 3262 Cnnrsrus
976 3227 1064 3261 osnuo
1088 3225 1255 3262 usurrzarua

726 3297 759 3331 ar
787 3298 961 3332 consaurrua.
978 3311 1008 3320 -
1024 3283 1071 3342 Et,
1106 3292 1136 3332 ut
1161 3282 1260 3333 illude-

725 3362 784 3403 rent
793 3353 876 3414 factis,
892 3353 960 3403 sicut
974 3353 1114 3404 illuserant
1128 3353 1217 3418 signis
1234 3363 1260 3405 et

726 3424 822 3483 verbis,
846 3425 946 3475 dabant
966 3427 991 3476 ei
1015 3426 1124 3491 alapas,
1139 3425 1169 3475 in
1190 3440 1260 3490 aug-

725 3509 847 3548 mentum
877 3499 1023 3558 illusionis,
1050 3509 1076 3548 et
1108 3499 1161 3549 hoc
1188 3498 1259 3558 ideo,

725 3579 755 3619 ut
776 3569 835 3635 ipso
858 3586 940 3636 opere
963 3571 1134 3621 ostenderent
1161 3570 1260 3622 illuso-

725 3641 796 3690 rium
808 3656 866 3692 esse
882 3643 954 3709 quod
974 3642 998 3692 ei
1021 3644 1101 3692 talem
1127 3642 1259 3692 honorem

724 3711 896 3761 exhibebant.
910 3712 940 3761 ln
951 3711 1002 3761 hoc
1014 3713 1087 3762 enim
1097 3711 1254 3763 illusionem

723 3796 800 3832 suam
817 3783 903 3848 magis
925 3783 1104 3847 despectivam
1123 3781 1255 3841 fecerunt,

724 3855 797 3920 quod
821 3856 894 3906 velut
906 3855 1049 3907 adorantes
1065 3857 1163 3917 Deum,
1176 3863 1257 3908 etsa—
