2626 4328
138 279 192 328 tito

139 393 261 453 tidenter,
277 393 397 444 introivit
418 393 456 443 ad
475 391 606 451 Pilatum,
626 407 675 442 nec

137 464 291 514 Judaeorum
314 464 412 514 timens
435 462 601 521 inimicitias,
626 477 674 512 nec

140 535 216 585 Pilati
239 544 413 600 potestaten1;
428 539 455 583 et
470 532 558 598 petiit,
575 547 673 597 magno

139 623 260 666 munere,
276 613 305 657 ut
317 608 350 657 de
363 606 421 671 ejus
441 606 548 657 licentia
568 605 674 656 tolleret

138 693 237 744 corpus
257 678 333 738 Jesu,
349 678 382 727 de
396 691 485 736 cruce,
500 688 526 728 et
549 676 674 741 sepeliret

138 748 207 798 illud
241 748 410 807 honorifice,
444 748 496 798 hoc
528 747 673 813 preferens

138 819 215 870 omni
239 820 366 869 thesauro
388 820 589 886 quantumlibet
610 835 672 884 pre-

137 891 218 940 tioso.
232 890 310 940 Periit
321 901 410 940 autem
424 892 475 941 hoc
487 891 539 941 sibi
552 891 671 950 concedi,

138 962 215 1028 quia,
239 963 388 1012 secundum
418 964 489 1028 leges
521 963 670 1028 humanas,

138 1049 249 1097 corpora
277 1034 477 1095 damnatorum,
497 1050 550 1085 non
572 1036 671 1086 debent

138 1105 198 1155 sine
223 1107 330 1157 licentia
349 1107 457 1171 deponi,
480 1109 522 1157 vel
551 1108 669 1173 sepeliri.

137 1176 176 1226 Et
193 1177 315 1242 permisit
335 1177 444 1227 Pilatus
459 1196 467 1228 :
482 1188 539 1227 tum
562 1188 671 1243 propter

136 1247 254 1313 petentis
268 1249 459 1310 reverentiam;
482 1259 540 1298 tum
563 1260 672 1314 propter

138 1319 242 1370 Christi
269 1319 449 1369 innocentiam
481 1319 533 1369 sibi
562 1330 669 1383 notam;

138 1401 165 1441 et
182 1392 246 1458 quia
268 1393 345 1457 plura
363 1392 392 1441 in
410 1402 496 1443 morte
515 1393 572 1456 ejus
595 1392 671 1442 vide-

138 1472 179 1512 rat
204 1463 340 1512 miracula.
365 1463 395 1511 In
422 1465 539 1528 quadam
559 1463 673 1514 historia

138 1531 246 1591 dieitur,
262 1532 334 1596 quod
346 1533 447 1597 ioseph
456 1534 584 1584 servierat
594 1535 673 1599 quin-

138 1616 192 1666 que
217 1602 296 1650 annis
321 1602 414 1662 Pilato,
438 1614 464 1653 et
487 1619 535 1668 pro
561 1604 672 1654 servitio

138 1675 215 1740 petiit
238 1685 264 1724 et
287 1675 405 1725 obtinuit
429 1691 528 1742 corpus
552 1678 615 1727 lesu
638 1679 671 1728 ab

137 1761 179 1797 eo.
197 1746 240 1796 Fit
262 1756 351 1797 autem
371 1747 415 1797 hic
434 1748 561 1799 secularis
580 1749 671 1814 digni-

137 1819 200 1869 tatis
227 1821 327 1885 loseph
354 1821 475 1881 mentio,
507 1839 562 1873 non
597 1825 672 1889 quod

138 1890 307 1954 Evangelista
329 1892 396 1941 hanc
420 1895 603 1953 commendet,
623 1895 669 1944 sed

137 1962 202 2027 quia
218 1963 250 2011 ad
274 1964 417 2013 Praesidem
442 1964 494 2014 nisi
517 1965 580 2016 talis
596 1981 671 2016 acce-

137 2034 199 2083 dere
216 2049 271 2083 non
286 2046 389 2100 poterat
408 2052 415 2084 2
434 2036 498 2101 quia
519 2052 581 2102 ergo
596 2038 671 2088 dives

137 2112 198 2155 erat
212 2107 288 2156 valde
302 2106 429 2173 insignis,
444 2123 473 2158 ac
490 2108 574 2159 Pilato
590 2120 671 2159 notus

137 2185 164 2228 et
190 2177 341 2239 familiaris,
365 2179 456 2245 potuit
479 2180 512 2230 de
539 2180 610 2232 facili
638 2183 672 2231 ad

139 2249 254 2299 Pilatum
270 2251 379 2312 intrare,
393 2262 419 2301 et
432 2252 466 2300 ab
484 2267 516 2302 eo
539 2252 671 2318 impetra-

138 2324 181 2382 re';
208 2320 273 2386 quia
301 2337 363 2372 vero
396 2323 485 2372 bonus
511 2333 538 2373 et
566 2323 671 2387 justus,

136 2389 237 2461 dignus
253 2391 303 2442 fuit
319 2394 371 2443 hoc
387 2393 548 2457 ministerio,
571 2403 597 2444 et
611 2410 672 2444 me-

136 2463 191 2512 ruit
214 2479 312 2529 corpus
348 2466 411 2515 Jesu
440 2466 564 2532 sepelire.
594 2466 672 2518 Unde

137 2533 214 2581 Beda
237 2551 245 2583 :
266 2551 281 2579 a
305 2535 409 2600 Magnae
435 2537 546 2601 quidem
570 2537 672 2602 Joseph

138 2603 189 2652 iste
211 2603 348 2668 dignitatis
370 2607 440 2670 apud
464 2609 596 2667 seculum,
624 2610 671 2658 sed

137 2672 248 2734 maioris
271 2676 340 2737 apud
362 2676 449 2724 Deum
475 2677 564 2726 meriti
587 2677 672 2729 fuisse

137 2743 269 2803 laudatur,
288 2754 318 2793 ut
331 2755 357 2794 et
374 2760 422 2810 per
443 2746 572 2811 justitiam
587 2749 672 2798 meri-

137 2826 238 2876 torum,
259 2818 414 2882 sepeliendo
440 2833 550 2883 corpore
573 2820 672 2870 Domi·

139 2886 200 2936 nico
223 2887 322 2953 dignus
344 2887 422 2948 soret,
438 2898 464 2939 et
479 2904 527 2956 per
540 2890 671 2940 nobilita-

135 2967 192 3008 tem
206 2959 330 3023 potentiae
341 2960 477 3024 secularis,
488 2961 561 3011 idem
573 2976 673 3028 corpus

137 3026 256 3092 accipere
270 3042 373 3093 possen
392 3031 534 3081 nonenim
555 3032 672 3098 quilibet

138 3098 258 3164 ignotus,
282 3113 328 3152 aut
351 3103 495 3154 mediocris
516 3104 550 3154 ad
572 3104 671 3154 Praesi-

137 3171 200 3221 dem
224 3175 358 3235 accedere,
379 3186 405 3226 et
429 3175 548 3226 crucifixi
573 3191 672 3242 corpus

137 3255 240 3308 poterat
260 3246 410 3312 impetrare.
434 3268 448 3295 n
470 3249 545 3299 Unde
564 3259 591 3299 et
610 3251 671 3299 Au·

137 3316 265 3380 gustiuus
280 3335 289 3366 .·
305 3335 318 3363 «
335 3318 435 3384 loseph
458 3317 554 3368 fiducia
578 3318 673 3385 digni-

138 3385 209 3445 tatis
223 3402 276 3451 qua
290 3389 419 3452 praeditus
433 3399 488 3439 erat
503 3389 672 3449 familiariter

137 3454 261 3507 introivit
285 3459 317 3508 ad
345 3458 475 3520 Pilatum,
498 3461 552 3525 jam
579 3461 671 3510 minus

137 3542 232 3579 curans
255 3531 289 3580 de
312 3531 422 3591 ludaeis,
447 3533 571 3591 quamvis
593 3543 671 3583 antea

138 3600 167 3650 in
181 3601 317 3651 audiendo
340 3602 458 3653 Domino
472 3604 601 3654 devitaret
615 3602 671 3653 ini-

138 3671 255 3722 micitias
264 3688 368 3724 eorum.
377 3694 390 3720 n
400 3674 477 3724 Unde
484 3685 510 3724 et
517 3675 671 3740 Gregorius

137 3743 334 3812 Nazianzenus
348 3763 356 3796 .·
371 3765 384 3791 r
400 3746 496 3796 Fuerat
509 3746 673 3812 quandoque

137 3815 238 3880 ioseph
253 3816 373 3866 occultus
386 3815 488 3866 Christi
508 3816 670 3883 discipulus3

139 3886 258 3953 denique
276 3886 383 3937 vincula
396 3886 508 3937 timoris
532 3902 670 3952 rumpens,

447 277 623 328 SECUNDAE
638 275 763 326 Pastis
776 275 894 329 CAPUT
910 280 991 332 LXV.

728 391 874 444 ferventior
895 395 989 455 iactus,
1012 394 1192 446 Dominicum
1203 411 1259 447 onr-

728 479 779 529 pus
795 466 910 531 turpiter
924 467 1046 532 pendens
1057 482 1073 517 a
1084 467 1161 532 ligno
1174 467 1258 533 depo-

727 535 797 598 suit,
822 553 982 603 comparans
1014 537 1161 604 pretiosam
1186 552 1257 587 mar-

726 607 838 671 garitam
876 610 1021 659 verborum
1062 609 1206 660 modestia.
1242 626 1257 655 ι

726 675 872 729 Considera
899 695 972 731 nunc
993 679 1184 730 fortitudinem
1211 680 1257 731 io·

725 746 793 811 seph
808 763 817 796 2
830 749 895 814 quia
914 765 968 799 non
989 751 1079 800 solum
1098 751 1182 801 audet
1195 764 1255 800 cor·

725 832 776 881 pus
791 817 893 868 Christi
910 832 1007 885 petere,
1022 821 1068 871 sed
1085 820 1169 870 etiam
1183 835 1256 886 sepe-

724 887 783 950 lire,
796 889 864 939 sicut
879 891 962 940 homo
975 902 1133 957 potestatem
1145 891 1254 949 habens,

724 959 786 1023 plus
807 975 839 1009 ex
859 961 958 1010 virtute
978 977 1060 1026 quam
1076 976 1109 1011 ex
1128 961 1256 1026 adjutori-

725 1030 784 1078 bus.
800 1031 877 1080 Unde
892 1032 1106 1097 chrysostomus
1121 1049 1130 1082 .·
1146 1051 1161 1078 u
1177 1031 1255 1097 lnspi-

724 1117 753 1152 ce
766 1112 855 1151 autem
876 1103 958 1168 hujus
974 1104 1026 1154 viri
1046 1103 1258 1155 fortitudinem:

724 1172 752 1221 in
778 1172 873 1222 mortis
896 1173 968 1222 enim
994 1174 1148 1240 periculum
1163 1189 1193 1225 se
1206 1184 1256 1224 tra-

724 1242 803 1302 didit,
826 1243 998 1294 inimicitiam
1014 1246 1047 1294 ad
1063 1261 1161 1295 omnes
1179 1259 1256 1295 assu-

725 1327 812 1372 mens,
825 1324 935 1379 propter
948 1314 1163 1364 benevolentiam
1180 1314 1258 1364 Chri·

725 1384 768 1434 sti.
784 1403 797 1430 n
813 1385 889 1434 Unde
903 1395 929 1434 et
945 1386 1130 1453 Theophilus:
1145 1404 1161 1433 a
1174 1386 1258 1436 Audet

725 1473 823 1507 ausum
842 1458 1020 1521 laudabilem
1040 1475 1097 1509 non
1116 1459 1192 1509 enim
1211 1474 1258 1508 ex·

725 1530 866 1595 cogitavit,
890 1546 905 1579 a
928 1531 1030 1581 divitiis
1060 1530 1201 1591 decidam,
1233 1539 1258 1581 et

725 1605 843 1668 expellar
868 1621 883 1656 a
905 1606 1021 1665 Judaeis,
1042 1606 1064 1657 si
1088 1622 1188 1672 corpus
1214 1621 1258 1672 pe-

724 1684 780 1724 tam
800 1675 856 1738 eius
876 1675 924 1740 qui
949 1685 988 1726 est
1000 1676 1180 1742 blasphemiis
1194 1691 1259 1727 con-

725 1746 870 1797 demnatus
885 1764 891 1796 :
907 1767 921 1794 n
936 1748 994 1798 haec
1015 1749 1192 1815 Theophilus.
1208 1747 1258 1808 Qui

724 1834 788 1885 ergo
809 1821 884 1886 prius
908 1837 941 1871 ex
964 1821 1169 1887 imperfectione
1183 1821 1259 1873 meti-

723 1894 841 1951 culosus,
856 1903 883 1943 et
896 1893 1016 1944 occultus
1037 1894 1190 1960 discipulus
1203 1893 1261 1943 Do·

724 1962 793 2012 mini
808 1963 909 2025 fuerat,
922 1971 1033 2030 propter
1044 1971 1142 2014 metum
1155 1965 1260 2015 Judaeo·

723 2049 791 2096 rum,
805 2035 894 2087 vitans
908 2048 971 2085 tunc
984 2035 1143 2086 inimicitias
1156 2051 1258 2096 eorum,

724 2120 795 2154 nunc
820 2107 944 2171 exemplo
969 2106 1064 2155 mortis
1083 2106 1186 2158 Christi
1199 2106 1259 2157 ani·

724 2186 821 2239 matus,
836 2192 867 2226 ac
882 2176 981 2226 virtute
997 2187 1022 2226 et
1043 2175 1137 2241 vigore
1155 2186 1262 2235 auctus,

724 2246 877 2298 manifestat
903 2262 947 2312 se3
976 2263 1005 2298 ac
1031 2249 1119 2312 palam
1146 2258 1175 2298 et
1191 2246 1258 2298 iacto

723 2318 830 2380 fatetur,
845 2329 872 2370 et
885 2319 1003 2369 ostendit
1017 2333 1046 2368 se
1058 2316 1163 2369 Christi
1176 2317 1260 2369 ‹sisci-

724 2393 831 2459 pulum,
846 2393 960 2458 petendo
975 2393 1032 2457 ejus
1050 2392 1220 2457 sepulturam
1232 2400 1258 2442 et

723 2463 905 2529 exsequendo,
921 2461 1014 2511 minus
1028 2476 1125 2512 curans
1141 2461 1177 2512 de
1193 2460 1262 2521 illis,

724 2532 753 2583 in
767 2533 819 2583 hoc
832 2543 952 2584 extremo
966 2530 1065 2581 officio.

756 2621 770 2655 2
788 2606 946 2656 Niconauuu
963 2619 1013 2654 suu
1032 2618 1149 2654 contrait
1169 2619 1262 2655 amun-

724 2692 779 2727 orr.
797 2704 827 2714 —
852 2676 987 2726 Concesso
1012 2686 1103 2726 autem
1129 2672 1183 2725 sibi
1203 2689 1262 2725 cor-

724 2762 798 2812 pore,
810 2747 915 2796 vocavit
925 2746 957 2794 ad
970 2761 999 2796 se
1008 2745 1156 2812 quemdam
1169 2745 1261 2797 virum

723 2818 872 2884 sapientem
895 2828 921 2868 et
945 2818 1155 2885 Legisperitum,
1175 2816 1262 2871 disci·

725 2891 819 2955 pulum
842 2888 944 2940 Christi
970 2889 1098 2940 similiter
1115 2890 1264 2953 occultum,

725 2960 904 3011 Nicodemum
921 2960 1044 3010 nomine.
1060 2960 1163 3025 loseph
1175 2966 1264 3011 cutm

723 3037 857 3083 mercatus
871 3032 1016 3092 sindonem,
1034 3030 1060 3080 id
1083 3041 1125 3081 est
1138 3045 1261 3096 pannum

724 3102 842 3166 lineum,
868 3102 1029 3152 candentem
1056 3112 1084 3150 et
1110 3100 1264 3161 mundum,

723 3174 797 3224 venit
813 3174 846 3223 ad
860 3170 1047 3222 crucifixionis
1069 3171 1171 3231 locum,
1197 3186 1265 3238 pot-

724 3255 785 3295 tans
813 3259 905 3294 secum
933 3238 1131 3305 instrumenta,
1162 3241 1270 3308 quibus

724 3314 808 3364 clavis
824 3313 934 3373 evulsis,
950 3328 1053 3378 corpus
1067 3313 1101 3363 de
1121 3326 1201 3363 cruce
1217 3312 1267 3363 de-

724 3396 828 3452 ponat,
856 3396 882 3435 et
915 3387 1002 3451 ipsam
1035 3385 1184 3436 sindonem
1210 3399 1267 3452 qua

724 3457 851 3507 involvat.
861 3458 913 3507 lste
923 3472 1028 3522 pannus
1038 3457 1158 3506 mundus
1165 3464 1194 3507 et
1205 3470 1267 3506 can-

724 3528 814 3590 didus,
829 3527 1012 3579 innocentiam
1031 3527 1154 3588 Domini,
1181 3537 1209 3578 et
1228 3526 1267 3578 li-

725 3601 822 3652 liosam
851 3601 1020 3666 significabat
1044 3600 1206 3661 castitatem,
1236 3608 1268 3650 ut

726 3673 774 3738 qui
791 3672 943 3722 rubricatus
957 3670 1044 3721 fuerat
1055 3671 1191 3738 sanguine
1206 3670 1270 3722 Pas·

726 3742 821 3802 sionis,
839 3743 1029 3793 candidaretur
1052 3741 1169 3792 sindone
1190 3741 1269 3792 inno-

726 3814 888 3864 centissimae
910 3813 1048 3863 castitatis.
1063 3811 1176 3879 Legitur
1188 3811 1267 3863 enim

728 3888 757 3938 in
772 3885 891 3939 Canticis
907 3885 1052 3937 :Dilectus
1068 3899 1144 3936 meus
1164 3884 1270 3937 candi·
