2626 4328
124 261 301 312 sruoous
316 259 588 310 nrpnnrrrouun
604 259 736 310 uounu
751 260 851 314 nosr.
869 265 1089 318 assuantur.
1132 285 1185 336 74¹

66 384 156 428 autem
189 377 313 427 videbitis
330 393 378 428 me,
406 378 484 428 Unde
509 375 598 428 Tteo-

61 450 156 516 phitus
169 468 177 500 :
191 469 203 496 «
217 451 255 500 De
281 463 366 500 cetero
390 467 445 500 non
458 464 599 500 conversa·

68 523 149 572 batur
176 522 246 571 inter
267 523 384 588 plebem,
413 522 479 588 quia
500 521 600 571 scilicet

64 603 128 659 post
161 594 396 644 Resurrectionem
429 592 599 644 conversatio

65 668 124 731 ejus
140 684 193 717 non
206 679 261 718 erat
275 669 357 734 digna
369 667 538 728 hominibus,
553 667 599 717 sed

65 740 159 790 divina
180 742 281 806 magis;
305 741 379 807 quod
397 741 478 790 etiam
492 750 532 790 est
544 740 600 790 for-

65 827 111 862 ma
133 813 348 862 Resurrectionis
373 812 480 872 futurae,
502 812 531 862 in
546 827 600 878 qua

64 882 135 932 sicut
148 883 243 948 Angeli
258 882 480 933 conversabimur
501 895 527 933 et
551 883 599 934 filii

64 955 114 1004 Dei
139 972 145 1004 :
167 974 180 1001 u
191 955 248 1005 haec
262 955 433 1021 Theophras.
449 956 601 1007 Manifesta-

63 1025 104 1074 vit
118 1035 208 1074 autem
223 1041 250 1075 se
261 1025 402 1090 discipulis
416 1025 484 1089 suis,
500 1036 526 1077 et
539 1026 600 1077 aliis

64 1095 200 1155 fidelibus,
222 1107 252 1145 ut
272 1094 349 1146 vivus
371 1096 508 1147 videretur
523 1113 538 1147 a
556 1097 599 1148 vi-

63 1165 198 1215 ventibus.
232 1166 309 1216 Unde
329 1166 394 1216 dicit
419 1168 598 1232 Augustinus,

64 1239 139 1304 quod
153 1239 261 1304 quando
276 1240 400 1299 surrexit,
418 1256 473 1290 non
491 1248 531 1290 est
554 1240 597 1291 vi-

65 1324 112 1359 sus
123 1310 173 1359 nisi
184 1325 198 1358 a
208 1309 273 1359 suis.
292 1310 368 1361 Unde
385 1321 410 1359 et
423 1310 452 1359 in
468 1311 598 1361 Actibus:

64 1383 147 1432 Hunc
161 1383 236 1432 Deus
254 1383 394 1433 suscitavit
409 1383 491 1433 tertia
505 1384 557 1447 dic,
575 1390 600 1434 ct

65 1453 141 1503 dedit
168 1466 226 1503 eum
256 1454 428 1518 manifestum
452 1454 519 1520 fieri
548 1467 599 1504 non

65 1523 139 1574 omni
153 1523 263 1589 populo,
292 1526 340 1574 sed
356 1525 466 1574 testibus
489 1539 600 1590 pimar-

65 1594 191 1644 dinatisa
206 1595 263 1644 Deo
270 1613 280 1658 ,·
291 1596 366 1645 uobis
375 1597 421 1661 qui
430 1595 601 1646 manducavi-

65 1681 126 1716 mus
142 1673 167 1716 et
183 1667 297 1717 bibimus
310 1683 369 1718 cum
385 1668 441 1731 iilo,
455 1675 599 1735 postquam

66 1739 223 1788 resurrexit
242 1754 258 1788 a
282 1740 403 1789 mortuis.
428 1741 490 1790 Fuit
508 1749 598 1790 autem

66 1808 228 1857 conveniens
245 1809 317 1873 quod
330 1826 384 1858 non
400 1811 537 1870 omnibus,
553 1810 598 1860 sed

66 1879 178 1929 testibus
202 1890 307 1929 tantum
327 1882 524 1946 praeordinatis
551 1883 600 1932 Re·

66 1949 259 1999 surrectionem
290 1966 365 2001 suam
397 1952 597 2016 manifestarem

66 2019 131 2083 quia
145 2020 239 2070 infima
261 2037 308 2087 per
328 2022 417 2073 media
441 2023 544 2074 reducit
572 2022 599 2072 in

65 2106 202 2156 suprema,
216 2103 243 2142 et
259 2093 318 2142 ideo
336 2096 469 2160 quosdam
492 2095 598 2146 media-

65 2172 137 2212 tores
149 2164 238 2229 elegit,
252 2179 299 2228 per
313 2181 381 2230 quos
394 2167 521 2217 universo
539 2165 598 2216 orbi

66 2235 237 2288 Resurrectio
253 2237 416 2288 manifestari
440 2249 540 2306 posset.
555 2238 599 2289 Sic

65 2320 129 2369 ergo
144 2307 278 2357 Dominus
292 2324 339 2372 per
358 2308 415 2358 dies
433 2309 599 2375 quadragin-

66 2386 93 2424 ta
110 2377 313 2428 multiformiter
327 2395 458 2446 apparens
475 2379 597 2445 discipu-

67 2445 112 2504 lis,
125 2449 250 2499 accedens
271 2451 440 2517 loquensque
456 2467 517 2501 cum
535 2450 596 2525 eis·:

68 2527 95 2566 et
120 2522 282 2584 argumentis
307 2538 357 2572 nos
378 2521 543 2572 illuminavit
566 2521 599 2571 ad

66 2588 159 2649 fidem,
174 2600 199 2639 et
213 2592 355 2656 promissis
366 2593 450 2642 erexit
463 2592 496 2641 ad
510 2607 597 2658 spem,

66 2670 97 2710 ut
113 2661 152 2709 sic
174 2663 293 2724 tandem,
307 2663 388 2713 donis
406 2662 510 2714 coelitus
520 2662 598 2719 datis.

63 2734 221 2782 accenderet
256 2735 289 2783 ad
322 2750 452 2785 amorem.
480 2736 524 2796 Et,
554 2751 599 2785 se-

65 2804 186 2853 cundum
221 2805 437 2872 Hieronymum,
482 2805 600 2856 ostendit

65 2875 296 2927 immortalitatem
309 2878 477 2938 mortalibus,
493 2878 525 2927 ad
537 2894 600 2944 gra-

65 2948 166 2998 tiarum
187 2950 320 3000 actionem
333 2951 461 3011 debitam,
474 2961 503 3002 ut
518 2951 600 3003 intel-

64 3019 183 3084 ligamus
204 3021 271 3087 quid
286 3021 428 3084 fuerimus,
444 3035 470 3072 et
483 3022 600 3072 sciamus

34 3122 36 3126 -
64 3092 133 3157 quid
148 3092 232 3143 futuri
248 3094 358 3144 erimus.

97 3165 328 3226 4Ar>rnnrr10uas
357 3165 456 3215 Douuu
486 3180 601 3216 nonnar-

66 3249 121 3282 ran
142 3250 282 3285 rruaurnus
317 3252 478 3287 APPLICATAE.
508 3265 538 3274 -
562 3236 601 3288 De

64 3306 194 3370 mysterio
218 3317 306 3358 autem
334 3308 522 3376 praedictarum
550 3325 606 3375 aps

63 3376 245 3442 paritionum,
276 3390 301 3431 et
337 3380 452 3431 duarum
481 3396 600 3448 sequen-

62 3450 145 3510 tium,
172 3450 211 3499 sic
232 3449 298 3499 dicit
316 3451 411 3501 Beda:
428 3469 442 3497 a
454 3451 518 3502 Haec
536 3466 600 3517 ergo

62 3517 219 3584 frequentia
250 3520 396 3586 corporalis
426 3537 480 3572 suae
509 3522 600 3572 maui-

63 3591 226 3655 festationis,
241 3595 381 3644 ostendere
402 3595 489 3646 voluit
504 3595 598 3644 Domi-

66 3677 131 3720 nus,
148 3662 176 3711 in
186 3664 265 3712 omni
277 3665 337 3714 loco
356 3679 385 3715 se
400 3664 535 3714 bonorum
551 3664 599 3715 de·

64 3733 175 3785 sideriis
199 3745 357 3799 praesentem
383 3749 440 3785 esse
459 3734 598 3785 divinitus.

63 3806 201 3871 Apparuit
225 3822 341 3872 namque
372 3808 405 3856 ad
434 3801 614 3858 monumen-'

65 3887 126 3927 tum
154 3878 309 3943 lugentibus
335 3877 459 3944 feminis3
477 3878 552 3929 adest
573 3888 599 3929 et

655 377 735 427 nobis
758 380 818 445 ejus·
844 381 972 433 absentiae
1003 386 1188 438 recordatione

653 448 796 500 salubriter
808 452 981 504 contristatis.
995 454 1120 505 Occurrit
1141 473 1185 507 re-

654 521 820 571 vertentibus
833 536 849 571 a
864 536 1049 585 monum-ento,
1071 534 1102 575 ut
1114 528 1188 592 agni-

653 602 679 642 ta
700 593 914 645 Resurrectionis
937 596 1033 662 gaudia
1056 600 1186 663 praedica-

654 673 728 727 rent;
755 666 829 715 adest
851 676 880 715 et
907 667 995 726 nobis,
1021 667 1086 718 dum
1106 671 1185 732 bona,

653 751 713 802 quae
744 736 889 801 novimus,
917 740 1050 804 proximis
1072 740 1185 793 fideliter

653 807 816 857 annuntiare
830 809 986 873 gaudemus.
1010 813 1141 877 Apparuit
1155 813 1184 865 in

653 879 782 930 i'ractione
804 881 881 946 panis
904 882 957 946 his,
978 883 1025 949 qui
1051 900 1079 934 se
1106 901 1184 950 pere-

653 952 764 1018 grinum
788 968 847 1003 esse
862 965 1001 1018 putantes,
1028 957 1062 1006 ad
1089 957 1184 1024 hospi-

652 1024 722 1074 tium
744 1036 922 1088 vocaverunt3
942 1027 1017 1077 adest
1035 1039 1061 1078 et
1095 1031 1184 1091 nobis,

653 1109 713 1144 curn
734 1095 883 1160 peregrinis
895 1106 921 1145 et
938 1097 1101 1161 pauperibus
1116 1115 1185 1166 quae-

652 1180 759 1232 cunque
786 1181 933 1231 possumus
963 1168 1032 1218 bona
1070 1169 1186 1221 libenter

653 1237 854 1303 impendimus;
865 1238 944 1287 adest
957 1248 983 1288 et
997 1239 1077 1288 nobis
1085 1239 1120 1289 in
1130 1241 1184 1291 fra-

653 1309 740 1359 ctione
772 1309 868 1374 panis,
895 1324 955 1358 curn
986 1323 1182 1362 sacramentum

653 1379 782 1445 Corporis
806 1381 875 1445 ejus,
902 1380 1026 1430 videlicet
1054 1383 1131 1447 panis
1158 1394 1184 1434 et

652 1450 718 1511 vini,
737 1462 808 1501 casta
832 1461 857 1501 et
881 1451 998 1516 simplici
1019 1454 1184 1505 conscientia

653 1523 797 1574 sumimus
826 1524 958 1590 Apparuit
979 1524 1008 1574 in
1033 1526 1123 1575 abdito
1152 1527 1185 1577 de

652 1609 701 1645 sua
742 1595 945 1645 Resurrecti'one
992 1595 1181 1661 loquentibus;

652 1666 726 1716 adest
741 1676 766 1717 et
788 1666 876 1726 nobis,
893 1667 940 1732 qui
964 1668 1045 1716 modo
1060 1667 1118 1731 ejus
1133 1669 1185 1718 do-

653 1753 687 1788 no
707 1738 777 1788 idem
810 1737 930 1804 agimus;
957 1737 1032 1787 adest
1053 1748 1079 1787 et
1105 1739 1185 1789 nobis

653 1823 767 1875 semper,
783 1824 844 1858 curn
866 1808 899 1856 ab
923 1807 1078 1858 extrinsecis
1092 1809 1185 1874 operi-

652 1880 704 1930 bus
728 1880 760 1930 ad
782 1891 892 1946 tempus
909 1890 1042 1940 vacantes,
1070 1880 1103 1930 de
1128 1883 1185 1946 ejus

652 1950 737 2016 gratia
750 1951 865 2000 locuturi
889 1950 1073 2000 convenimus.
1092 1953 1183 2016 Appa-

652 2022 716 2083 ruit,
726 2038 788 2072 cum
803 2021 907 2071 foribus
925 2020 1022 2070 clausis
1045 2020 1119 2069 intus
1135 2023 1184 2071 lu·
1221 2072 1223 2078 ,

652 2094 773 2145 daeorum
792 2104 865 2144 metu
885 2093 1041 2151 residerent,
1062 2094 1185 2158 apparuit

652 2181 714 2215 cum
729 2165 863 2215 minorato
883 2164 986 2213 eodem
1005 2172 1089 2225 metu,
1104 2179 1183 2228 aper-

652 2237 687 2287 tis
696 2253 759 2287 eum
776 2236 912 2302 gressibus
928 2235 957 2284 in
972 2234 1074 2283 montis
1086 2235 1184 2285 vertice

652 2323 820 2378 quaererent,
831 2309 907 2361 affuit
924 2310 1062 2375 quondam
1077 2309 1184 2359 confor-

652 2392 756 2432 taturus
773 2398 822 2432 suo
836 2381 938 2447 Spiritu
957 2379 1110 2442 Ecclesiam,
1122 2397 1184 2430 cum

652 2454 685 2502 ab
710 2452 865 2502 infidelibus
891 2461 1069 2516 premeretur,
1098 2461 1124 2501 et
1151 2452 1185 2501 ad
1265 2512 1273 2524 Ι

653 2523 792 2590 publicum
813 2522 914 2582 venire,
936 2537 965 2571 ac
990 2521 1102 2571 dilatare
1119 2537 1184 2588 pro-

652 2595 809 2659 hiberetur3
840 2596 914 2646 adest
941 2594 1030 2644 eidem
1049 2604 1075 2644 et
1102 2610 1182 2657 nunc,

653 2682 715 2716 cum
740 2666 866 2717 inclinatu
892 2665 924 2715 ad
957 2664 1040 2715 fidem
1064 2664 1184 2714 culmine

653 2737 744 2804 regali,
760 2747 845 2787 terror
866 2735 969 2802 quievit
981 2734 1183 2800 persecutionis,

653 2819 679 2860 et
690 2810 781 2859 omnis
792 2809 887 2859 mundi
905 2807 1060 2858 sublimitas
1074 2807 1186 2870 Aposto-

653 2880 712 2931 licis
732 2890 772 2931 est
787 2879 920 2930 substrata
941 2876 1069 2941 vestigiis.
1093 2877 1185 2939 Appa-

653 2952 708 3002 ruit
725 2950 912 3024 piscatoribus,
933 2962 1033 3012 eosque
1055 2961 1188 3010 apparens

653 3021 749 3072 divisis
765 3020 865 3084 adjuvit
889 3017 1041 3078 beneficiis3
1069 3017 1143 3065 adest
1159 3025 1185 3065 et

653 3091 742 3152 nobis,
762 3105 823 3140 cum
840 3088 988 3138 necessaria
1001 3087 1062 3138 vitae
1077 3097 1185 3150 tempo-

654 3163 717 3214 ralis
752 3173 823 3213 recta
856 3161 1005 3210 intentione
1039 3173 1163 3209 curamus
1177 3197 1187 3218 ,.

652 3234 784 3301 justisque
807 3231 906 3283 nostris
928 3230 1067 3282 laboribus
1091 3228 1185 3279 subsi-

653 3308 730 3358 dium
743 3306 865 3373 adjungit
880 3321 936 3356 suae
955 3304 1069 3370 pietatis.
1091 3303 1184 3368 Appa-

653 3378 708 3429 ruit
723 3376 959 3437 recumbentibus3
978 3375 1052 3424 adest
1065 3382 1091 3421 et
1105 3371 1185 3422 nobis

654 3465 717 3499 cum
745 3449 819 3514 juxta
841 3444 964 3512 Apostoli
995 3441 1108 3502 monita,
1128 3442 1185 3493 sive

654 3520 866 3577 manducamus,
890 3516 947 3566 sive
973 3512 1104 3572 bibimus,
1129 3512 1184 3563 sive

654 3591 727 3642 aliud
742 3589 807 3657 quid
833 3589 949 3656 agimus,
962 3586 1054 3636 omnia
1079 3585 1107 3635 in
1127 3585 1183 3651 glo-

654 3665 722 3715 riam
739 3663 788 3714 Dei
812 3663 935 3713 facimus.
952 3658 1083 3726 Apparuit
1097 3659 1185 3724 primo

654 3736 683 3786 in
702 3738 803 3796 Judaea,
818 3734 916 3784 deinde
936 3732 966 3783 in
991 3731 1112 3790 Galilaea‚
1124 3738 1185 3796 post

655 3808 713 3858 haec
741 3806 768 3856 in
793 3805 885 3856 Judaea
913 3818 1036 3865 rursum,
1061 3800 1185 3866 die0quo

652 3877 774 3929 ascendit
796 3875 827 3926 in
844 3874 962 3936 coelum,
981 3872 1078 3921 aderat
1094 3868 1199 3915 Reme-
