2626 4328
226 269 273 320 DE
290 269 400 320 PRIMO
417 263 734 325 COMPLETORIO,1N
754 267 921 319 PASSIONE
936 268 1072 320 DOMINI.

92 382 135 434 tim
148 393 178 435 ut
192 383 296 435 dixerat
317 402 324 435 ι
351 385 453 437 Tristis
477 389 517 434 est
530 382 621 433 anima

95 467 154 517 mea,
170 455 220 507 ivit
233 457 265 506 ad
279 458 423 508 orandum.
437 484 467 494 -
483 454 619 515 Quintum

97 523 276 576 documentum
300 537 355 590 est,
378 527 451 594 quod
472 541 521 576 nos
544 539 620 574 orare

98 594 205 646 volentes
218 596 322 657 devote,
344 596 473 648 debemus
496 595 618 646 secedere

101 666 128 715 ab
148 668 304 720 hominibus
334 669 367 719 ad
385 669 505 734 aliquem
528 668 618 718 locum

104 749 226 803 secretum,
242 741 313 791 sicut
327 740 391 792 fecit
402 740 537 799 Christus,
551 740 619 789 dans

107 807 171 859 nobis
192 812 353 876 exemplum.
375 839 406 848 -
429 811 540 861 Sextum
564 819 619 867 est,
632 872 634 876 Ι

108 879 165 942 quod
185 896 279 931 omnes
304 881 442 942 tristitias,
465 880 619 932 tribulatio-

109 961 152 1008 nes,
167 965 260 1014 poenas,
284 951 465 1010 adversitates
494 961 520 1002 et
542 950 619 1001 infir-

110 1018 192 1070 mitates
206 1033 311 1072 nostras
327 1023 431 1073 etiamsi
452 1033 574 1089 petamus
586 1022 619 1072 ab

110 1088 140 1140 eis
164 1092 272 1152 liberari,
304 1094 375 1145 sicut
399 1095 526 1145 Christus
547 1094 618 1153 fecit,

110 1174 192 1227 semper
212 1176 274 1231 post
295 1165 446 1217 orationem
471 1165 619 1216 committa-

112 1248 157 1285 mus
168 1239 290 1290 voluntati
313 1240 428 1304 divinae;
444 1255 473 1290 ac
489 1254 536 1306 per
557 1239 617 1300 hoc,

112 1317 144 1354 eas
161 1309 227 1374 quasi
254 1310 283 1358 in
306 1325 353 1358 cor
376 1309 477 1360 Christi
504 1324 618 1375 repona-

112 1389 164 1437 mus,
178 1389 281 1431 orantes
292 1391 323 1430 ut
337 1380 395 1445 ipse
409 1396 453 1430 eas
465 1380 497 1430 in
518 1380 618 1429 unione

110 1457 150 1496 sue
169 1450 298 1501 Passionis
320 1450 448 1517 perficiat,
474 1461 499 1502 et
512 1449 619 1501 offerrat

109 1529 140 1567 ess
160 1521 209 1572 Deo
227 1523 301 1574 Patri
323 1523 357 1573 ad
381 1524 487 1574 laudern
512 1532 538 1572 et
564 1523 618 1588 glo-

108 1602 158 1640 nam
170 1609 250 1646 suam
273 1596 307 1645 Et
330 1611 362 1645 ex
385 1596 435 1645 hoc
461 1605 558 1645 nostrae
574 1594 618 1644 tri-

107 1657 246 1730 balationes,
280 1676 307 1716 et
336 1667 473 1732 passiones
499 1666 615 1716 multum

107 1731 266 1814 nobilitantur,
282 1753 344 1786 nam
355 1738 424 1788 sicut
440 1738 529 1788 Passio
541 1737 618 1788 Chri-

106 1802 130 1852 sti
148 1804 170 1856 in
190 1809 256 1859 coelo
284 1819 310 1859 ct
330 1809 359 1858 in
384 1819 454 1859 terra
477 1808 615 1859 infinitum

105 1877 175 1929 attulit
188 1883 321 1944 fructum3
344 1882 382 1932 sic
399 1898 484 1948 poenae
507 1891 533 1932 et
546 1897 618 1947 quae-

103 1958 189 2014 cunque
209 1951 398 2002 tribulationes
425 1963 533 2009 nostrae,
566 1952 615 2001 hoc

102 2021 164 2072 modo
177 2023 285 2074 Christo
297 2025 460 2084 commissae,
473 2026 502 2074 in
517 2023 616 2074 unione

100 2089 216 2148 Passionis
231 2100 296 2158 suae,
313 2107 368 2149 tam
377 2097 520 2149 fructiferae
528 2107 615 2157 erunt

98 2171 119 2212 ut
132 2166 263 2233 Angelis
257 2185 286 2219 ιιι
308 2171 375 2220 coelo
399 2170 523 2237 gloriam,
537 2169 615 2235 justis

97 2229 116 2282 in
142 2238 218 2288 terris
250 2239 397 2303 meritum,
433 2241 615 2306 peccatoribus

96 2305 194 2370 teniam,
218 2311 366 2375 purgandis
388 2311 533 2361 animabus
554 2327 617 2360 con-

94 2372 165 2435 fetant
192 2383 349 2434 relevamen.
385 2385 414 2433 ln
444 2383 615 2450 recogitando

94 2443 162 2500 istum
176 2451 320 2503 articulum
342 2454 447 2505 studeat
472 2455 554 2504 homo
578 2470 616 2505 se·

93 2521 230 2587 metipsum
244 2524 418 2575 constristare
441 2540 503 2575 cum
527 2526 615 2591 genti

93 2589 163 2653 tibus,
180 2596 367 2661 compatiendo
384 2596 491 2648 Christo
511 2597 544 2647 de
567 2613 615 2648 sua

92 2660 188 2714 tn'stitia
212 2675 322 2731 propter
343 2682 393 2716 nos
415 2677 569 2732 assumpta;
589 2677 615 2717 et

92 2729 108 2779 si
124 2732 152 2783 in
173 2734 264 2816 aliqua
288 2736 444 2787 turbatione
460 2739 502 2788 vel
518 2738 614 2788 adver-

92 2801 158 2856 sitate
177 2806 222 2870 sit,
248 2807 325 2858 uniat
349 2809 424 2858 illam
446 2825 508 2859 cum
532 2809 615 2860 tristi·

92 2873 120 2926 tls
138 2888 164 2929 et
179 2880 384 2930 adversitatibus
405 2881 516 2943 Christi,
531 2890 561 2945 ut
582 2897 614 2932 ex

93 2948 180 3000 unione
196 2950 318 3031 ipsarum
340 2952 503 3012 dulcescant,
519 2963 544 3004 et
559 2953 614 3002 Deo

94 3015 115 3066 ln
131 3033 236 3070 summa
257 3021 385 3086 patientia
405 3024 549 3074 redoleant.
572 3024 615 3073 Di-

94 3098 126 3138 cat
138 3105 199 3156 ergo
220 3091 277 3141 haec
297 3093 338 3142 vel
354 3093 398 3143 his
417 3093 540 3144 similia:
556 3094 614 3145 Do-

93 3156 151 3209 mine
169 3159 235 3210 Jesu
256 3159 371 3224 Christe,
385 3162 430 3227 qui
445 3162 553 3213 tristari
561 3178 614 3230 pro

93 3239 125 3277 me
136 3229 232 3281 misero
256 3231 374 3295 voluisti,
396 3233 432 3282 da
447 3234 511 3283 milii
525 3248 615 3284 omnes

93 3297 208 3352 tristitias
222 3315 296 3352 meas
311 3303 347 3351 ad
362 3308 386 3352 te
399 3301 507 3368 jugiter
521 3303 615 3369 suffer·

93 3383 129 3433 re,·
142 3378 219 3439 tuque
241 3387 289 3424 eas
304 3374 398 3425 ursione
417 3382 470 3425 tuae
494 3375 615 3426 tristitiae

93 3457 179 3495 mecum
192 3447 317 3513 digneris
331 3447 454 3513 sufferre.

118 3515 291 3580 SCnnrsrus,
318 3536 437 3570 nstrcrrs
458 3535 613 3584 utscrrucrs,

94 3599 189 3640 ιιοιιιιιι
212 3606 292 3641 onir.
317 3620 347 3629 -
364 3589 467 3641 Deinde
482 3591 614 3642 Dominus

94 3655 158 3714 letus
178 3661 273 3712 volens
295 3677 324 3713 se
342 3661 424 3712 etiam
448 3671 615 3727 sequestrare

94 3729 196 3783 auibus
206 3732 344 3798 Apostolis
358 3748 452 3783 secum.
459 3733 613 3798 assumptis,

94 3798 187 3853 dixit
165 3819 230 3856 ets.
246 3805 382 3856 Sustinete
397 3804 448 3867 hic,
464 3814 616 3870 exspectan-

95 3858 135 3938 do,
157 3882 183 3927 et
207 3876 321 3943 vigilate
344 3888 452 3938 mecum,
477 3891 532 3925 non
551 3891 613 3925 cum

163 3991 232 4045 Vtra
252 3992 316 4045 issu
335 3991 618 4056 Cunssr1,rosusIV.

1157 286 1207 338 47¹

675 380 782 432 diabolo
801 383 843 434 vel
865 399 927 435 cum
951 385 1061 442 mundo,
1084 395 1209 452 tanquam

674 453 754 504 amici
770 455 897 521 speciales
912 473 965 522 prae
979 457 1082 517 ceteris,
1098 458 1145 523 qui
1160 458 1208 509 de-

675 524 739 575 bent
757 525 784 574 in
805 528 940 593 angustiis
956 529 1081 579 assistere
1103 529 1208 581 amicis.

673 597 807 650 Sustinete
827 601 935 666 pondus
951 600 1113 661 tentationis,
1135 601 1208 667 vigi-

673 669 758 720 lantes
773 685 788 720 a
804 686 902 722 somno
922 670 1095 732 infidelitatis,
1110 682 1136 722 et
1150 682 1208 723 tor·

674 757 737 806 pore
753 742 861 803 mentis,
872 759 914 807 ne,
926 743 1081 810 ingravante
1091 744 1208 803 diabolo,

672 811 783 878 obrepat
796 813 882 864 vobis
899 813 1001 864 Ceteris
1015 814 1146 885 quidem'
1140 814 1206 879 russi

672 882 765 933 sedere
780 883 828 946 ibi,
843 884 920 949 quasi
936 874 1089 944 inferiores,
1098 885 1132 934 ab
1148 900 1208 950 ago·

673 969 706 1004 ne
728 955 779 1005 isto
808 971 915 1006 servans
939 971 985 1006 eos
1008 971 1132 1019 secur0s;
1157 972 1206 1007 vos

671 1035 759 1075 autem
780 1025 856 1092 quasi
883 1024 1014 1076 firmiores
1041 1042 1127 1092 usque
1153 1027 1206 1078 huc

671 1096 784 1158 adduxi,
808 1108 838 1148 ut
860 1097 1029 1148 collaboretis
1046 1114 1152 1149 mecum
1176 1098 1205 1148 in

671 1167 771 1234 vigiliis
786 1180 813 1220 et
826 1168 1008 1233 orationibus;
1021 1169 1067 1219 sed
1082 1170 1143 1221 nolo
1157 1183 1205 1221 vos

670 1240 794 1305 progredi
808 1240 931 1300 ulterius,
942 1240 1061 1290 nondum
1073 1241 1147 1290 enim
1161 1257 1205 1307 po·

670 1310 753 1361 testis.
769 1311 879 1376 Propter
900 1311 951 1361 hoc
965 1320 1070 1360 manete
1092 1310 1137 1361 hic
1161 1311 1205 1362 vi·
1226 1343 1229 1351 -

670 1381 792 1447 gilantes,
805 1383 874 1432 sicut
884 1393 910 1433 et
921 1398 970 1448 ego
981 1382 1073 1448 vigilo,
1088 1393 1114 1434 et
1124 1398 1205 1434 unus·

670 1451 794 1518 quisque,
816 1451 845 1503 in
869 1452 953 1519 gradu
978 1466 1033 1502 suae
1056 1453 1205 1505 vocationis

670 1523 815 1586 consistat;
847 1523 911 1588 quia
935 1531 962 1574 et
988 1520 1077 1572 omnis
1100 1522 1203 1588 gratia,

670 1593 794 1659 quamvis
811 1609 908 1660 magna
926 1592 1017 1653 fuerit,
1036 1593 1203 1659 superiorem

669 1662 759 1714 habet.
785 1663 824 1713 Et
846 1677 1014 1730 progressus
1041 1674 1083 1714 est
1108 1664 1142 1714 ab
1165 1665 1205 1716 eis

666 1737 807 1804 pusillum,
830 1736 944 1795 scilicet,
965 1743 1091 1802 quantum
1108 1737 1204 1804 jactus

669 1816 710 1861 est
733 1809 833 1875 lapidis
852 1816 887 1873 et,
906 1810 1004 1874 positis
1026 1810 1148 1875 genibus,
1153 1847 1201 1863 .....

666 1881 786 1946 procidit
800 1882 827 1931 in
838 1882 940 1947 faciem
955 1895 1040 1944 suam,
1056 1897 1136 1947 super
1150 1892 1205 1932 ter·

669 1968 736 2012 ram,
753 1962 783 2003 ut
796 1951 979 2002 humilitatem
994 1952 1094 2002 mentis
1109 1961 1204 2002 osten-

669 2023 743 2074 deret
765 2023 860 2073 habitu
886 2021 1023 2088 corporis,
1053 2027 1078 2072 et
1106 2022 1204 2073 orabat

668 2095 756 2154 corde,
772 2093 863 2144 dicens
885 2107 931 2142 ore
951 2108 958 2141 z
977 2092 1053 2142 Abba
1066 2093 1161 2153 Pater,
1177 2094 1202 2143 si

664 2164 794 2231 possibile
809 2170 857 2227 est,
872 2163 944 2214 salva
956 2161 1128 2228 congruentia
1144 2163 1203 2212 red-

668 2235 814 2301 emptionis
836 2235 975 2298 humanae‚
999 2244 1025 2284 et
1045 2233 1068 2284 si
1088 2234 1203 2284 moritur

669 2323 758 2367 mors,
781 2322 824 2357 me
846 2306 993 2356 secundum
1019 2320 1126 2355 carnem
1149 2321 1203 2355 non

669 2381 810 2439 moriente,
826 2379 948 2445 transfer
961 2378 1070 2430 calicem
1085 2378 1160 2442 lturzc,
1174 2379 1202 2429 id

668 2462 709 2502 est
726 2451 939 2517 experimentum
958 2450 1103 2513 Passionis,
1117 2464 1136 2500 a
1151 2465 1201 2501 me.

668 2525 751 2584 Quasi
766 2524 885 2574 diceret:
902 2524 929 2574 Si
946 2523 1074 2590 possibile
1088 2534 1128 2574 est
1143 2523 1202 2574 sine

668 2607 753 2647 morte
767 2611 826 2647 mea
848 2596 988 2661 temporali
1005 2595 1099 2647 salvari
1116 2611 1201 2661 genus

668 2669 828 2729 humanum,
843 2668 960 2718 transfer
979 2667 1088 2721 calicem
1104 2683 1201 2718 amarae

669 2739 804 2790 Passionis
818 2755 832 2790 a
847 2754 899 2790 me.
913 2740 962 2789 Per
972 2738 1201 2789 orationemoffe-

668 2811 742 2862 rebat
754 2810 881 2875 spiritum
892 2810 949 2860 Deo
963 2808 1045 2868 Patri,
1060 2823 1121 2874 quae
1135 2809 1200 2873 qui-

667 2883 727 2932 dem
742 2881 837 2943 oratio,
857 2897 889 2932 ex
909 2880 1032 2947 pluribus
1050 2879 1201 2930 ostenditur

668 2953 802 3019 perfecta:
814 2952 912 3032 primo,
926 2951 990 3016 quia
1004 2948 1122 3000 solitaria
1136 2958 1200 3010 erat,

667 3034 708 3075 est
722 3023 796 3073 enim
813 3021 899 3073 oratio
917 3018 1028 3070 elevatio
1052 3018 1151 3068 mentis
1172 3019 1200 3068 in

667 3096 763 3156 Deum,
779 3092 852 3158 quod
866 3091 964 3141 melius
980 3088 1010 3140 fit
1023 3090 1132 3156 quando
1147 3091 1200 3140 ho-

668 3174 776 3215 moest
799 3171 980 3230 sequestratus
999 3160 1033 3210 ab
1055 3159 1130 3224 aliis;
1155 3176 1201 3211 se·

667 3235 767 3318 cundo,
790 3233 855 3301 quia
876 3231 999 3290 humilis,
1022 3245 1084 3280 cum
1109 3230 1138 3280 in
1159 3230 1201 3282 fa-

667 3308 734 3359 ciem
760 3321 837 3363 suam
861 3303 991 3370 procidit;
1018 3302 1111 3364 tertio,
1137 3301 1201 3368 quia

667 3381 770 3441 devota,
786 3392 848 3428 curn
872 3376 905 3426 ad
926 3375 1013 3425 Deum
1036 3374 1139 3423 Patrem
1158 3389 1201 3423 re-

667 3449 766 3510 currit3
787 3455 902 3512 quarto,
929 3443 995 3510 quia
1018 3452 1107 3502 recta,
1137 3458 1200 3493 curn

666 3521 829 3572 voluntatem
852 3533 930 3568 suam
948 3515 1080 3568 voluntati
1100 3515 1201 3567 divinae

666 3590 821 3654 submittit;
848 3588 962 3656 quinto,
990 3587 1054 3653 quia
1081 3585 1201 3637 caritati-

667 3677 707 3723 va,
731 3675 793 3711 cum
814 3658 922 3710 interim
943 3657 1056 3707 dulciter
1078 3656 1200 3722 discipu-

667 3733 709 3782 los
727 3728 853 3780 visitavit.
872 3727 905 3778 Et
925 3727 990 3793 quia
1011 3726 1077 3777 dicit
1099 3726 1200 3776 :Abba

668 3804 762 3862 Pater,
782 3799 925 3865 utriusque
943 3798 1036 3865 populi
1055 3799 1160 3849 Patrem
1174 3806 1201 3847 et

667 3875 830 3926 Salvatorem
857 3871 944 3921 Deum
972 3883 1030 3919 esse
1056 3867 1146 3918 innuit
1175 3875 1203 3916 et

1075 3997 1094 4033 Ἰ.
