2626 4328
140 258 193 325 634

141 377 181 427 vel
206 376 272 427 alias
302 375 372 427 sicut
396 375 468 425 Deus
496 372 669 423 ministrabit.

139 450 214 513 Jesu,
237 450 282 516 qui
304 450 331 501 in
358 453 523 498 monumento
551 445 669 512 sepeliri,

142 522 293 586 lamentari,
306 528 333 584 et
349 520 481 572 custodiri
505 518 623 578 voluisti,
636 518 671 569 de

141 592 213 655 milri,
236 598 262 643 te
283 593 309 643 in
325 591 406 642 corde
422 603 479 639 meo
493 587 673 660 spiritualiter

143 663 268 730 sepelire,
292 660 448 723 lamentari,
473 667 499 711 et
529 659 673 726 diligenter

143 732 296 794 custodire,·
315 738 343 782 ut
359 736 451 796 elego
471 730 520 780 tibi
533 727 674 794 consepul-

145 811 187 854 tus
202 808 285 852 tecum
305 815 410 851 merear
421 800 459 850 ad
470 799 675 851 resurrectionis

144 873 262 940 gloriam
280 872 431 938 peruenire.
452 871 491 921 Et
509 870 554 936 qul
568 869 676 936 positus

145 947 171 996 in
195 943 334 1010 sepulchro
361 957 378 993 a
407 943 466 993 visu
491 941 623 991 hominum
648 954 677 990 es

146 1023 318 1083 segregatus,
333 1017 359 1066 in
371 1029 441 1082 paee
458 1014 592 1065 dormieras
600 1052 609 1077 ,
627 1012 677 1062 ab·

146 1089 244 1140 sconde
264 1088 370 1139 interim
393 1102 433 1137 me
445 1100 549 1137 servum
567 1091 638 1135 tuum
651 1084 677 1134 in

146 1159 301 1210 abscondito
314 1157 404 1224 faciei
424 1164 485 1219 tuae,
501 1171 518 1205 a
534 1155 678 1206 conturbe-

147 1232 217 1281 tione
232 1230 373 1292 hominum,
386 1235 421 1292 ut,
439 1227 536 1278 mundo
548 1232 677 1287 mortuus,

147 1305 195 1355 ttbt
215 1305 307 1354 vivens
331 1303 357 1352 in
373 1309 398 1353 te
413 1301 554 1364 dormiam,
575 1305 601 1350 et
617 1313 680 1349 sua-

147 1376 216 1426 viter
237 1375 264 1426 in
280 1381 304 1424 te
319 1373 493 1439 requiescam.

182 1463 213 1497 ro
239 1447 335 1496 Morus
356 1460 534 1502 Quannurusx
553 1458 602 1493 uos
628 1457 681 1491 cuu

149 1520 266 1570 Crrnrsro
293 1532 455 1567 surrentum.
484 1544 514 1554 -
537 1515 587 1564 Hic
609 1528 682 1563 nunc

150 1588 297 1638 videndum
326 1595 383 1645 est,
413 1585 527 1650 qualiter
552 1584 682 1634 debemus

150 1674 211 1709 curn
236 1656 345 1706 Christo
365 1655 481 1721 sepeliri.
506 1655 682 1720 Sepulchrum

151 1740 241 1782 autern
256 1729 328 1778 istud
347 1727 443 1793 inquo
457 1727 587 1777 debemus
606 1741 683 1792 sepe·

153 1801 206 1863 liri,
228 1809 268 1850 est
291 1799 349 1865 ipsa
372 1798 477 1863 religio,
501 1798 530 1848 in
555 1813 609 1864 qua
626 1797 684 1863 ipse

153 1870 295 1935 religiosus
310 1868 484 1935 spiritualiter
494 1869 572 1919 debet
582 1868 684 1918 mundo

153 1939 222 1990 mori
240 1938 402 2005 etsepeliri.
424 1937 575 1988 Assimilari
595 1947 684 1987 autem

154 2010 233 2060 debet
247 2009 390 2075 religiosus
406 2022 514 2059 mortuo
531 2019 556 2060 et
571 2009 685 2075 sepulto,

154 2090 285 2148 quantum
298 2081 328 2130 ad
339 2082 424 2147 plura.
441 2080 541 2140 Primo,
555 2089 686 2147 quantum

154 2154 186 2204 ad
201 2168 312 2204 censum
328 2169 427 2213 rerum,
448 2153 512 2219 quia
528 2154 597 2204 sicut
612 2168 687 2202 mor-

153 2235 217 2274 tuus
233 2234 259 2274 et
268 2223 389 2289 sepultus
402 2223 471 2272 nihil
484 2223 627 2289 proprium
635 2222 687 2273 ha-

156 2296 215 2358 bet;
230 2294 267 2344 sic
278 2305 303 2344 et
313 2293 456 2360 religiosus
468 2294 538 2344 nihil
549 2293 688 2360 proprium

155 2365 271 2426 habere,
298 2367 343 2416 sed
373 2366 464 2417 omnia
495 2365 524 2416 in
550 2364 688 2417 communi

155 2430 274 2487 dividere
296 2437 383 2488 debet.
399 2466 429 2475 -
448 2437 581 2497 Secundo,
600 2451 690 2503 quan-

157 2517 216 2557 tum
234 2507 266 2557 ad
282 2522 393 2558 sensum
406 2507 494 2558 carnis
513 2518 539 2558 et
555 2517 689 2566 motuum,

157 2576 221 2640 quia
239 2575 307 2625 sicut
321 2587 446 2627 mortuus
464 2578 584 2644 privatur
593 2585 690 2637 sensu,

159 2660 207 2695 nec
224 2645 398 2696 sensibilibus
420 2649 526 2712 gaudet,
546 2648 626 2698 sicet
646 2663 690 2697 re-

160 2714 272 2781 ligiosus
287 2716 365 2766 debet
384 2732 441 2767 esse
464 2728 588 2767 mortuus
603 2734 691 2784 quan-

160 2798 219 2838 tum
236 2788 267 2838 ad
285 2788 482 2847 delectationes,
501 2803 563 2854 quae
580 2789 612 2838 ad
627 2805 691 2838 sen-

160 2874 221 2909 sum
253 2857 341 2908 carnis
371 2858 528 2924 pertinent;
563 2868 588 2909 et
622 2858 692 2909 sicut

161 2942 293 2992 mortuus,
307 2931 426 2982 moventi
440 2946 469 2982 se
484 2946 540 2981 non
554 2931 692 2981 contradi-

161 3004 206 3065 cit,
219 3003 257 3054 sic
273 3012 300 3054 et
318 3003 462 3070 religiosus
480 3003 588 3070 praelato
602 3019 631 3054 se
647 3018 692 3054 re-

160 3076 233 3143 genti
259 3091 314 3126 non
332 3076 411 3126 debet
435 3074 622 3136 contradicere,
646 3075 691 3125 sed

160 3147 189 3196 in
223 3146 349 3197 omnibus
378 3146 495 3198 obedire.
518 3174 547 3184 -
578 3146 691 3206 Tertio,

160 3230 293 3285 quantum
307 3221 340 3270 ad
356 3220 536 3281 domicilium,
549 3220 613 3287 quia
624 3219 693 3270 sicut

160 3302 283 3343 mortuus
310 3293 443 3344 clauditur
470 3293 499 3344 in
531 3294 692 3360 sepulchr0‚

159 3363 197 3413 sic
211 3374 236 3414 et
248 3364 390 3431 religiosus
404 3366 484 3416 debet
507 3381 565 3418 esse
587 3367 693 3417 clausus

158 3433 185 3484 in
206 3436 342 3499 claustr03
372 3446 399 3486 et
418 3435 488 3487 sicut
511 3447 634 3488 mortuus
661 3437 694 3487 de

159 3516 338 3556 monumento
365 3523 419 3556 non
434 3506 497 3568 exit,
514 3507 566 3558 nisi
589 3508 622 3558 ad
636 3508 694 3572 jus-

160 3576 265 3627 sionem
285 3579 333 3629 Dei
357 3580 459 3630 scilicet
475 3581 518 3631 die
537 3580 639 3646 judicii,
656 3580 697 3630 sic'

159 3663 208 3697 nec
220 3647 365 3714 religiosus
374 3651 452 3701 debet
460 3652 533 3702 exire
548 3652 693 3702 claustrum

160 3719 218 3770 sine
232 3719 352 3783 jussione
371 3723 490 3788 praelati;
504 3733 530 3774 et
541 3723 612 3775 sicut
626 3738 696 3774 mor·

160 3799 226 3841 tuus
244 3806 298 3839 non
314 3804 465 3845 murmurat
479 3795 588 3861 quando
603 3804 694 3844 trans·

160 3866 247 3920 fertur
271 3861 305 3912 de
332 3875 508 3916 monumento
536 3864 565 3915 in
594 3879 696 3916 monu-

425 257 600 310 SECUNDAE
616 255 740 307 PARTIS
754 255 870 307 CAPUT
883 257 975 309 val.

724 383 856 436 mentum,
875 373 913 425 sic
940 387 988 424 nec
1014 370 1159 438 religiosus
1177 370 1250 421 debet

727 459 895 495 murmurare
912 443 1021 512 quando
1039 441 1198 493 transfertur
1221 441 1252 492 de

726 515 889 566 monasterio
924 516 956 566 ad
991 512 1196 564 monasterium.
1224 539 1251 551 -

727 588 841 647 Quarto,
867 587 946 637 debet
967 584 1110 636 assimilari
1141 583 1254 635 maxime

728 659 809 709 morti
824 658 925 709 Christi
938 676 944 710 ι
958 657 985 708 in
995 667 1082 708 morte
1095 657 1170 708 enim
1183 655 1254 708 Chri-

727 729 759 780 sti
791 731 882 780 anima
902 729 954 780 fuit
982 745 997 780 a
1021 744 1100 778 carne
1128 737 1254 794 separate,

726 799 817 850 anima
827 809 917 850 tamen
932 809 957 849 et
968 815 1028 850 caro
1040 798 1151 850 fuerunt
1165 797 1257 850 divini·

727 870 774 920 tati
802 870 906 934 unitae;
931 870 968 921 sic
993 869 1021 919 in
1045 885 1108 921 vero
1133 869 1256 936 religioso
1295 924 1299 931 ‚

728 941 819 992 anima
832 942 910 992 debet
929 957 987 991 esse
1003 951 1126 1007 separata
1139 957 1155 991 a
1170 953 1256 999 carne

728 1024 757 1062 ut
773 1012 873 1063 scilicet
900 1012 972 1062 carni
996 1028 1050 1063 non
1066 1010 1215 1063 consentiat
1230 1010 1257 1063 in

729 1084 820 1150 aliquo
840 1085 938 1135 carnali
954 1101 1053 1146 amore,
1068 1085 1162 1136 anima
1172 1093 1259 1135 tamen

730 1167 756 1207 et
770 1172 830 1207 caro
846 1157 900 1208 Deo
912 1158 1010 1208 debent
1022 1172 1080 1207 esse
1091 1157 1177 1207 unitae
1189 1173 1196 1207 :
1208 1155 1260 1207 ani·

731 1245 775 1280 ma
789 1245 836 1296 per
851 1244 979 1290 amorem,
994 1245 1052 1281 caro
1066 1245 1114 1295 per
1137 1229 1259 1280 incorru-

731 1300 862 1366 ptionem,
878 1310 909 1351 ut
921 1299 1006 1367 possit
1017 1300 1103 1351 dicere
1117 1316 1181 1351 cum
1194 1300 1262 1351 Pro·

732 1371 812 1439 pheta
834 1389 841 1422 ε
869 1373 924 1424 Cor
951 1386 1035 1422 meum
1062 1379 1088 1422 et
1115 1387 1183 1423 caro
1206 1383 1262 1421 mee

731 1443 936 1495 esxultaverunt
950 1443 976 1494 in
990 1443 1076 1492 Deum
1090 1442 1188 1495 vivum.

768 1530 795 1564 11
810 1515 831 1564 F
833 1529 919 1564 murra
937 1529 1099 1564 serum-unae
1112 1513 1221 1563 Dorturt.
1235 1538 1264 1549 ·-

734 1586 904 1652 Sepulturam
923 1585 1024 1635 Christi
1039 1584 1108 1635 olim
1123 1583 1175 1634 filii
1185 1582 1263 1634 Jacob

734 1656 979 1723 praefiguraverunt,
994 1655 1041 1722 qui
1062 1654 1173 1706 fratrem
1187 1668 1263 1705 suurn

734 1728 834 1793 loseph
844 1728 872 1777 in
882 1728 1025 1778 cisternam
1038 1727 1181 1777 miserunt.
1192 1725 1264 1775 Hanc

736 1798 816 1849 etiarn
841 1798 922 1849 Jonas
960 1796 1159 1864 praefiguravit,
1185 1809 1265 1863 quem

737 1870 884 1935 proiectum
906 1869 939 1918 de
965 1869 1026 1919 navi
1049 1868 1078 1917 in
1102 1882 1178 1918 mare
1196 1875 1267 1918 cetus

737 1940 881 1991 devoravit.
896 1941 977 1991 Jonas
1001 1939 1053 1990 fuit
1069 1955 1117 2006 per
1133 1949 1188 1990 tres
1212 1937 1267 1989 dies

738 2021 765 2062 et
778 2023 867 2062 noctes
887 2011 915 2061 in
935 2021 1002 2072 ceto,
1019 2011 1054 2062 ita
1077 2010 1206 2062 Christus
1217 2007 1267 2060 tuit

738 2097 826 2148 usque
840 2083 871 2132 ad
886 2083 1007 2133 triduum
1022 2083 1050 2133 in
1066 2089 1254 2133 monumento.

776 2169 805 2203 12
821 2153 947 2204 Mauorti
965 2169 1064 2204 ssrrsu
1078 2168 1209 2204 uoranuu
1221 2151 1270 2201 Do

740 2241 894 2276 ururcanuu.
905 2254 935 2263 -
946 2225 1024 2275 Nunc
1033 2224 1151 2290 recogita
1159 2221 1272 2291 qualiter

742 2296 875 2347 Dominus
897 2306 960 2346 tuus
980 2307 1081 2360 septem
1104 2293 1182 2345 horis
1203 2306 1270 2359 pree-

742 2365 820 2416 dictis
836 2381 884 2431 pro
900 2375 926 2416 te
939 2381 1033 2433 passus
1048 2365 1092 2427 sit,
1107 2374 1134 2416 et
1154 2362 1271 2415 ausculta

743 2453 805 2488 eum
828 2437 904 2503 quasi
923 2447 949 2488 te
969 2446 1089 2487 moneret
1106 2446 1134 2487 et
1151 2434 1271 2487 diceret:

744 2510 813 2560 Cum
835 2509 924 2575 primo
954 2520 1033 2560 nocte
1055 2505 1272 2569 surrexerimus

743 2583 917 2635 reverentiam
939 2582 1012 2634 illius
1033 2581 1145 2642 amoris,
1160 2596 1216 2648 quo
1231 2592 1272 2630 me

743 2654 862 2704 vinctum
888 2655 985 2705 tradidi
1016 2654 1044 2704 in
1064 2667 1164 2704 manus
1186 2650 1272 2703 malo-

744 2742 804 2776 rum
830 2737 856 2776 et
877 2742 932 2793 quo
958 2726 1042 2778 factus
1064 2742 1126 2776 sum
1148 2723 1275 2776 obediam

744 2811 830 2861 usque
863 2797 895 2846 ad
923 2807 1063 2859 mortem;
1091 2795 1221 2862 disponas
1247 2793 1275 2843 in

744 2866 886 2915 cordetuo
907 2866 1016 2917 obedire
1032 2867 1101 2917 velle
1126 2867 1159 2917 ad
1184 2863 1275 2916 omnia

744 2951 805 3003 quae
829 2936 877 2987 tibi
903 2936 1091 3004 injunguntur.
1113 2936 1194 2988 Circa
1216 2933 1275 2987 Pti-

745 3024 827 3068 mam,
856 3009 891 3058 ob
917 3008 1090 3059 reverentiam
1113 3004 1276 3059 humilitatis

744 3097 797 3147 qua
826 3096 915 3131 coram
945 3080 1058 3147 indigno
1089 3080 1176 3146 judice
1206 3078 1277 3129 velut

745 3167 830 3218 agnus
844 3162 1000 3202 mansuetus
1019 3151 1095 3215 steti;
1111 3150 1239 3216 subjicias
1254 3156 1279 3199 te

745 3223 821 3274 omni
845 3234 971 3274 creaturae
993 3233 1100 3290 propter
1121 3238 1175 3283 me,
1198 3231 1227 3273 et
1247 3218 1279 3270 ad

745 3311 861 3361 quaeque
877 3295 940 3346 vilia
959 3311 1040 3362 opera
1053 3295 1091 3346 sis
1107 3305 1226 3361 paratus.
1239 3291 1279 3344 Ad

746 3367 876 3428 Tertiam,
891 3369 926 3419 ob
940 3383 1070 3429 amorem,
1085 3383 1141 3434 quo
1156 3382 1207 3434 ego
1221 3380 1282 3417 con·

746 3447 875 3504 temptus,
901 3449 1061 3505 consputus,
1086 3449 1112 3490 et
1133 3434 1282 3505 opprobrio

746 3519 879 3560 saturatus
900 3509 954 3569 fui,
983 3511 1099 3577 teipsum
1123 3520 1283 3561 contemnas

746 3591 772 3631 et
796 3579 953 3646 vilipendas,
977 3592 1003 3632 et
1025 3580 1169 3647 opprobria
1194 3576 1282 3631 susti-

747 3667 819 3702 neas.
846 3651 887 3701 Ad
913 3653 1038 3713 Seritam,
1066 3650 1209 3718 crucifigas
1233 3648 1282 3701 tibi

747 3722 891 3782 mundum,
916 3731 996 3788 teque
1023 3722 1137 3785 mundo,
1160 3719 1286 3787 cogitans

747 3791 863 3859 qualiter
883 3806 942 3857 ego,
961 3791 1084 3842 omnium
1099 3791 1221 3853 Creator,
1237 3802 1286 3856 pro

748 3878 840 3916 amore
855 3874 904 3916 tuo
924 3862 1068 3917 crucifixus
1091 3879 1164 3930 sum,
1174 3872 1207 3937 'et
1224 3861 1287 3914 ideo
