<?xml version="1.0" encoding="UTF-8"?>
<!DOCTYPE html PUBLIC "-//W3C//DTD XHTML 1.0 Transitional//EN"
    "http://www.w3.org/TR/xhtml1/DTD/xhtml1-transitional.dtd">
<html xmlns="http://www.w3.org/1999/xhtml" xml:lang="en" lang="en">
 <head>
  <title>
</title>
<meta http-equiv="Content-Type" content="text/html;charset=utf-8" />
  <meta name='ocr-system' content='tesseract 3.04.00' />
  <meta name='ocr-capabilities' content='ocr_page ocr_carea ocr_par ocr_line ocrx_word'/>
</head>
<body>
  <div class='ocr_page' id='page_1' title='image "./vitajesuchristi00rigogoog_0208.png"; bbox 0 0 2626 4328; ppageno 0'>
   <div class='ocr_carea' id='block_1_1' title="bbox 254 275 1037 338">
    <p class='ocr_par' dir='ltr' id='par_1_1' title="bbox 254 275 1037 338">
     <span class='ocr_line' id='line_1_1' title="bbox 254 275 1037 338; baseline 0 -8"><span class='ocrx_word' id='word_1_1' title='bbox 254 281 302 331; x_wconf 90' lang='lat' dir='ltr'>DE</span> <span class='ocrx_word' id='word_1_2' title='bbox 318 280 478 331; x_wconf 88' lang='lat' dir='ltr'>SABBATO</span> <span class='ocrx_word' id='word_1_3' title='bbox 494 277 644 338; x_wconf 86' lang='lat' dir='ltr'>SANCTO,</span> <span class='ocrx_word' id='word_1_4' title='bbox 657 277 692 329; x_wconf 93' lang='lat' dir='ltr'>IN</span> <span class='ocrx_word' id='word_1_5' title='bbox 710 278 877 330; x_wconf 88' lang='lat' dir='ltr'>PASSIONE</span> <span class='ocrx_word' id='word_1_6' title='bbox 901 275 1037 331; x_wconf 82' lang='lat' dir='ltr'>DOlllNl.</span> 
     </span>
    </p>
   </div>
   <div class='ocr_carea' id='block_1_2' title="bbox 671 392 1207 460">
    <p class='ocr_par' dir='ltr' id='par_1_2' title="bbox 671 392 1207 460">
     <span class='ocr_line' id='line_1_2' title="bbox 671 392 1207 460; baseline 0.006 -19"><span class='ocrx_word' id='word_1_7' title='bbox 671 392 824 443; x_wconf 84' lang='lat' dir='ltr'>exercitum</span> <span class='ocrx_word' id='word_1_8' title='bbox 835 392 990 459; x_wconf 90' lang='lat' dir='ltr'>prostravit;</span> <span class='ocrx_word' id='word_1_9' title='bbox 1005 402 1031 442; x_wconf 91' lang='lat' dir='ltr'>et</span> <span class='ocrx_word' id='word_1_10' title='bbox 1045 394 1137 460; x_wconf 86' lang='lat' dir='ltr'>Agnus</span> <span class='ocrx_word' id='word_1_11' title='bbox 1148 394 1207 444; x_wconf 89' lang='lat' dir='ltr'>sine</span> 
     </span>
    </p>
   </div>
   <div class='ocr_carea' id='block_1_3' title="bbox 88 393 623 2093">
    <p class='ocr_par' dir='ltr' id='par_1_3' title="bbox 88 393 623 1722">
     <span class='ocr_line' id='line_1_3' title="bbox 93 393 623 459; baseline -0.008 -11"><span class='ocrx_word' id='word_1_12' title='bbox 93 396 275 448; x_wconf 78' lang='lat' dir='ltr'>dimitterem</span> <span class='ocrx_word' id='word_1_13' title='bbox 300 410 373 447; x_wconf 86' lang='lat' dir='ltr'>coeno</span> <span class='ocrx_word' id='word_1_14' title='bbox 394 393 623 459; x_wconf 83' lang='lat' dir='ltr'>concupiscentia·</span> 
     </span>
     <span class='ocr_line' id='line_1_4' title="bbox 91 464 622 531; baseline -0.006 -14"><span class='ocrx_word' id='word_1_15' title='bbox 91 483 170 530; x_wconf 86' lang='lat' dir='ltr'>rum;</span> <span class='ocrx_word' id='word_1_16' title='bbox 187 466 263 516; x_wconf 82' lang='lat' dir='ltr'><strong><em>trahe</em></strong></span> <span class='ocrx_word' id='word_1_17' title='bbox 277 481 317 517; x_wconf 88' lang='lat' dir='ltr'>me</span> <span class='ocrx_word' id='word_1_18' title='bbox 329 467 367 516; x_wconf 86' lang='lat' dir='ltr'>ad</span> <span class='ocrx_word' id='word_1_19' title='bbox 382 472 415 527; x_wconf 87' lang='lat' dir='ltr'>te,</span> <span class='ocrx_word' id='word_1_20' title='bbox 433 471 461 514; x_wconf 84' lang='lat' dir='ltr'>ut</span> <span class='ocrx_word' id='word_1_21' title='bbox 474 464 622 531; x_wconf 79' lang='lat' dir='ltr'>crucifigar</span> 
     </span>
     <span class='ocr_line' id='line_1_5' title="bbox 91 534 620 600; baseline -0.004 -14"><span class='ocrx_word' id='word_1_22' title='bbox 91 537 146 600; x_wconf 84' lang='lat' dir='ltr'>tibi,</span> <span class='ocrx_word' id='word_1_23' title='bbox 164 541 192 587; x_wconf 82' lang='lat' dir='ltr'>et</span> <span class='ocrx_word' id='word_1_24' title='bbox 203 537 300 587; x_wconf 86' lang='lat' dir='ltr'>mundo</span> <span class='ocrx_word' id='word_1_25' title='bbox 314 542 444 598; x_wconf 82' lang='lat' dir='ltr'>mortuus,</span> <span class='ocrx_word' id='word_1_26' title='bbox 461 535 510 585; x_wconf 84' lang='lat' dir='ltr'>tibi</span> <span class='ocrx_word' id='word_1_27' title='bbox 523 534 620 598; x_wconf 83' lang='lat' dir='ltr'>vivam,</span> 
     </span>
     <span class='ocr_line' id='line_1_6' title="bbox 91 605 622 673; baseline -0.004 -16"><span class='ocrx_word' id='word_1_28' title='bbox 91 607 179 657; x_wconf 85' lang='lat' dir='ltr'>vivam</span> <span class='ocrx_word' id='word_1_29' title='bbox 194 621 256 657; x_wconf 82' lang='lat' dir='ltr'>vero</span> <span class='ocrx_word' id='word_1_30' title='bbox 267 606 328 673; x_wconf 82' lang='lat' dir='ltr'>jam</span> <span class='ocrx_word' id='word_1_31' title='bbox 344 621 394 657; x_wconf 86' lang='lat' dir='ltr'>non</span> <span class='ocrx_word' id='word_1_32' title='bbox 409 620 469 671; x_wconf 85' lang='lat' dir='ltr'>ego,</span> <span class='ocrx_word' id='word_1_33' title='bbox 485 605 561 656; x_wconf 84' lang='lat' dir='ltr'>vivas</span> <span class='ocrx_word' id='word_1_34' title='bbox 575 620 622 655; x_wconf 83' lang='lat' dir='ltr'>au·</span> 
     </span>
     <span class='ocr_line' id='line_1_7' title="bbox 91 676 620 742; baseline -0.004 -14"><span class='ocrx_word' id='word_1_35' title='bbox 91 685 140 729; x_wconf 85' lang='lat' dir='ltr'>tem</span> <span class='ocrx_word' id='word_1_36' title='bbox 155 679 182 729; x_wconf 88' lang='lat' dir='ltr'>in</span> <span class='ocrx_word' id='word_1_37' title='bbox 197 692 245 742; x_wconf 87' lang='lat' dir='ltr'>me,</span> <span class='ocrx_word' id='word_1_38' title='bbox 270 678 386 729; x_wconf 79' lang='lat' dir='ltr'><strong><em>Christe.</em></strong></span> <span class='ocrx_word' id='word_1_39' title='bbox 408 676 555 727; x_wconf 87' lang='lat' dir='ltr'>Considera</span> <span class='ocrx_word' id='word_1_40' title='bbox 576 676 620 727; x_wconf 92' lang='lat' dir='ltr'>hic</span> 
     </span>
     <span class='ocr_line' id='line_1_8' title="bbox 89 747 623 818; baseline -0.006 -16"><span class='ocrx_word' id='word_1_41' title='bbox 89 761 198 813; x_wconf 85' lang='lat' dir='ltr'>attente,</span> <span class='ocrx_word' id='word_1_42' title='bbox 226 762 327 818; x_wconf 88' lang='lat' dir='ltr'>quanta</span> <span class='ocrx_word' id='word_1_43' title='bbox 350 749 402 801; x_wconf 93' lang='lat' dir='ltr'>fuit</span> <span class='ocrx_word' id='word_1_44' title='bbox 425 750 526 802; x_wconf 84' lang='lat' dir='ltr'>Christi</span> <span class='ocrx_word' id='word_1_45' title='bbox 548 747 623 800; x_wconf 90' lang='lat' dir='ltr'>beni·</span> 
     </span>
     <span class='ocr_line' id='line_1_9' title="bbox 90 823 620 890; baseline 0 -16"><span class='ocrx_word' id='word_1_46' title='bbox 90 824 179 890; x_wconf 87' lang='lat' dir='ltr'>gnitas</span> <span class='ocrx_word' id='word_1_47' title='bbox 206 825 234 874; x_wconf 93' lang='lat' dir='ltr'>in</span> <span class='ocrx_word' id='word_1_48' title='bbox 268 824 406 875; x_wconf 86' lang='lat' dir='ltr'>infernum</span> <span class='ocrx_word' id='word_1_49' title='bbox 439 823 620 884; x_wconf 83' lang='lat' dir='ltr'>descendere,</span> 
     </span>
     <span class='ocr_line' id='line_1_10' title="bbox 89 894 619 963; baseline -0.006 -17"><span class='ocrx_word' id='word_1_50' title='bbox 89 905 191 961; x_wconf 86' lang='lat' dir='ltr'>quanta</span> <span class='ocrx_word' id='word_1_51' title='bbox 210 895 314 955; x_wconf 86' lang='lat' dir='ltr'>caritas,</span> <span class='ocrx_word' id='word_1_52' title='bbox 342 904 443 963; x_wconf 89' lang='lat' dir='ltr'>quanta</span> <span class='ocrx_word' id='word_1_53' title='bbox 467 894 619 959; x_wconf 72' lang='lat' dir='ltr'>humilitas,</span> 
     </span>
     <span class='ocr_line' id='line_1_11' title="bbox 89 963 619 1032; baseline -0.002 -18"><span class='ocrx_word' id='word_1_54' title='bbox 89 965 197 1016; x_wconf 89' lang='lat' dir='ltr'>Poterat</span> <span class='ocrx_word' id='word_1_55' title='bbox 210 965 282 1016; x_wconf 89' lang='lat' dir='ltr'>enim</span> <span class='ocrx_word' id='word_1_56' title='bbox 295 982 381 1016; x_wconf 91' lang='lat' dir='ltr'>unum</span> <span class='ocrx_word' id='word_1_57' title='bbox 396 982 427 1016; x_wconf 86' lang='lat' dir='ltr'>ex</span> <span class='ocrx_word' id='word_1_58' title='bbox 437 965 549 1032; x_wconf 77' lang='lat' dir='ltr'>Angelis</span> <span class='ocrx_word' id='word_1_59' title='bbox 560 963 619 1015; x_wconf 86' lang='lat' dir='ltr'>coeli</span> 
     </span>
     <span class='ocr_line' id='line_1_12' title="bbox 89 1035 620 1102; baseline -0.002 -17"><span class='ocrx_word' id='word_1_60' title='bbox 89 1035 122 1086; x_wconf 87' lang='lat' dir='ltr'>ad</span> <span class='ocrx_word' id='word_1_61' title='bbox 138 1051 185 1086; x_wconf 90' lang='lat' dir='ltr'>eos</span> <span class='ocrx_word' id='word_1_62' title='bbox 200 1036 315 1097; x_wconf 88' lang='lat' dir='ltr'>mittere,</span> <span class='ocrx_word' id='word_1_63' title='bbox 334 1046 360 1087; x_wconf 92' lang='lat' dir='ltr'>et</span> <span class='ocrx_word' id='word_1_64' title='bbox 374 1036 460 1087; x_wconf 87' lang='lat' dir='ltr'>facere</span> <span class='ocrx_word' id='word_1_65' title='bbox 475 1036 549 1102; x_wconf 92' lang='lat' dir='ltr'>ipsos</span> <span class='ocrx_word' id='word_1_66' title='bbox 563 1050 620 1085; x_wconf 90' lang='lat' dir='ltr'>ser-</span> 
     </span>
     <span class='ocr_line' id='line_1_13' title="bbox 89 1109 620 1176; baseline 0 -18"><span class='ocrx_word' id='word_1_67' title='bbox 89 1124 138 1159; x_wconf 90' lang='lat' dir='ltr'>vos</span> <span class='ocrx_word' id='word_1_68' title='bbox 154 1125 219 1160; x_wconf 91' lang='lat' dir='ltr'>suos</span> <span class='ocrx_word' id='word_1_69' title='bbox 240 1109 358 1172; x_wconf 87' lang='lat' dir='ltr'>liberari,</span> <span class='ocrx_word' id='word_1_70' title='bbox 382 1119 408 1160; x_wconf 94' lang='lat' dir='ltr'>et</span> <span class='ocrx_word' id='word_1_71' title='bbox 428 1109 480 1160; x_wconf 90' lang='lat' dir='ltr'>sibi</span> <span class='ocrx_word' id='word_1_72' title='bbox 498 1124 620 1176; x_wconf 77' lang='lat' dir='ltr'>praesen-</span> 
     </span>
     <span class='ocr_line' id='line_1_14' title="bbox 89 1179 619 1245; baseline -0.002 -17"><span class='ocrx_word' id='word_1_73' title='bbox 89 1179 138 1228; x_wconf 90' lang='lat' dir='ltr'>tari</span> <span class='ocrx_word' id='word_1_74' title='bbox 166 1190 247 1245; x_wconf 93' lang='lat' dir='ltr'>prout</span> <span class='ocrx_word' id='word_1_75' title='bbox 270 1181 408 1241; x_wconf 90' lang='lat' dir='ltr'>voluisset,</span> <span class='ocrx_word' id='word_1_76' title='bbox 434 1180 457 1231; x_wconf 90' lang='lat' dir='ltr'>si</span> <span class='ocrx_word' id='word_1_77' title='bbox 481 1180 533 1230; x_wconf 92' lang='lat' dir='ltr'>hoc</span> <span class='ocrx_word' id='word_1_78' title='bbox 554 1193 619 1229; x_wconf 91' lang='lat' dir='ltr'>suus</span> 
     </span>
     <span class='ocr_line' id='line_1_15' title="bbox 89 1248 620 1302; baseline -0.002 -3"><span class='ocrx_word' id='word_1_79' title='bbox 89 1264 165 1300; x_wconf 91' lang='lat' dir='ltr'>amor</span> <span class='ocrx_word' id='word_1_80' title='bbox 178 1262 204 1300; x_wconf 90' lang='lat' dir='ltr'>et</span> <span class='ocrx_word' id='word_1_81' title='bbox 220 1251 361 1301; x_wconf 87' lang='lat' dir='ltr'>humilitas</span> <span class='ocrx_word' id='word_1_82' title='bbox 375 1251 557 1302; x_wconf 86' lang='lat' dir='ltr'>sustinuisset.</span> <span class='ocrx_word' id='word_1_83' title='bbox 571 1248 620 1300; x_wconf 88' lang='lat' dir='ltr'>Per</span> 
     </span>
     <span class='ocr_line' id='line_1_16' title="bbox 89 1319 620 1385; baseline 0 -16"><span class='ocrx_word' id='word_1_84' title='bbox 89 1319 209 1385; x_wconf 89' lang='lat' dir='ltr'>seipsum</span> <span class='ocrx_word' id='word_1_85' title='bbox 234 1323 265 1370; x_wconf 90' lang='lat' dir='ltr'>ad</span> <span class='ocrx_word' id='word_1_86' title='bbox 295 1320 401 1372; x_wconf 85' lang='lat' dir='ltr'>interna</span> <span class='ocrx_word' id='word_1_87' title='bbox 423 1320 568 1383; x_wconf 88' lang='lat' dir='ltr'>deseendit,</span> <span class='ocrx_word' id='word_1_88' title='bbox 594 1328 620 1369; x_wconf 92' lang='lat' dir='ltr'>et</span> 
     </span>
     <span class='ocr_line' id='line_1_17' title="bbox 89 1389 619 1451; baseline 0.002 -14"><span class='ocrx_word' id='word_1_89' title='bbox 89 1404 145 1438; x_wconf 93' lang='lat' dir='ltr'>non</span> <span class='ocrx_word' id='word_1_90' title='bbox 169 1402 200 1440; x_wconf 93' lang='lat' dir='ltr'>ut</span> <span class='ocrx_word' id='word_1_91' title='bbox 220 1407 320 1451; x_wconf 87' lang='lat' dir='ltr'>servos,</span> <span class='ocrx_word' id='word_1_92' title='bbox 333 1392 380 1441; x_wconf 87' lang='lat' dir='ltr'>sed</span> <span class='ocrx_word' id='word_1_93' title='bbox 395 1402 425 1441; x_wconf 91' lang='lat' dir='ltr'>ut</span> <span class='ocrx_word' id='word_1_94' title='bbox 439 1391 540 1441; x_wconf 89' lang='lat' dir='ltr'>amicos</span> <span class='ocrx_word' id='word_1_95' title='bbox 561 1389 619 1438; x_wconf 90' lang='lat' dir='ltr'>Do-</span> 
     </span>
     <span class='ocr_line' id='line_1_18' title="bbox 90 1460 620 1524; baseline 0 -14"><span class='ocrx_word' id='word_1_96' title='bbox 90 1461 182 1511; x_wconf 92' lang='lat' dir='ltr'>minus</span> <span class='ocrx_word' id='word_1_97' title='bbox 208 1461 334 1512; x_wconf 89' lang='lat' dir='ltr'>omnium</span> <span class='ocrx_word' id='word_1_98' title='bbox 360 1478 407 1513; x_wconf 90' lang='lat' dir='ltr'>eos</span> <span class='ocrx_word' id='word_1_99' title='bbox 431 1460 564 1524; x_wconf 89' lang='lat' dir='ltr'>visitavit;</span> <span class='ocrx_word' id='word_1_100' title='bbox 593 1467 620 1510; x_wconf 88' lang='lat' dir='ltr'>et</span> 
     </span>
     <span class='ocr_line' id='line_1_19' title="bbox 90 1527 620 1597; baseline -0.002 -18"><span class='ocrx_word' id='word_1_101' title='bbox 90 1529 192 1580; x_wconf 89' lang='lat' dir='ltr'>ibidem</span> <span class='ocrx_word' id='word_1_102' title='bbox 222 1547 310 1597; x_wconf 89' lang='lat' dir='ltr'>usque</span> <span class='ocrx_word' id='word_1_103' title='bbox 337 1532 370 1582; x_wconf 92' lang='lat' dir='ltr'>ad</span> <span class='ocrx_word' id='word_1_104' title='bbox 394 1531 467 1582; x_wconf 87' lang='lat' dir='ltr'>diem</span> <span class='ocrx_word' id='word_1_105' title='bbox 490 1527 620 1581; x_wconf 89' lang='lat' dir='ltr'>Domini-</span> 
     </span>
     <span class='ocr_line' id='line_1_20' title="bbox 89 1603 619 1670; baseline 0.004 -19"><span class='ocrx_word' id='word_1_106' title='bbox 89 1616 159 1663; x_wconf 89' lang='lat' dir='ltr'>cum,</span> <span class='ocrx_word' id='word_1_107' title='bbox 181 1619 264 1670; x_wconf 88' lang='lat' dir='ltr'>prope</span> <span class='ocrx_word' id='word_1_108' title='bbox 283 1619 493 1666; x_wconf 84' lang='lat' dir='ltr'>auroram,cum</span> <span class='ocrx_word' id='word_1_109' title='bbox 509 1603 548 1654; x_wconf 91' lang='lat' dir='ltr'>eis</span> <span class='ocrx_word' id='word_1_110' title='bbox 563 1611 619 1654; x_wconf 90' lang='lat' dir='ltr'>ste-</span> 
     </span>
     <span class='ocr_line' id='line_1_21' title="bbox 88 1670 129 1722; baseline 0.049 -2"><span class='ocrx_word' id='word_1_111' title='bbox 88 1670 129 1722; x_wconf 90' lang='lat' dir='ltr'>tit.</span> 
     </span>
    </p>

    <p class='ocr_par' dir='ltr' id='par_1_4' title="bbox 88 1741 620 2093">
     <span class='ocr_line' id='line_1_22' title="bbox 119 1741 619 1809; baseline 0 -17"><span class='ocrx_word' id='word_1_112' title='bbox 119 1741 291 1794; x_wconf 79' lang='lat' dir='ltr'>8lun1ner10</span> <span class='ocrx_word' id='word_1_113' title='bbox 306 1761 459 1795; x_wconf 76' lang='lat' dir='ltr'>seueronuu</span> <span class='ocrx_word' id='word_1_114' title='bbox 482 1759 550 1804; x_wconf 85' lang='lat' dir='ltr'>Quos</span> <span class='ocrx_word' id='word_1_115' title='bbox 573 1759 619 1809; x_wconf 73' lang='lat' dir='ltr'>nr-</span> 
     </span>
     <span class='ocr_line' id='line_1_23' title="bbox 89 1813 620 1864; baseline 0.004 -4"><span class='ocrx_word' id='word_1_116' title='bbox 89 1828 246 1863; x_wconf 77' lang='lat' dir='ltr'>nenarunus</span> <span class='ocrx_word' id='word_1_117' title='bbox 273 1830 361 1864; x_wconf 79' lang='lat' dir='ltr'>vnum.</span> <span class='ocrx_word' id='word_1_118' title='bbox 382 1843 414 1851; x_wconf 97' lang='lat'>-</span> <span class='ocrx_word' id='word_1_119' title='bbox 436 1813 620 1864; x_wconf 87' lang='lat' dir='ltr'>Jubilaverunt</span> 
     </span>
     <span class='ocr_line' id='line_1_24' title="bbox 88 1883 620 1944; baseline 0.002 -12"><span class='ocrx_word' id='word_1_120' title='bbox 88 1883 172 1933; x_wconf 90' lang='lat' dir='ltr'>sancti</span> <span class='ocrx_word' id='word_1_121' title='bbox 202 1885 293 1934; x_wconf 87' lang='lat' dir='ltr'>Patres</span> <span class='ocrx_word' id='word_1_122' title='bbox 318 1885 345 1934; x_wconf 93' lang='lat' dir='ltr'>in</span> <span class='ocrx_word' id='word_1_123' title='bbox 370 1901 420 1935; x_wconf 92' lang='lat' dir='ltr'>suo</span> <span class='ocrx_word' id='word_1_124' title='bbox 443 1886 568 1944; x_wconf 89' lang='lat' dir='ltr'>adventu,</span> <span class='ocrx_word' id='word_1_125' title='bbox 594 1892 620 1934; x_wconf 88' lang='lat' dir='ltr'>et</span> 
     </span>
     <span class='ocr_line' id='line_1_25' title="bbox 89 1955 618 2022; baseline 0.004 -19"><span class='ocrx_word' id='word_1_126' title='bbox 89 1955 183 2019; x_wconf 87' lang='lat' dir='ltr'>repleti</span> <span class='ocrx_word' id='word_1_127' title='bbox 203 1966 267 2005; x_wconf 93' lang='lat' dir='ltr'>sunt</span> <span class='ocrx_word' id='word_1_128' title='bbox 289 1957 453 2022; x_wconf 76' lang='lat' dir='ltr'>iucunditate</span> <span class='ocrx_word' id='word_1_129' title='bbox 476 1956 618 2016; x_wconf 88' lang='lat' dir='ltr'>immensa,</span> 
     </span>
     <span class='ocr_line' id='line_1_26' title="bbox 89 2025 620 2093; baseline 0 -17"><span class='ocrx_word' id='word_1_130' title='bbox 89 2025 164 2076; x_wconf 90' lang='lat' dir='ltr'>omni</span> <span class='ocrx_word' id='word_1_131' title='bbox 179 2026 288 2076; x_wconf 88' lang='lat' dir='ltr'>miseria</span> <span class='ocrx_word' id='word_1_132' title='bbox 302 2028 394 2092; x_wconf 91' lang='lat' dir='ltr'>procul</span> <span class='ocrx_word' id='word_1_133' title='bbox 411 2027 496 2093; x_wconf 89' lang='lat' dir='ltr'>pulsa.</span> <span class='ocrx_word' id='word_1_134' title='bbox 510 2027 543 2076; x_wconf 88' lang='lat' dir='ltr'>Et</span> <span class='ocrx_word' id='word_1_135' title='bbox 560 2041 620 2092; x_wconf 91' lang='lat' dir='ltr'>pro·</span> 
     </span>
    </p>
   </div>
   <div class='ocr_carea' id='block_1_4' title="bbox 87 2096 624 2164">
    <p class='ocr_par' dir='ltr' id='par_1_5' title="bbox 87 2096 624 2164">
     <span class='ocr_line' id='line_1_27' title="bbox 87 2096 624 2164; baseline 0.004 -19"><span class='ocrx_word' id='word_1_136' title='bbox 87 2096 214 2158; x_wconf 89' lang='lat' dir='ltr'>cidentes,</span> <span class='ocrx_word' id='word_1_137' title='bbox 238 2098 431 2162; x_wconf 89' lang='lat' dir='ltr'>adoraverunt;</span> <span class='ocrx_word' id='word_1_138' title='bbox 455 2110 481 2149; x_wconf 90' lang='lat' dir='ltr'>et</span> <span class='ocrx_word' id='word_1_139' title='bbox 502 2112 624 2164; x_wconf 85' lang='lat' dir='ltr'>surgen-·</span> 
     </span>
    </p>
   </div>
   <div class='ocr_carea' id='block_1_5' title="bbox 86 2171 620 3522">
    <p class='ocr_par' dir='ltr' id='par_1_6' title="bbox 86 2171 620 3522">
     <span class='ocr_line' id='line_1_28' title="bbox 88 2171 619 2232; baseline 0.008 -14"><span class='ocrx_word' id='word_1_140' title='bbox 88 2180 136 2232; x_wconf 91' lang='lat' dir='ltr'>tes,</span> <span class='ocrx_word' id='word_1_141' title='bbox 158 2171 264 2220; x_wconf 89' lang='lat' dir='ltr'>stabant</span> <span class='ocrx_word' id='word_1_142' title='bbox 285 2171 314 2220; x_wconf 94' lang='lat' dir='ltr'>in</span> <span class='ocrx_word' id='word_1_143' title='bbox 329 2172 454 2222; x_wconf 85' lang='lat' dir='ltr'>laudibus</span> <span class='ocrx_word' id='word_1_144' title='bbox 469 2181 495 2222; x_wconf 93' lang='lat' dir='ltr'>et</span> <span class='ocrx_word' id='word_1_145' title='bbox 508 2171 619 2222; x_wconf 86' lang='lat' dir='ltr'>canticis</span> 
     </span>
     <span class='ocr_line' id='line_1_29' title="bbox 87 2240 618 2307; baseline 0.002 -19"><span class='ocrx_word' id='word_1_146' title='bbox 87 2253 176 2289; x_wconf 87' lang='lat' dir='ltr'>comm</span> <span class='ocrx_word' id='word_1_147' title='bbox 189 2255 231 2299; x_wconf 87' lang='lat' dir='ltr'>eo,</span> <span class='ocrx_word' id='word_1_148' title='bbox 243 2256 306 2290; x_wconf 90' lang='lat' dir='ltr'>cum</span> <span class='ocrx_word' id='word_1_149' title='bbox 317 2241 464 2291; x_wconf 89' lang='lat' dir='ltr'>reverentia</span> <span class='ocrx_word' id='word_1_150' title='bbox 477 2250 505 2292; x_wconf 91' lang='lat' dir='ltr'>et</span> <span class='ocrx_word' id='word_1_151' title='bbox 514 2240 618 2307; x_wconf 83' lang='lat' dir='ltr'>ingenti</span> 
     </span>
     <span class='ocr_line' id='line_1_30' title="bbox 87 2313 618 2379; baseline 0.004 -17"><span class='ocrx_word' id='word_1_152' title='bbox 87 2313 277 2364; x_wconf 83' lang='lat' dir='ltr'>exsultatione.</span> <span class='ocrx_word' id='word_1_153' title='bbox 292 2315 324 2364; x_wconf 88' lang='lat' dir='ltr'>Et</span> <span class='ocrx_word' id='word_1_154' title='bbox 344 2314 373 2363; x_wconf 91' lang='lat' dir='ltr'>in</span> <span class='ocrx_word' id='word_1_155' title='bbox 384 2314 539 2379; x_wconf 87' lang='lat' dir='ltr'>hujusmodi</span> <span class='ocrx_word' id='word_1_156' title='bbox 556 2315 618 2364; x_wconf 88' lang='lat' dir='ltr'>lau-</span> 
     </span>
     <span class='ocr_line' id='line_1_31' title="bbox 88 2382 618 2450; baseline 0.009 -20"><span class='ocrx_word' id='word_1_157' title='bbox 88 2382 172 2431; x_wconf 85' lang='lat' dir='ltr'>dibus</span> <span class='ocrx_word' id='word_1_158' title='bbox 196 2393 221 2434; x_wconf 93' lang='lat' dir='ltr'>et</span> <span class='ocrx_word' id='word_1_159' title='bbox 242 2385 352 2435; x_wconf 89' lang='lat' dir='ltr'>canticis</span> <span class='ocrx_word' id='word_1_160' title='bbox 375 2394 401 2435; x_wconf 90' lang='lat' dir='ltr'>et</span> <span class='ocrx_word' id='word_1_161' title='bbox 414 2385 618 2450; x_wconf 81' lang='lat' dir='ltr'>jubilationibus</span> 
     </span>
     <span class='ocr_line' id='line_1_32' title="bbox 88 2455 620 2522; baseline 0.006 -20"><span class='ocrx_word' id='word_1_162' title='bbox 88 2461 222 2504; x_wconf 88' lang='lat' dir='ltr'>steterunt</span> <span class='ocrx_word' id='word_1_163' title='bbox 246 2455 275 2505; x_wconf 93' lang='lat' dir='ltr'>in</span> <span class='ocrx_word' id='word_1_164' title='bbox 300 2455 387 2504; x_wconf 90' lang='lat' dir='ltr'>limbo</span> <span class='ocrx_word' id='word_1_165' title='bbox 417 2470 503 2522; x_wconf 90' lang='lat' dir='ltr'>usque</span> <span class='ocrx_word' id='word_1_166' title='bbox 536 2470 620 2521; x_wconf 84' lang='lat' dir='ltr'>prope</span> 
     </span>
     <span class='ocr_line' id='line_1_33' title="bbox 87 2527 619 2591; baseline 0.004 -15"><span class='ocrx_word' id='word_1_167' title='bbox 87 2541 211 2577; x_wconf 87' lang='lat' dir='ltr'>auroram</span> <span class='ocrx_word' id='word_1_168' title='bbox 225 2527 278 2578; x_wconf 89' lang='lat' dir='ltr'>diei</span> <span class='ocrx_word' id='word_1_169' title='bbox 293 2528 451 2591; x_wconf 80' lang='lat' dir='ltr'>Dominicae,</span> <span class='ocrx_word' id='word_1_170' title='bbox 466 2539 493 2578; x_wconf 91' lang='lat' dir='ltr'>et</span> <span class='ocrx_word' id='word_1_171' title='bbox 507 2528 536 2578; x_wconf 91' lang='lat' dir='ltr'>in</span> <span class='ocrx_word' id='word_1_172' title='bbox 550 2542 619 2578; x_wconf 91' lang='lat' dir='ltr'>con-</span> 
     </span>
     <span class='ocr_line' id='line_1_34' title="bbox 86 2598 619 2664; baseline 0.004 -18"><span class='ocrx_word' id='word_1_173' title='bbox 86 2606 180 2661; x_wconf 86' lang='lat' dir='ltr'>spectu</span> <span class='ocrx_word' id='word_1_174' title='bbox 199 2598 278 2648; x_wconf 86' lang='lat' dir='ltr'>etiam</span> <span class='ocrx_word' id='word_1_175' title='bbox 296 2598 478 2649; x_wconf 87' lang='lat' dir='ltr'>multitudinis</span> <span class='ocrx_word' id='word_1_176' title='bbox 499 2598 619 2664; x_wconf 84' lang='lat' dir='ltr'>Angelo-</span> 
     </span>
     <span class='ocr_line' id='line_1_35' title="bbox 87 2667 618 2734; baseline 0.006 -19"><span class='ocrx_word' id='word_1_177' title='bbox 87 2681 148 2716; x_wconf 88' lang='lat' dir='ltr'>rum</span> <span class='ocrx_word' id='word_1_178' title='bbox 167 2667 268 2718; x_wconf 88' lang='lat' dir='ltr'>ibidem</span> <span class='ocrx_word' id='word_1_179' title='bbox 284 2669 476 2720; x_wconf 86' lang='lat' dir='ltr'>exsultantium</span> <span class='ocrx_word' id='word_1_180' title='bbox 499 2677 525 2720; x_wconf 89' lang='lat' dir='ltr'>et</span> <span class='ocrx_word' id='word_1_181' title='bbox 544 2667 618 2734; x_wconf 87' lang='lat' dir='ltr'>jubi-</span> 
     </span>
     <span class='ocr_line' id='line_1_36' title="bbox 88 2739 619 2802; baseline 0.009 -15"><span class='ocrx_word' id='word_1_182' title='bbox 88 2739 204 2789; x_wconf 88' lang='lat' dir='ltr'>lantium</span> <span class='ocrx_word' id='word_1_183' title='bbox 219 2757 280 2791; x_wconf 91' lang='lat' dir='ltr'>cum</span> <span class='ocrx_word' id='word_1_184' title='bbox 301 2741 349 2792; x_wconf 92' lang='lat' dir='ltr'>eis.</span> <span class='ocrx_word' id='word_1_185' title='bbox 372 2742 476 2793; x_wconf 88' lang='lat' dir='ltr'>Assiste</span> <span class='ocrx_word' id='word_1_186' title='bbox 489 2752 516 2792; x_wconf 89' lang='lat' dir='ltr'>et</span> <span class='ocrx_word' id='word_1_187' title='bbox 534 2751 573 2802; x_wconf 87' lang='lat' dir='ltr'>tu,</span> <span class='ocrx_word' id='word_1_188' title='bbox 588 2755 619 2792; x_wconf 85' lang='lat' dir='ltr'>ac</span> 
     </span>
     <span class='ocr_line' id='line_1_37' title="bbox 88 2813 618 2881; baseline 0.011 -20"><span class='ocrx_word' id='word_1_189' title='bbox 88 2813 116 2861; x_wconf 91' lang='lat' dir='ltr'>in</span> <span class='ocrx_word' id='word_1_190' title='bbox 142 2829 235 2863; x_wconf 88' lang='lat' dir='ltr'>vocem</span> <span class='ocrx_word' id='word_1_191' title='bbox 258 2816 444 2866; x_wconf 85' lang='lat' dir='ltr'>exsultationis</span> <span class='ocrx_word' id='word_1_192' title='bbox 469 2825 495 2866; x_wconf 94' lang='lat' dir='ltr'>et</span> <span class='ocrx_word' id='word_1_193' title='bbox 521 2814 618 2881; x_wconf 87' lang='lat' dir='ltr'>jubila-</span> 
     </span>
     <span class='ocr_line' id='line_1_38' title="bbox 87 2884 618 2954; baseline 0.008 -21"><span class='ocrx_word' id='word_1_194' title='bbox 87 2884 170 2935; x_wconf 91' lang='lat' dir='ltr'>tionis</span> <span class='ocrx_word' id='word_1_195' title='bbox 183 2902 303 2952; x_wconf 87' lang='lat' dir='ltr'>erumpe,</span> <span class='ocrx_word' id='word_1_196' title='bbox 325 2890 540 2954; x_wconf 88' lang='lat' dir='ltr'>Sanctorumque</span> <span class='ocrx_word' id='word_1_197' title='bbox 560 2903 618 2937; x_wconf 91' lang='lat' dir='ltr'>me-</span> 
     </span>
     <span class='ocr_line' id='line_1_39' title="bbox 87 2957 617 3025; baseline 0.013 -20"><span class='ocrx_word' id='word_1_198' title='bbox 87 2957 166 3006; x_wconf 87' lang='lat' dir='ltr'>lodiae</span> <span class='ocrx_word' id='word_1_199' title='bbox 194 2962 253 3009; x_wconf 81' lang='lat' dir='ltr'>tu&#39;as</span> <span class='ocrx_word' id='word_1_200' title='bbox 290 2976 380 3024; x_wconf 87' lang='lat' dir='ltr'>preces</span> <span class='ocrx_word' id='word_1_201' title='bbox 409 2961 557 3025; x_wconf 88' lang='lat' dir='ltr'>interpone.</span> <span class='ocrx_word' id='word_1_202' title='bbox 593 2960 617 3012; x_wconf 93' lang='grc' dir='ltr'><strong>Ο</strong></span> 
     </span>
     <span class='ocr_line' id='line_1_40' title="bbox 87 3030 617 3096; baseline 0.006 -19"><span class='ocrx_word' id='word_1_203' title='bbox 87 3042 170 3092; x_wconf 89' lang='lat' dir='ltr'>quam</span> <span class='ocrx_word' id='word_1_204' title='bbox 186 3030 263 3079; x_wconf 89' lang='lat' dir='ltr'>dulce</span> <span class='ocrx_word' id='word_1_205' title='bbox 275 3040 300 3081; x_wconf 88' lang='lat' dir='ltr'>et</span> <span class='ocrx_word' id='word_1_206' title='bbox 316 3047 397 3096; x_wconf 90' lang='lat' dir='ltr'>quam</span> <span class='ocrx_word' id='word_1_207' title='bbox 413 3031 561 3096; x_wconf 89' lang='lat' dir='ltr'>jucundum</span> <span class='ocrx_word' id='word_1_208' title='bbox 575 3040 617 3080; x_wconf 87' lang='lat' dir='ltr'>ta-</span> 
     </span>
     <span class='ocr_line' id='line_1_41' title="bbox 86 3096 618 3166; baseline 0.011 -21"><span class='ocrx_word' id='word_1_209' title='bbox 86 3096 159 3146; x_wconf 89' lang='lat' dir='ltr'>libus</span> <span class='ocrx_word' id='word_1_210' title='bbox 172 3098 309 3160; x_wconf 87' lang='lat' dir='ltr'>interesse,</span> <span class='ocrx_word' id='word_1_211' title='bbox 324 3100 365 3151; x_wconf 89' lang='lat' dir='ltr'>vel</span> <span class='ocrx_word' id='word_1_212' title='bbox 385 3102 478 3151; x_wconf 89' lang='lat' dir='ltr'>saltem</span> <span class='ocrx_word' id='word_1_213' title='bbox 501 3115 516 3150; x_wconf 87' lang='lat' dir='ltr'>a</span> <span class='ocrx_word' id='word_1_214' title='bbox 539 3100 618 3166; x_wconf 83' lang='lat' dir='ltr'>longe</span> 
     </span>
     <span class='ocr_line' id='line_1_42' title="bbox 86 3167 617 3237; baseline 0.009 -21"><span class='ocrx_word' id='word_1_215' title='bbox 86 3167 148 3217; x_wconf 88' lang='lat' dir='ltr'>talia</span> <span class='ocrx_word' id='word_1_216' title='bbox 162 3172 355 3237; x_wconf 86' lang='lat' dir='ltr'>contemplari!</span> <span class='ocrx_word' id='word_1_217' title='bbox 370 3172 448 3221; x_wconf 88' lang='lat' dir='ltr'>Tunc</span> <span class='ocrx_word' id='word_1_218' title='bbox 468 3170 552 3236; x_wconf 92' lang='lat' dir='ltr'>portis</span> <span class='ocrx_word' id='word_1_219' title='bbox 573 3171 617 3220; x_wconf 91' lang='lat' dir='ltr'>in-</span> 
     </span>
     <span class='ocr_line' id='line_1_43' title="bbox 86 3235 617 3301; baseline 0.015 -16"><span class='ocrx_word' id='word_1_220' title='bbox 86 3235 205 3288; x_wconf 84' lang='lat' dir='ltr'>ferorum</span> <span class='ocrx_word' id='word_1_221' title='bbox 223 3241 374 3301; x_wconf 88' lang='lat' dir='ltr'>confractis,</span> <span class='ocrx_word' id='word_1_222' title='bbox 393 3252 420 3293; x_wconf 91' lang='lat' dir='ltr'>et</span> <span class='ocrx_word' id='word_1_223' title='bbox 433 3241 540 3292; x_wconf 86' lang='lat' dir='ltr'>diabolo</span> <span class='ocrx_word' id='word_1_224' title='bbox 557 3256 617 3293; x_wconf 89' lang='lat' dir='ltr'>ma-</span> 
     </span>
     <span class='ocr_line' id='line_1_44' title="bbox 86 3310 617 3377; baseline 0.013 -21"><span class='ocrx_word' id='word_1_225' title='bbox 86 3322 140 3372; x_wconf 89' lang='lat' dir='ltr'>gno</span> <span class='ocrx_word' id='word_1_226' title='bbox 155 3310 274 3376; x_wconf 88' lang='lat' dir='ltr'>alligato,</span> <span class='ocrx_word' id='word_1_227' title='bbox 291 3311 393 3377; x_wconf 89' lang='lat' dir='ltr'>accepit</span> <span class='ocrx_word' id='word_1_228' title='bbox 413 3329 458 3363; x_wconf 90' lang='lat' dir='ltr'>eos</span> <span class='ocrx_word' id='word_1_229' title='bbox 481 3311 617 3370; x_wconf 84' lang='lat' dir='ltr'>Dominus</span> 
     </span>
     <span class='ocr_line' id='line_1_45' title="bbox 86 3383 616 3447; baseline 0.017 -20"><span class='ocrx_word' id='word_1_230' title='bbox 86 3394 148 3428; x_wconf 92' lang='lat' dir='ltr'>cum</span> <span class='ocrx_word' id='word_1_231' title='bbox 162 3383 339 3433; x_wconf 84' lang='lat' dir='ltr'>exsultatione</span> <span class='ocrx_word' id='word_1_232' title='bbox 349 3385 382 3434; x_wconf 90' lang='lat' dir='ltr'>ab</span> <span class='ocrx_word' id='word_1_233' title='bbox 395 3385 616 3447; x_wconf 81' lang='lat' dir='ltr'>inierisedueens;</span> 
     </span>
     <span class='ocr_line' id='line_1_46' title="bbox 87 3456 617 3522; baseline 0.013 -22"><span class='ocrx_word' id='word_1_234' title='bbox 87 3460 113 3500; x_wconf 89' lang='lat' dir='ltr'>et</span> <span class='ocrx_word' id='word_1_235' title='bbox 125 3462 188 3501; x_wconf 87' lang='lat' dir='ltr'>ante</span> <span class='ocrx_word' id='word_1_236' title='bbox 202 3468 248 3503; x_wconf 90' lang='lat' dir='ltr'>eos</span> <span class='ocrx_word' id='word_1_237' title='bbox 262 3470 324 3504; x_wconf 89' lang='lat' dir='ltr'>cum</span> <span class='ocrx_word' id='word_1_238' title='bbox 340 3456 425 3520; x_wconf 90' lang='lat' dir='ltr'>gloria</span> <span class='ocrx_word' id='word_1_239' title='bbox 439 3465 464 3505; x_wconf 92' lang='lat' dir='ltr'>et</span> <span class='ocrx_word' id='word_1_240' title='bbox 477 3456 617 3522; x_wconf 91' lang='lat' dir='ltr'>triumpho</span> 
     </span>
    </p>
   </div>
   <div class='ocr_carea' id='block_1_6' title="bbox 86 3521 618 3943">
    <p class='ocr_par' dir='ltr' id='par_1_7' title="bbox 86 3521 618 3943">
     <span class='ocr_line' id='line_1_47' title="bbox 86 3521 618 3594; baseline 0.015 -24"><span class='ocrx_word' id='word_1_241' title='bbox 86 3521 163 3572; x_wconf 81' lang='lat' dir='ltr'>laetus</span> <span class='ocrx_word' id='word_1_242' title='bbox 202 3525 368 3588; x_wconf 87' lang='lat' dir='ltr'>procedens,</span> <span class='ocrx_word' id='word_1_243' title='bbox 404 3527 618 3594; x_wconf 89' lang='lat' dir='ltr'>Sanctorumque</span> 
     </span>
     <span class='ocr_line' id='line_1_48' title="bbox 86 3592 617 3661; baseline 0.015 -21"><span class='ocrx_word' id='word_1_244' title='bbox 86 3592 204 3643; x_wconf 88' lang='lat' dir='ltr'>exercitu</span> <span class='ocrx_word' id='word_1_245' title='bbox 228 3594 372 3645; x_wconf 86' lang='lat' dir='ltr'>comitante</span> <span class='ocrx_word' id='word_1_246' title='bbox 391 3596 424 3645; x_wconf 89' lang='lat' dir='ltr'>ad</span> <span class='ocrx_word' id='word_1_247' title='bbox 441 3611 552 3661; x_wconf 88' lang='lat' dir='ltr'>superos</span> <span class='ocrx_word' id='word_1_248' title='bbox 575 3613 617 3648; x_wconf 90' lang='lat' dir='ltr'>re-</span> 
     </span>
     <span class='ocr_line' id='line_1_49' title="bbox 86 3662 617 3733; baseline 0.015 -21"><span class='ocrx_word' id='word_1_249' title='bbox 86 3662 173 3730; x_wconf 90' lang='lat' dir='ltr'>diens,</span> <span class='ocrx_word' id='word_1_250' title='bbox 189 3666 281 3731; x_wconf 91' lang='lat' dir='ltr'>posuit</span> <span class='ocrx_word' id='word_1_251' title='bbox 299 3682 346 3717; x_wconf 91' lang='lat' dir='ltr'>eos</span> <span class='ocrx_word' id='word_1_252' title='bbox 359 3667 386 3716; x_wconf 93' lang='lat' dir='ltr'>in</span> <span class='ocrx_word' id='word_1_253' title='bbox 401 3669 523 3733; x_wconf 86' lang='lat' dir='ltr'>paradiso</span> <span class='ocrx_word' id='word_1_254' title='bbox 547 3669 617 3720; x_wconf 88' lang='lat' dir='ltr'>deli-</span> 
     </span>
     <span class='ocr_line' id='line_1_50' title="bbox 87 3733 616 3805; baseline 0.013 -22"><span class='ocrx_word' id='word_1_255' title='bbox 87 3733 190 3784; x_wconf 87' lang='lat' dir='ltr'>ciarum</span> <span class='ocrx_word' id='word_1_256' title='bbox 218 3747 244 3786; x_wconf 90' lang='lat' dir='ltr'>et</span> <span class='ocrx_word' id='word_1_257' title='bbox 266 3738 419 3802; x_wconf 86' lang='lat' dir='ltr'>voluptatis,</span> <span class='ocrx_word' id='word_1_258' title='bbox 448 3739 495 3805; x_wconf 91' lang='lat' dir='ltr'>qui</span> <span class='ocrx_word' id='word_1_259' title='bbox 520 3748 560 3789; x_wconf 89' lang='lat' dir='ltr'>est</span> <span class='ocrx_word' id='word_1_260' title='bbox 583 3741 616 3790; x_wconf 88' lang='lat' dir='ltr'>ad</span> 
     </span>
     <span class='ocr_line' id='line_1_51' title="bbox 88 3805 618 3874; baseline 0.011 -18"><span class='ocrx_word' id='word_1_261' title='bbox 88 3805 240 3874; x_wconf 85' lang='lat' dir='ltr'>Orientem,</span> <span class='ocrx_word' id='word_1_262' title='bbox 254 3809 283 3858; x_wconf 89' lang='lat' dir='ltr'>in</span> <span class='ocrx_word' id='word_1_263' title='bbox 297 3811 423 3861; x_wconf 84' lang='lat' dir='ltr'>extremis</span> <span class='ocrx_word' id='word_1_264' title='bbox 435 3811 527 3862; x_wconf 89' lang='lat' dir='ltr'>maris.</span> <span class='ocrx_word' id='word_1_265' title='bbox 539 3813 618 3863; x_wconf 86' lang='lat' dir='ltr'>Tunc</span> 
     </span>
     <span class='ocr_line' id='line_1_52' title="bbox 87 3879 616 3943; baseline 0.015 -18"><span class='ocrx_word' id='word_1_266' title='bbox 87 3890 165 3929; x_wconf 90' lang='lat' dir='ltr'>verus</span> <span class='ocrx_word' id='word_1_267' title='bbox 194 3879 308 3931; x_wconf 89' lang='lat' dir='ltr'>Samson</span> <span class='ocrx_word' id='word_1_268' title='bbox 333 3881 461 3943; x_wconf 89' lang='lat' dir='ltr'>moriens,</span> <span class='ocrx_word' id='word_1_269' title='bbox 489 3881 616 3933; x_wconf 79' lang='lat' dir='ltr'>hostilem</span> 
     </span>
    </p>
   </div>
   <div class='ocr_carea' id='block_1_7' title="bbox 1154 279 1207 338">
    <p class='ocr_par' dir='ltr' id='par_1_8' title="bbox 1154 279 1207 338">
     <span class='ocr_line' id='line_1_53' title="bbox 1154 279 1207 338; baseline -0.113 -1"><span class='ocrx_word' id='word_1_270' title='bbox 1154 279 1207 338; x_wconf 74' lang='lat'>653</span> 
     </span>
    </p>
   </div>
   <div class='ocr_carea' id='block_1_8' title="bbox 672 464 1208 2162">
    <p class='ocr_par' dir='ltr' id='par_1_9' title="bbox 672 464 1208 2162">
     <span class='ocr_line' id='line_1_54' title="bbox 677 464 1206 531; baseline 0.002 -17"><span class='ocrx_word' id='word_1_271' title='bbox 677 464 781 516; x_wconf 88' lang='lat' dir='ltr'>macula</span> <span class='ocrx_word' id='word_1_272' title='bbox 793 465 821 515; x_wconf 93' lang='lat' dir='ltr'>in</span> <span class='ocrx_word' id='word_1_273' title='bbox 833 464 965 531; x_wconf 87' lang='lat' dir='ltr'>sanguine</span> <span class='ocrx_word' id='word_1_274' title='bbox 975 466 1144 531; x_wconf 85' lang='lat' dir='ltr'>Testamenti</span> <span class='ocrx_word' id='word_1_275' title='bbox 1153 464 1206 526; x_wconf 92' lang='lat' dir='ltr'>sui,</span> 
     </span>
     <span class='ocr_line' id='line_1_55' title="bbox 676 536 1208 603; baseline 0.004 -18"><span class='ocrx_word' id='word_1_276' title='bbox 676 536 709 586; x_wconf 93' lang='lat' dir='ltr'>de</span> <span class='ocrx_word' id='word_1_277' title='bbox 719 537 788 596; x_wconf 88' lang='lat' dir='ltr'>lacu,</span> <span class='ocrx_word' id='word_1_278' title='bbox 803 537 832 587; x_wconf 91' lang='lat' dir='ltr'>in</span> <span class='ocrx_word' id='word_1_279' title='bbox 846 552 900 602; x_wconf 93' lang='lat' dir='ltr'>quo</span> <span class='ocrx_word' id='word_1_280' title='bbox 915 553 970 587; x_wconf 92' lang='lat' dir='ltr'>non</span> <span class='ocrx_word' id='word_1_281' title='bbox 985 547 1040 588; x_wconf 87' lang='lat' dir='ltr'>eret</span> <span class='ocrx_word' id='word_1_282' title='bbox 1056 553 1135 603; x_wconf 88' lang='lat' dir='ltr'>aqua,</span> <span class='ocrx_word' id='word_1_283' title='bbox 1149 536 1208 587; x_wconf 89' lang='lat' dir='ltr'>vin-</span> 
     </span>
     <span class='ocr_line' id='line_1_56' title="bbox 675 606 1207 675; baseline 0.004 -19"><span class='ocrx_word' id='word_1_284' title='bbox 675 615 733 656; x_wconf 91' lang='lat' dir='ltr'>ctos</span> <span class='ocrx_word' id='word_1_285' title='bbox 750 607 852 657; x_wconf 87' lang='lat' dir='ltr'>eduxit.</span> <span class='ocrx_word' id='word_1_286' title='bbox 868 606 946 658; x_wconf 91' lang='lat' dir='ltr'>Tunc</span> <span class='ocrx_word' id='word_1_287' title='bbox 964 624 1074 675; x_wconf 88' lang='lat' dir='ltr'>quoque</span> <span class='ocrx_word' id='word_1_288' title='bbox 1087 607 1207 674; x_wconf 76' lang='lat' dir='ltr'>Angelus</span> 
     </span>
     <span class='ocr_line' id='line_1_57' title="bbox 676 675 1205 743; baseline 0.004 -17"><span class='ocrx_word' id='word_1_289' title='bbox 676 675 748 726; x_wconf 91' lang='lat' dir='ltr'>Loth</span> <span class='ocrx_word' id='word_1_290' title='bbox 762 693 823 727; x_wconf 90' lang='lat' dir='ltr'>cum</span> <span class='ocrx_word' id='word_1_291' title='bbox 838 677 898 727; x_wconf 91' lang='lat' dir='ltr'>suis</span> <span class='ocrx_word' id='word_1_292' title='bbox 913 678 946 727; x_wconf 92' lang='lat' dir='ltr'>de</span> <span class='ocrx_word' id='word_1_293' title='bbox 965 678 1083 729; x_wconf 87' lang='lat' dir='ltr'>Sodoma</span> <span class='ocrx_word' id='word_1_294' title='bbox 1096 677 1205 743; x_wconf 89' lang='lat' dir='ltr'>eripuit,</span> 
     </span>
     <span class='ocr_line' id='line_1_58' title="bbox 676 744 1205 812; baseline 0.006 -17"><span class='ocrx_word' id='word_1_295' title='bbox 676 754 702 795; x_wconf 88' lang='lat' dir='ltr'>et</span> <span class='ocrx_word' id='word_1_296' title='bbox 718 744 835 797; x_wconf 85' lang='lat' dir='ltr'>nefarios</span> <span class='ocrx_word' id='word_1_297' title='bbox 845 746 909 812; x_wconf 85' lang='lat' dir='ltr'>igne</span> <span class='ocrx_word' id='word_1_298' title='bbox 921 747 1068 812; x_wconf 87' lang='lat' dir='ltr'>sulphureo</span> <span class='ocrx_word' id='word_1_299' title='bbox 1083 747 1205 799; x_wconf 88' lang='lat' dir='ltr'>involvit.</span> 
     </span>
     <span class='ocr_line' id='line_1_59' title="bbox 675 815 1207 884; baseline 0.004 -19"><span class='ocrx_word' id='word_1_300' title='bbox 675 815 753 865; x_wconf 87' lang='lat' dir='ltr'>Tunc</span> <span class='ocrx_word' id='word_1_301' title='bbox 769 816 850 866; x_wconf 89' lang='lat' dir='ltr'>etiam</span> <span class='ocrx_word' id='word_1_302' title='bbox 866 817 985 882; x_wconf 90' lang='lat' dir='ltr'>Angelus</span> <span class='ocrx_word' id='word_1_303' title='bbox 999 819 1147 884; x_wconf 88' lang='lat' dir='ltr'>AEgyptum</span> <span class='ocrx_word' id='word_1_304' title='bbox 1162 818 1207 868; x_wconf 50' lang='lat' dir='ltr'>de*</span> 
     </span>
     <span class='ocr_line' id='line_1_60' title="bbox 673 883 1207 947; baseline 0.004 -12"><span class='ocrx_word' id='word_1_305' title='bbox 673 885 795 947; x_wconf 87' lang='lat' dir='ltr'>vastavit,</span> <span class='ocrx_word' id='word_1_306' title='bbox 810 895 836 936; x_wconf 93' lang='lat' dir='ltr'>et</span> <span class='ocrx_word' id='word_1_307' title='bbox 849 883 921 936; x_wconf 89' lang='lat' dir='ltr'>filios</span> <span class='ocrx_word' id='word_1_308' title='bbox 933 888 1013 937; x_wconf 89' lang='lat' dir='ltr'>Israel</span> <span class='ocrx_word' id='word_1_309' title='bbox 1030 887 1092 937; x_wconf 91' lang='lat' dir='ltr'>inde</span> <span class='ocrx_word' id='word_1_310' title='bbox 1106 887 1207 937; x_wconf 79' lang='lat' dir='ltr'>libera-</span> 
     </span>
     <span class='ocr_line' id='line_1_61' title="bbox 674 955 1206 1022; baseline 0.004 -16"><span class='ocrx_word' id='word_1_311' title='bbox 674 955 721 1006; x_wconf 92' lang='lat' dir='ltr'>vit.</span> <span class='ocrx_word' id='word_1_312' title='bbox 736 956 806 1007; x_wconf 90' lang='lat' dir='ltr'>Cum</span> <span class='ocrx_word' id='word_1_313' title='bbox 821 971 884 1022; x_wconf 85' lang='lat' dir='ltr'>ergo</span> <span class='ocrx_word' id='word_1_314' title='bbox 897 956 976 1006; x_wconf 89' lang='lat' dir='ltr'>fortis</span> <span class='ocrx_word' id='word_1_315' title='bbox 999 955 1128 1018; x_wconf 86' lang='lat' dir='ltr'>armatus,</span> <span class='ocrx_word' id='word_1_316' title='bbox 1151 957 1206 1008; x_wconf 86' lang='lat' dir='ltr'>sci·</span> 
     </span>
     <span class='ocr_line' id='line_1_62' title="bbox 673 1025 1207 1087; baseline 0.006 -13"><span class='ocrx_word' id='word_1_317' title='bbox 673 1025 735 1076; x_wconf 91' lang='lat' dir='ltr'>licet</span> <span class='ocrx_word' id='word_1_318' title='bbox 759 1025 900 1087; x_wconf 89' lang='lat' dir='ltr'>diabolus,</span> <span class='ocrx_word' id='word_1_319' title='bbox 929 1027 1077 1078; x_wconf 90' lang='lat' dir='ltr'>custodiret</span> <span class='ocrx_word' id='word_1_320' title='bbox 1106 1028 1207 1078; x_wconf 87' lang='lat' dir='ltr'>atrium</span> 
     </span>
     <span class='ocr_line' id='line_1_63' title="bbox 674 1095 1206 1158; baseline 0.006 -12"><span class='ocrx_word' id='word_1_321' title='bbox 674 1110 775 1157; x_wconf 90' lang='lat' dir='ltr'>suum,</span> <span class='ocrx_word' id='word_1_322' title='bbox 801 1095 829 1145; x_wconf 91' lang='lat' dir='ltr'>id</span> <span class='ocrx_word' id='word_1_323' title='bbox 857 1106 897 1146; x_wconf 92' lang='lat' dir='ltr'>est</span> <span class='ocrx_word' id='word_1_324' title='bbox 925 1097 1058 1158; x_wconf 87' lang='lat' dir='ltr'>limbum,</span> <span class='ocrx_word' id='word_1_325' title='bbox 1080 1098 1206 1149; x_wconf 89' lang='lat' dir='ltr'>Christus</span> 
     </span>
     <span class='ocr_line' id='line_1_64' title="bbox 673 1168 1206 1235; baseline 0.008 -17"><span class='ocrx_word' id='word_1_326' title='bbox 673 1168 767 1220; x_wconf 84' lang='lat' dir='ltr'>fortior</span> <span class='ocrx_word' id='word_1_327' title='bbox 783 1169 983 1235; x_wconf 86' lang='lat' dir='ltr'>superveniens,</span> <span class='ocrx_word' id='word_1_328' title='bbox 1005 1170 1103 1221; x_wconf 88' lang='lat' dir='ltr'>atrium</span> <span class='ocrx_word' id='word_1_329' title='bbox 1125 1188 1206 1222; x_wconf 92' lang='lat' dir='ltr'>suum</span> 
     </span>
     <span class='ocr_line' id='line_1_65' title="bbox 673 1238 1205 1306; baseline 0.008 -18"><span class='ocrx_word' id='word_1_330' title='bbox 673 1238 792 1300; x_wconf 85' lang='lat' dir='ltr'>intravit,</span> <span class='ocrx_word' id='word_1_331' title='bbox 807 1249 833 1290; x_wconf 84' lang='lat' dir='ltr'>et</span> <span class='ocrx_word' id='word_1_332' title='bbox 847 1239 937 1305; x_wconf 91' lang='lat' dir='ltr'>ipsum</span> <span class='ocrx_word' id='word_1_333' title='bbox 952 1255 998 1306; x_wconf 91' lang='lat' dir='ltr'>per</span> <span class='ocrx_word' id='word_1_334' title='bbox 1011 1256 1116 1290; x_wconf 90' lang='lat' dir='ltr'>crucem</span> <span class='ocrx_word' id='word_1_335' title='bbox 1129 1256 1205 1292; x_wconf 90' lang='lat' dir='ltr'>suam</span> 
     </span>
     <span class='ocr_line' id='line_1_66' title="bbox 673 1308 1205 1376; baseline 0.004 -18"><span class='ocrx_word' id='word_1_336' title='bbox 673 1308 830 1370; x_wconf 89' lang='lat' dir='ltr'>devincens,</span> <span class='ocrx_word' id='word_1_337' title='bbox 853 1310 979 1376; x_wconf 91' lang='lat' dir='ltr'>alligavit.</span> <span class='ocrx_word' id='word_1_338' title='bbox 1002 1312 1073 1360; x_wconf 92' lang='lat' dir='ltr'>Istud</span> <span class='ocrx_word' id='word_1_339' title='bbox 1092 1311 1205 1361; x_wconf 90' lang='lat' dir='ltr'>Banaias</span> 
     </span>
     <span class='ocr_line' id='line_1_67' title="bbox 673 1379 1205 1450; baseline 0.006 -20"><span class='ocrx_word' id='word_1_340' title='bbox 673 1380 740 1430; x_wconf 92' lang='lat' dir='ltr'>olim</span> <span class='ocrx_word' id='word_1_341' title='bbox 752 1381 780 1430; x_wconf 88' lang='lat' dir='ltr'>in</span> <span class='ocrx_word' id='word_1_342' title='bbox 795 1379 881 1447; x_wconf 89' lang='lat' dir='ltr'>figura</span> <span class='ocrx_word' id='word_1_343' title='bbox 894 1382 1095 1443; x_wconf 87' lang='lat' dir='ltr'>demonstravit,</span> <span class='ocrx_word' id='word_1_344' title='bbox 1111 1383 1158 1450; x_wconf 86' lang='lat' dir='ltr'>qui</span> <span class='ocrx_word' id='word_1_345' title='bbox 1172 1385 1205 1433; x_wconf 86' lang='lat' dir='ltr'>ad</span> 
     </span>
     <span class='ocr_line' id='line_1_68' title="bbox 673 1450 1204 1514; baseline 0.006 -14"><span class='ocrx_word' id='word_1_346' title='bbox 673 1451 780 1501; x_wconf 87' lang='lat' dir='ltr'>leonem</span> <span class='ocrx_word' id='word_1_347' title='bbox 802 1450 830 1500; x_wconf 91' lang='lat' dir='ltr'>in</span> <span class='ocrx_word' id='word_1_348' title='bbox 853 1451 998 1503; x_wconf 90' lang='lat' dir='ltr'>cisternam</span> <span class='ocrx_word' id='word_1_349' title='bbox 1015 1453 1128 1514; x_wconf 88' lang='lat' dir='ltr'>intrans,</span> <span class='ocrx_word' id='word_1_350' title='bbox 1143 1468 1204 1503; x_wconf 92' lang='lat' dir='ltr'>cum</span> 
     </span>
     <span class='ocr_line' id='line_1_69' title="bbox 673 1524 1206 1592; baseline 0.008 -20"><span class='ocrx_word' id='word_1_351' title='bbox 673 1524 748 1590; x_wconf 88' lang='lat' dir='ltr'>virga</span> <span class='ocrx_word' id='word_1_352' title='bbox 776 1539 824 1576; x_wconf 87' lang='lat' dir='ltr'>sua</span> <span class='ocrx_word' id='word_1_353' title='bbox 849 1524 939 1591; x_wconf 92' lang='lat' dir='ltr'>ipsum</span> <span class='ocrx_word' id='word_1_354' title='bbox 970 1527 1140 1592; x_wconf 89' lang='lat' dir='ltr'>prostravit;</span> <span class='ocrx_word' id='word_1_355' title='bbox 1167 1526 1206 1577; x_wconf 90' lang='lat' dir='ltr'>sic</span> 
     </span>
     <span class='ocr_line' id='line_1_70' title="bbox 673 1589 1205 1649; baseline 0.009 -6"><span class='ocrx_word' id='word_1_356' title='bbox 673 1593 798 1646; x_wconf 87' lang='lat' dir='ltr'>Christus</span> <span class='ocrx_word' id='word_1_357' title='bbox 826 1595 935 1647; x_wconf 83' lang='lat' dir='ltr'>intravit</span> <span class='ocrx_word' id='word_1_358' title='bbox 958 1598 990 1648; x_wconf 87' lang='lat' dir='ltr'>ad</span> <span class='ocrx_word' id='word_1_359' title='bbox 1014 1599 1153 1649; x_wconf 89' lang='lat' dir='ltr'>diabolum</span> <span class='ocrx_word' id='word_1_360' title='bbox 1176 1589 1205 1648; x_wconf 86' lang='lat' dir='ltr'>in</span> 
     </span>
     <span class='ocr_line' id='line_1_71' title="bbox 673 1663 1205 1733; baseline 0.011 -20"><span class='ocrx_word' id='word_1_361' title='bbox 673 1663 823 1730; x_wconf 84' lang='lat' dir='ltr'>infernum,</span> <span class='ocrx_word' id='word_1_362' title='bbox 839 1677 865 1717; x_wconf 90' lang='lat' dir='ltr'>et</span> <span class='ocrx_word' id='word_1_363' title='bbox 885 1682 933 1733; x_wconf 90' lang='lat' dir='ltr'>per</span> <span class='ocrx_word' id='word_1_364' title='bbox 955 1678 1075 1719; x_wconf 85' lang='lat' dir='ltr'>sanctam</span> <span class='ocrx_word' id='word_1_365' title='bbox 1097 1682 1205 1720; x_wconf 86' lang='lat' dir='ltr'>crucem</span> 
     </span>
     <span class='ocr_line' id='line_1_72' title="bbox 674 1739 1205 1806; baseline 0.009 -19"><span class='ocrx_word' id='word_1_366' title='bbox 674 1739 818 1804; x_wconf 87' lang='lat' dir='ltr'>prostravit</span> <span class='ocrx_word' id='word_1_367' title='bbox 838 1740 938 1806; x_wconf 90' lang='lat' dir='ltr'>ipsum.</span> <span class='ocrx_word' id='word_1_368' title='bbox 958 1741 1007 1792; x_wconf 90' lang='lat' dir='ltr'>Per</span> <span class='ocrx_word' id='word_1_369' title='bbox 1025 1740 1205 1792; x_wconf 89' lang='lat' dir='ltr'>fortissimum</span> 
     </span>
     <span class='ocr_line' id='line_1_73' title="bbox 674 1807 1207 1874; baseline 0.009 -17"><span class='ocrx_word' id='word_1_370' title='bbox 674 1807 755 1858; x_wconf 87' lang='lat' dir='ltr'>etiam</span> <span class='ocrx_word' id='word_1_371' title='bbox 769 1810 940 1874; x_wconf 82' lang='lat' dir='ltr'>samsonem,</span> <span class='ocrx_word' id='word_1_372' title='bbox 955 1812 1080 1863; x_wconf 89' lang='lat' dir='ltr'>Christus</span> <span class='ocrx_word' id='word_1_373' title='bbox 1094 1812 1207 1864; x_wconf 87' lang='lat' dir='ltr'>fortissi-</span> 
     </span>
     <span class='ocr_line' id='line_1_74' title="bbox 674 1881 1205 1951; baseline 0.009 -22"><span class='ocrx_word' id='word_1_374' title='bbox 674 1895 736 1931; x_wconf 91' lang='lat' dir='ltr'>mus</span> <span class='ocrx_word' id='word_1_375' title='bbox 761 1881 925 1948; x_wconf 88' lang='lat' dir='ltr'>designatur,</span> <span class='ocrx_word' id='word_1_376' title='bbox 950 1899 965 1935; x_wconf 90' lang='lat' dir='ltr'>a</span> <span class='ocrx_word' id='word_1_377' title='bbox 988 1900 1043 1951; x_wconf 85' lang='lat' dir='ltr'>quo</span> <span class='ocrx_word' id='word_1_378' title='bbox 1064 1883 1205 1935; x_wconf 88' lang='lat' dir='ltr'>infernalis</span> 
     </span>
     <span class='ocr_line' id='line_1_75' title="bbox 672 1951 1205 2020; baseline 0.011 -21"><span class='ocrx_word' id='word_1_379' title='bbox 672 1952 724 2011; x_wconf 91' lang='lat' dir='ltr'>leo,</span> <span class='ocrx_word' id='word_1_380' title='bbox 747 1951 847 2003; x_wconf 85' lang='lat' dir='ltr'>seilicet</span> <span class='ocrx_word' id='word_1_381' title='bbox 871 1954 995 2004; x_wconf 87' lang='lat' dir='ltr'>diabolus</span> <span class='ocrx_word' id='word_1_382' title='bbox 1021 1955 1205 2020; x_wconf 87' lang='lat' dir='ltr'>superabatur,</span> 
     </span>
     <span class='ocr_line' id='line_1_76' title="bbox 672 2023 1204 2090; baseline 0.009 -20"><span class='ocrx_word' id='word_1_383' title='bbox 672 2030 697 2071; x_wconf 92' lang='lat' dir='ltr'>et</span> <span class='ocrx_word' id='word_1_384' title='bbox 711 2023 830 2087; x_wconf 89' lang='lat' dir='ltr'>potentia</span> <span class='ocrx_word' id='word_1_385' title='bbox 844 2039 892 2075; x_wconf 90' lang='lat' dir='ltr'>sua</span> <span class='ocrx_word' id='word_1_386' title='bbox 909 2025 1077 2090; x_wconf 71' lang='lat' dir='ltr'>privabatur,</span> <span class='ocrx_word' id='word_1_387' title='bbox 1099 2035 1125 2075; x_wconf 91' lang='lat' dir='ltr'>et</span> <span class='ocrx_word' id='word_1_388' title='bbox 1139 2036 1204 2076; x_wconf 89' lang='lat' dir='ltr'>tunc</span> 
     </span>
     <span class='ocr_line' id='line_1_77' title="bbox 672 2093 1205 2162; baseline 0.008 -20"><span class='ocrx_word' id='word_1_389' title='bbox 672 2093 756 2144; x_wconf 92' lang='lat' dir='ltr'>homo</span> <span class='ocrx_word' id='word_1_390' title='bbox 782 2104 822 2145; x_wconf 92' lang='lat' dir='ltr'>est</span> <span class='ocrx_word' id='word_1_391' title='bbox 843 2096 973 2147; x_wconf 89' lang='lat' dir='ltr'>liberatus</span> <span class='ocrx_word' id='word_1_392' title='bbox 996 2097 1029 2146; x_wconf 91' lang='lat' dir='ltr'>de</span> <span class='ocrx_word' id='word_1_393' title='bbox 1052 2097 1205 2162; x_wconf 85' lang='lat' dir='ltr'>captivitate</span> 
     </span>
    </p>
   </div>
   <div class='ocr_carea' id='block_1_9' title="bbox 640 2164 1205 2232">
    <p class='ocr_par' dir='ltr' id='par_1_10' title="bbox 640 2164 1205 2232">
     <span class='ocr_line' id='line_1_78' title="bbox 640 2164 1205 2232; baseline 0.007 -19"><span class='ocrx_word' id='word_1_394' title='bbox 640 2172 642 2176; x_wconf 79' lang='grc'>’</span> <span class='ocrx_word' id='word_1_395' title='bbox 673 2164 816 2227; x_wconf 89' lang='lat' dir='ltr'>diabolica,</span> <span class='ocrx_word' id='word_1_396' title='bbox 834 2183 894 2232; x_wconf 87' lang='lat' dir='ltr'>quae</span> <span class='ocrx_word' id='word_1_397' title='bbox 908 2167 974 2216; x_wconf 91' lang='lat' dir='ltr'>olim</span> <span class='ocrx_word' id='word_1_398' title='bbox 988 2167 1041 2217; x_wconf 86' lang='lat' dir='ltr'>fuit</span> <span class='ocrx_word' id='word_1_399' title='bbox 1055 2167 1083 2217; x_wconf 92' lang='lat' dir='ltr'>in</span> <span class='ocrx_word' id='word_1_400' title='bbox 1098 2168 1205 2232; x_wconf 86' lang='lat' dir='ltr'>captivi-</span> 
     </span>
    </p>
   </div>
   <div class='ocr_carea' id='block_1_10' title="bbox 672 2239 1206 2593">
    <p class='ocr_par' dir='ltr' id='par_1_11' title="bbox 672 2239 1206 2593">
     <span class='ocr_line' id='line_1_79' title="bbox 673 2239 1204 2305; baseline 0.004 -19"><span class='ocrx_word' id='word_1_401' title='bbox 673 2245 726 2287; x_wconf 83' lang='lat' dir='ltr'>tate</span> <span class='ocrx_word' id='word_1_402' title='bbox 756 2239 914 2304; x_wconf 86' lang='lat' dir='ltr'>AEgyptiaca</span> <span class='ocrx_word' id='word_1_403' title='bbox 937 2239 1113 2305; x_wconf 80' lang='lat' dir='ltr'>praefigurata.</span> <span class='ocrx_word' id='word_1_404' title='bbox 1142 2239 1204 2289; x_wconf 88' lang='lat' dir='ltr'>Filii</span> 
     </span>
     <span class='ocr_line' id='line_1_80' title="bbox 673 2311 1205 2378; baseline 0.004 -18"><span class='ocrx_word' id='word_1_405' title='bbox 673 2311 753 2360; x_wconf 89' lang='lat' dir='ltr'>lsrael</span> <span class='ocrx_word' id='word_1_406' title='bbox 780 2311 810 2360; x_wconf 88' lang='lat' dir='ltr'>in</span> <span class='ocrx_word' id='word_1_407' title='bbox 833 2312 981 2377; x_wconf 81' lang='lat' dir='ltr'>&#39;AEgyptoa</span> <span class='ocrx_word' id='word_1_408' title='bbox 1001 2312 1142 2362; x_wconf 83' lang='lat' dir='ltr'>Pharaone</span> <span class='ocrx_word' id='word_1_409' title='bbox 1160 2327 1205 2378; x_wconf 93' lang='lat' dir='ltr'>op·</span> 
     </span>
     <span class='ocr_line' id='line_1_81' title="bbox 672 2385 1204 2450; baseline 0.006 -16"><span class='ocrx_word' id='word_1_410' title='bbox 672 2385 768 2450; x_wconf 87' lang='lat' dir='ltr'>pressi,</span> <span class='ocrx_word' id='word_1_411' title='bbox 795 2387 977 2437; x_wconf 82' lang='lat' dir='ltr'>clamaverunt</span> <span class='ocrx_word' id='word_1_412' title='bbox 1002 2388 1036 2437; x_wconf 90' lang='lat' dir='ltr'>ad</span> <span class='ocrx_word' id='word_1_413' title='bbox 1056 2385 1204 2438; x_wconf 90' lang='lat' dir='ltr'>Dominum</span> 
     </span>
     <span class='ocr_line' id='line_1_82' title="bbox 672 2455 1205 2520; baseline 0.008 -16"><span class='ocrx_word' id='word_1_414' title='bbox 672 2469 720 2520; x_wconf 91' lang='lat' dir='ltr'>pro</span> <span class='ocrx_word' id='word_1_415' title='bbox 748 2470 797 2506; x_wconf 89' lang='lat' dir='ltr'>sua</span> <span class='ocrx_word' id='word_1_416' title='bbox 823 2455 1001 2518; x_wconf 84' lang='lat' dir='ltr'>liberatione,</span> <span class='ocrx_word' id='word_1_417' title='bbox 1029 2466 1056 2508; x_wconf 87' lang='lat' dir='ltr'>et</span> <span class='ocrx_word' id='word_1_418' title='bbox 1078 2457 1205 2508; x_wconf 87' lang='lat' dir='ltr'>misertus</span> 
     </span>
     <span class='ocr_line' id='line_1_83' title="bbox 672 2525 1206 2593; baseline 0.007 -18"><span class='ocrx_word' id='word_1_419' title='bbox 672 2525 805 2576; x_wconf 90' lang='lat' dir='ltr'>Dominus</span> <span class='ocrx_word' id='word_1_420' title='bbox 826 2526 951 2577; x_wconf 86' lang='lat' dir='ltr'>liberavit</span> <span class='ocrx_word' id='word_1_421' title='bbox 974 2542 1022 2578; x_wconf 88' lang='lat' dir='ltr'>eos</span> <span class='ocrx_word' id='word_1_422' title='bbox 1045 2527 1206 2593; x_wconf 77' lang='lat' dir='ltr'>deceptivi-</span> 
     </span>
    </p>
   </div>
   <div class='ocr_carea' id='block_1_11' title="bbox 656 2598 1204 2668">
    <p class='ocr_par' dir='ltr' id='par_1_12' title="bbox 656 2598 1204 2668">
     <span class='ocr_line' id='line_1_84' title="bbox 656 2598 1204 2668; baseline 0.005 -21"><span class='ocrx_word' id='word_1_423' title='bbox 656 2606 740 2663; x_wconf 80' lang='lat' dir='ltr'>&#39;tate3</span> <span class='ocrx_word' id='word_1_424' title='bbox 755 2598 793 2650; x_wconf 83' lang='lat' dir='ltr'>ite</span> <span class='ocrx_word' id='word_1_425' title='bbox 806 2614 892 2666; x_wconf 82' lang='lat' dir='ltr'>genus</span> <span class='ocrx_word' id='word_1_426' title='bbox 915 2600 1067 2652; x_wconf 89' lang='lat' dir='ltr'>humanum</span> <span class='ocrx_word' id='word_1_427' title='bbox 1090 2616 1106 2652; x_wconf 82' lang='lat' dir='ltr'>a</span> <span class='ocrx_word' id='word_1_428' title='bbox 1126 2601 1204 2668; x_wconf 91' lang='lat' dir='ltr'>prin-</span> 
     </span>
    </p>
   </div>
   <div class='ocr_carea' id='block_1_12' title="bbox 669 2673 1205 3953">
    <p class='ocr_par' dir='ltr' id='par_1_13' title="bbox 669 2673 1205 3953">
     <span class='ocr_line' id='line_1_85' title="bbox 673 2673 1205 2740; baseline 0.006 -17"><span class='ocrx_word' id='word_1_429' title='bbox 673 2673 732 2740; x_wconf 92' lang='lat' dir='ltr'>cipe</span> <span class='ocrx_word' id='word_1_430' title='bbox 758 2675 932 2726; x_wconf 84' lang='lat' dir='ltr'>tenebrarum</span> <span class='ocrx_word' id='word_1_431' title='bbox 958 2677 1122 2737; x_wconf 85' lang='lat' dir='ltr'>detentum,</span> <span class='ocrx_word' id='word_1_432' title='bbox 1149 2676 1205 2727; x_wconf 85' lang='lat' dir='ltr'>ela-</span> 
     </span>
     <span class='ocr_line' id='line_1_86' title="bbox 672 2744 1204 2814; baseline 0.002 -20"><span class='ocrx_word' id='word_1_433' title='bbox 672 2744 755 2796; x_wconf 87' lang='lat' dir='ltr'>mavit</span> <span class='ocrx_word' id='word_1_434' title='bbox 793 2761 843 2812; x_wconf 92' lang='lat' dir='ltr'>pro</span> <span class='ocrx_word' id='word_1_435' title='bbox 877 2762 925 2797; x_wconf 89' lang='lat' dir='ltr'>sua</span> <span class='ocrx_word' id='word_1_436' title='bbox 959 2747 1144 2814; x_wconf 88' lang='lat' dir='ltr'>redemptione</span> <span class='ocrx_word' id='word_1_437' title='bbox 1171 2746 1204 2796; x_wconf 86' lang='lat' dir='ltr'>ad</span> 
     </span>
     <span class='ocr_line' id='line_1_87' title="bbox 672 2816 1204 2883; baseline 0.002 -18"><span class='ocrx_word' id='word_1_438' title='bbox 672 2816 831 2879; x_wconf 89' lang='lat' dir='ltr'>Dominum,</span> <span class='ocrx_word' id='word_1_439' title='bbox 846 2828 871 2869; x_wconf 94' lang='lat' dir='ltr'>et</span> <span class='ocrx_word' id='word_1_440' title='bbox 884 2819 1011 2869; x_wconf 85' lang='lat' dir='ltr'>misertus</span> <span class='ocrx_word' id='word_1_441' title='bbox 1025 2820 1091 2883; x_wconf 87' lang='lat' dir='ltr'>ejus,</span> <span class='ocrx_word' id='word_1_442' title='bbox 1105 2818 1204 2868; x_wconf 86' lang='lat' dir='ltr'>libera-</span> 
     </span>
     <span class='ocr_line' id='line_1_88' title="bbox 671 2887 1204 2957; baseline 0 -21"><span class='ocrx_word' id='word_1_443' title='bbox 671 2887 711 2936; x_wconf 91' lang='lat' dir='ltr'>vit</span> <span class='ocrx_word' id='word_1_444' title='bbox 736 2887 835 2957; x_wconf 79' lang='lat' dir='ltr'>ipsum.</span> <span class='ocrx_word' id='word_1_445' title='bbox 857 2889 930 2939; x_wconf 87' lang='lat' dir='ltr'>Hanc</span> <span class='ocrx_word' id='word_1_446' title='bbox 949 2889 1136 2938; x_wconf 87' lang='lat' dir='ltr'>liberationem</span> <span class='ocrx_word' id='word_1_447' title='bbox 1150 2887 1204 2936; x_wconf 91' lang='lat' dir='ltr'>ho-</span> 
     </span>
     <span class='ocr_line' id='line_1_89' title="bbox 672 2959 1204 3025; baseline 0 -17"><span class='ocrx_word' id='word_1_448' title='bbox 672 2959 756 3009; x_wconf 91' lang='lat' dir='ltr'>minis</span> <span class='ocrx_word' id='word_1_449' title='bbox 778 2960 849 3010; x_wconf 90' lang='lat' dir='ltr'>Deus</span> <span class='ocrx_word' id='word_1_450' title='bbox 878 2960 1067 3025; x_wconf 85' lang='lat' dir='ltr'>praefiguravit,</span> <span class='ocrx_word' id='word_1_451' title='bbox 1094 2960 1204 3025; x_wconf 90' lang='lat' dir='ltr'>quando</span> 
     </span>
     <span class='ocr_line' id='line_1_90' title="bbox 671 3031 1204 3083; baseline -0.002 -1"><span class='ocrx_word' id='word_1_452' title='bbox 671 3031 808 3082; x_wconf 89' lang='lat' dir='ltr'>Abraham</span> <span class='ocrx_word' id='word_1_453' title='bbox 823 3034 855 3082; x_wconf 90' lang='lat' dir='ltr'>de</span> <span class='ocrx_word' id='word_1_454' title='bbox 874 3033 933 3083; x_wconf 90' lang='lat' dir='ltr'>Hur</span> <span class='ocrx_word' id='word_1_455' title='bbox 955 3033 1143 3083; x_wconf 72' lang='lat' dir='ltr'>Chaldaeorum</span> <span class='ocrx_word' id='word_1_456' title='bbox 1167 3032 1204 3082; x_wconf 90' lang='lat' dir='ltr'>li-</span> 
     </span>
     <span class='ocr_line' id='line_1_91' title="bbox 670 3102 1204 3166; baseline 0.004 -14"><span class='ocrx_word' id='word_1_457' title='bbox 670 3103 781 3154; x_wconf 86' lang='lat' dir='ltr'>beravit.</span> <span class='ocrx_word' id='word_1_458' title='bbox 810 3102 927 3153; x_wconf 86' lang='lat' dir='ltr'>Chaldaei</span> <span class='ocrx_word' id='word_1_459' title='bbox 954 3102 1027 3153; x_wconf 92' lang='lat' dir='ltr'>enim</span> <span class='ocrx_word' id='word_1_460' title='bbox 1054 3104 1127 3166; x_wconf 88' lang='lat' dir='ltr'>Hur,</span> <span class='ocrx_word' id='word_1_461' title='bbox 1150 3102 1204 3154; x_wconf 88' lang='lat' dir='ltr'>hoc</span> 
     </span>
     <span class='ocr_line' id='line_1_92' title="bbox 671 3172 1204 3240; baseline 0.002 -17"><span class='ocrx_word' id='word_1_462' title='bbox 671 3183 711 3224; x_wconf 91' lang='lat' dir='ltr'>est</span> <span class='ocrx_word' id='word_1_463' title='bbox 725 3172 816 3239; x_wconf 91' lang='lat' dir='ltr'>ignem</span> <span class='ocrx_word' id='word_1_464' title='bbox 831 3189 879 3238; x_wconf 92' lang='lat' dir='ltr'>pro</span> <span class='ocrx_word' id='word_1_465' title='bbox 891 3175 947 3224; x_wconf 91' lang='lat' dir='ltr'>Deo</span> <span class='ocrx_word' id='word_1_466' title='bbox 965 3174 1114 3234; x_wconf 87' lang='lat' dir='ltr'>coluerunt,</span> <span class='ocrx_word' id='word_1_467' title='bbox 1130 3175 1204 3240; x_wconf 91' lang='lat' dir='ltr'>quod</span> 
     </span>
     <span class='ocr_line' id='line_1_93' title="bbox 670 3244 1202 3311; baseline 0.006 -19"><span class='ocrx_word' id='word_1_468' title='bbox 670 3258 732 3292; x_wconf 90' lang='lat' dir='ltr'>cum</span> <span class='ocrx_word' id='word_1_469' title='bbox 758 3244 894 3293; x_wconf 88' lang='lat' dir='ltr'>Abraham</span> <span class='ocrx_word' id='word_1_470' title='bbox 917 3256 1050 3305; x_wconf 85' lang='lat' dir='ltr'>renueret,</span> <span class='ocrx_word' id='word_1_471' title='bbox 1068 3245 1158 3311; x_wconf 77' lang='lat' dir='ltr'>ipsum</span> <span class='ocrx_word' id='word_1_472' title='bbox 1174 3245 1202 3295; x_wconf 91' lang='lat' dir='ltr'>in</span> 
     </span>
     <span class='ocr_line' id='line_1_94' title="bbox 670 3315 1203 3382; baseline 0.004 -16"><span class='ocrx_word' id='word_1_473' title='bbox 670 3315 762 3382; x_wconf 85' lang='lat' dir='ltr'>ignem</span> <span class='ocrx_word' id='word_1_474' title='bbox 777 3317 955 3382; x_wconf 89' lang='lat' dir='ltr'>projecerunt,</span> <span class='ocrx_word' id='word_1_475' title='bbox 970 3318 1043 3368; x_wconf 90' lang='lat' dir='ltr'>Deus</span> <span class='ocrx_word' id='word_1_476' title='bbox 1054 3327 1145 3368; x_wconf 88' lang='lat' dir='ltr'>autem</span> <span class='ocrx_word' id='word_1_477' title='bbox 1156 3332 1203 3368; x_wconf 81' lang='lat' dir='ltr'>ve-</span> 
     </span>
     <span class='ocr_line' id='line_1_95' title="bbox 671 3389 1201 3455; baseline 0.009 -19"><span class='ocrx_word' id='word_1_478' title='bbox 671 3400 717 3437; x_wconf 91' lang='lat' dir='ltr'>rus</span> <span class='ocrx_word' id='word_1_479' title='bbox 730 3403 812 3453; x_wconf 90' lang='lat' dir='ltr'>quem</span> <span class='ocrx_word' id='word_1_480' title='bbox 832 3389 891 3453; x_wconf 90' lang='lat' dir='ltr'>ipse</span> <span class='ocrx_word' id='word_1_481' title='bbox 908 3389 1000 3449; x_wconf 89' lang='lat' dir='ltr'>coluit,</span> <span class='ocrx_word' id='word_1_482' title='bbox 1015 3390 1047 3440; x_wconf 92' lang='lat' dir='ltr'>de</span> <span class='ocrx_word' id='word_1_483' title='bbox 1061 3390 1124 3455; x_wconf 88' lang='lat' dir='ltr'>igne</span> <span class='ocrx_word' id='word_1_484' title='bbox 1139 3405 1201 3441; x_wconf 88' lang='lat' dir='ltr'>eum</span> 
     </span>
     <span class='ocr_line' id='line_1_96' title="bbox 669 3459 1201 3524; baseline 0.006 -15"><span class='ocrx_word' id='word_1_485' title='bbox 669 3459 811 3524; x_wconf 89' lang='lat' dir='ltr'>liberavit;</span> <span class='ocrx_word' id='word_1_486' title='bbox 827 3461 903 3512; x_wconf 90' lang='lat' dir='ltr'>sicet</span> <span class='ocrx_word' id='word_1_487' title='bbox 920 3462 1033 3512; x_wconf 85' lang='lat' dir='ltr'>Sanctos</span> <span class='ocrx_word' id='word_1_488' title='bbox 1047 3463 1080 3512; x_wconf 88' lang='lat' dir='ltr'>de</span> <span class='ocrx_word' id='word_1_489' title='bbox 1096 3462 1201 3513; x_wconf 85' lang='lat' dir='ltr'>inferno</span> 
     </span>
     <span class='ocr_line' id='line_1_97' title="bbox 670 3531 1201 3599; baseline 0.004 -19"><span class='ocrx_word' id='word_1_490' title='bbox 670 3531 793 3582; x_wconf 88' lang='lat' dir='ltr'>redemit.</span> <span class='ocrx_word' id='word_1_491' title='bbox 808 3532 883 3582; x_wconf 91' lang='lat' dir='ltr'>Hanc</span> <span class='ocrx_word' id='word_1_492' title='bbox 892 3532 972 3582; x_wconf 89' lang='lat' dir='ltr'>etiam</span> <span class='ocrx_word' id='word_1_493' title='bbox 986 3533 1201 3599; x_wconf 87' lang='lat' dir='ltr'>redemptionem</span> 
     </span>
     <span class='ocr_line' id='line_1_98' title="bbox 671 3601 1201 3670; baseline 0.004 -20"><span class='ocrx_word' id='word_1_494' title='bbox 671 3601 794 3652; x_wconf 93' lang='lat' dir='ltr'>hominis</span> <span class='ocrx_word' id='word_1_495' title='bbox 805 3603 876 3653; x_wconf 90' lang='lat' dir='ltr'>Deus</span> <span class='ocrx_word' id='word_1_496' title='bbox 891 3601 1079 3668; x_wconf 80' lang='lat' dir='ltr'>praefiguravit,</span> <span class='ocrx_word' id='word_1_497' title='bbox 1092 3603 1201 3670; x_wconf 89' lang='lat' dir='ltr'>quando</span> 
     </span>
     <span class='ocr_line' id='line_1_99' title="bbox 671 3671 1202 3724; baseline 0.004 -4"><span class='ocrx_word' id='word_1_498' title='bbox 671 3671 742 3720; x_wconf 92' lang='lat' dir='ltr'>Loth</span> <span class='ocrx_word' id='word_1_499' title='bbox 756 3687 817 3722; x_wconf 91' lang='lat' dir='ltr'>cum</span> <span class='ocrx_word' id='word_1_500' title='bbox 834 3673 890 3722; x_wconf 91' lang='lat' dir='ltr'>suis</span> <span class='ocrx_word' id='word_1_501' title='bbox 909 3674 941 3722; x_wconf 90' lang='lat' dir='ltr'>de</span> <span class='ocrx_word' id='word_1_502' title='bbox 956 3674 1130 3724; x_wconf 89' lang='lat' dir='ltr'>subversione</span> <span class='ocrx_word' id='word_1_503' title='bbox 1150 3675 1202 3723; x_wconf 89' lang='lat' dir='ltr'>So-</span> 
     </span>
     <span class='ocr_line' id='line_1_100' title="bbox 671 3741 1201 3794; baseline 0.004 -5"><span class='ocrx_word' id='word_1_504' title='bbox 671 3741 758 3792; x_wconf 86' lang='lat' dir='ltr'>domae</span> <span class='ocrx_word' id='word_1_505' title='bbox 768 3741 897 3792; x_wconf 87' lang='lat' dir='ltr'>liberavit.</span> <span class='ocrx_word' id='word_1_506' title='bbox 909 3743 947 3792; x_wconf 92' lang='lat' dir='ltr'>De</span> <span class='ocrx_word' id='word_1_507' title='bbox 959 3744 1086 3794; x_wconf 91' lang='lat' dir='ltr'>Sodomis</span> <span class='ocrx_word' id='word_1_508' title='bbox 1097 3752 1201 3793; x_wconf 92' lang='lat' dir='ltr'>tantum</span> 
     </span>
     <span class='ocr_line' id='line_1_101' title="bbox 672 3814 1200 3877; baseline 0 -14"><span class='ocrx_word' id='word_1_509' title='bbox 672 3814 737 3864; x_wconf 92' lang='lat' dir='ltr'>boni</span> <span class='ocrx_word' id='word_1_510' title='bbox 763 3815 867 3866; x_wconf 90' lang='lat' dir='ltr'>liberati</span> <span class='ocrx_word' id='word_1_511' title='bbox 888 3815 1005 3877; x_wconf 84' lang='lat' dir='ltr'>fuerunt,</span> <span class='ocrx_word' id='word_1_512' title='bbox 1023 3817 1086 3867; x_wconf 90' lang='lat' dir='ltr'>mali</span> <span class='ocrx_word' id='word_1_513' title='bbox 1111 3825 1200 3865; x_wconf 90' lang='lat' dir='ltr'>autem</span> 
     </span>
     <span class='ocr_line' id='line_1_102' title="bbox 671 3884 1201 3953; baseline 0.002 -19"><span class='ocrx_word' id='word_1_514' title='bbox 671 3885 736 3952; x_wconf 92' lang='lat' dir='ltr'>igne</span> <span class='ocrx_word' id='word_1_515' title='bbox 758 3896 784 3938; x_wconf 90' lang='lat' dir='ltr'>et</span> <span class='ocrx_word' id='word_1_516' title='bbox 809 3887 939 3953; x_wconf 89' lang='lat' dir='ltr'>sulphure</span> <span class='ocrx_word' id='word_1_517' title='bbox 962 3887 1140 3950; x_wconf 75' lang='lat' dir='ltr'>interierunt,</span> <span class='ocrx_word' id='word_1_518' title='bbox 1162 3884 1201 3936; x_wconf 79' lang='lat' dir='ltr'>sic</span> 
     </span>
    </p>
   </div>
   <div class='ocr_carea' id='block_1_13' title="bbox 0 0 1318 4328">
    <p class='ocr_par' dir='ltr' id='par_1_14' title="bbox 0 0 1318 4328">
     <span class='ocr_line' id='line_1_103' title="bbox 0 0 1318 4328; baseline 0 1"><span class='ocrx_word' id='word_1_519' title='bbox 0 0 1318 4328; x_wconf 95' lang='lat' dir='ltr'> </span> 
     </span>
    </p>
   </div>
  </div>
 </body>
</html>
