2626 4328
92 218 270 278 QUOMODO
288 219 374 269 DOM.
385 217 561 268 APPARUIT
577 216 676 266 SEPT.
689 217 774 266 DISC.
789 217 845 276 ,AD
863 216 961 266 MARE
977 216 1092 267 TIBER.
1126 215 1174 289 731

59 347 176 386 mortem
194 336 227 385 de
247 336 298 384 hoc
315 335 416 384 mundo
430 335 461 384 ad
477 333 591 399 gloriam

59 407 193 470 coelestem
220 407 420 457 assumendum.
442 405 525 465 Quasi
548 403 592 452 di-

60 486 102 527 cat
123 494 129 526 :
149 477 218 527 Nolo
241 493 302 527 eum
330 477 397 527 mori
421 492 468 542 per
488 485 592 541 marty·

60 549 142 611 rium,
161 559 188 598 et
207 565 249 598 me
272 548 348 616 sequi
372 563 418 613 per
436 546 507 598 viam
530 561 592 612 pas-

59 619 161 682 sionis;
173 621 218 669 sed
229 620 315 685 magis
326 622 389 669 volo
398 635 459 670 eum
469 615 592 682 occupari

61 694 91 744 in
113 693 202 759 quiete
228 693 474 758 contemplationis,
498 693 592 749 donec,

61 780 107 814 me
128 775 246 825 vocante,
268 766 369 814 dehac
390 763 491 814 vitain
512 762 592 812 aliam

60 836 236 886 transferatur
248 837 364 886 suaviter
373 847 398 886 et
409 836 531 900 iucunde.
544 835 594 884 Ha-

61 909 141 958 betur
161 907 233 957 enim
252 908 279 957 in
296 908 418 974 Legenda
440 908 506 971 eius,
521 906 593 973 quod

60 980 188 1030 Christus
208 981 330 1045 apparuit
350 981 402 1030 sibi
422 980 489 1030 circa
509 980 592 1030 finem

60 1050 122 1100 vitae
142 1066 197 1100 suae
216 1068 278 1101 cum
298 1052 437 1117 discipulis
455 1051 521 1112 suis,
541 1066 592 1100 vo-

60 1137 124 1172 cans
145 1138 207 1171 eum
231 1125 262 1173 ad
285 1124 407 1189 gloriam,
429 1135 455 1174 et
477 1125 509 1173 ad
528 1138 594 1188 epu-

59 1194 171 1244 landum
187 1211 247 1244 cum
263 1195 327 1245 illis.
350 1196 420 1256 Quid
440 1195 477 1245 ad
492 1201 524 1256 le,
541 1193 594 1244 sci-

59 1265 123 1316 licet
138 1266 296 1332 investigare
317 1268 350 1316 de
368 1268 444 1333 ipso?
466 1266 535 1327 Quia
560 1265 593 1314 ad

61 1336 172 1386 Petrum
192 1353 245 1386 non
265 1338 413 1403 pertinebat
431 1337 500 1387 scire
521 1335 593 1401 quod

61 1408 134 1458 Deus
149 1409 289 1458 ordinabat
301 1409 329 1458 in
342 1408 463 1459 futurum
476 1409 508 1458 de
519 1407 595 1458 Joan-

65 1497 111 1544 ne;
125 1483 171 1532 sed
182 1492 287 1532 tanturn
302 1483 452 1547 pertinebat
463 1481 495 1531 ad
505 1481 595 1547 ipsum

60 1553 144 1602 verbo
157 1552 258 1602 Christi
275 1564 396 1618 prompte
412 1563 438 1602 et
455 1551 595 1602 humiliter

61 1625 180 1675 obedire.
200 1626 260 1675 ldeo
276 1626 419 1691 sequitur:
439 1627 482 1676 Tu
496 1639 536 1675 me
551 1639 596 1674 se-

61 1710 151 1764 quere,
168 1697 364 1746 scilicetcrucis
378 1697 510 1763 passione.
520 1697 597 1748 Unde

63 1767 276 1834 Chrysostomus
291 1785 324 1816 :a
335 1769 383 1818 Sic
394 1783 452 1818 eum
469 1767 527 1818 volo
542 1781 598 1816 ma·

62 1850 134 1898 nere,
155 1837 251 1902 inquit,
274 1838 338 1903 quid
359 1839 396 1887 ad
410 1837 456 1888 te?
478 1838 527 1887 Per
545 1837 597 1887 hoc

62 1907 189 1956 erudiens
211 1923 261 1957 nos
291 1925 345 1957 non
372 1908 487 1967 anxiari,
511 1923 597 1973 neque

63 1978 182 2027 multum
197 1979 365 2044 investigare,
383 1995 469 2046 neque
485 1979 554 2029 ultra
567 1994 596 2028 ea

62 2065 123 2117 quae
144 2051 247 2115 placent
274 2051 298 2099 ei
321 2066 453 2116 quaerere,
470 2044 502 2102 ἀϊ
526 2049 597 2100 nihil

61 2123 131 2173 ultra
148 2137 230 2187 quam
247 2133 351 2187 oportet
370 2122 595 2173 circumscrutari.

60 2195 120 2245 Hoc
136 2204 225 2242 autern
247 2193 359 2242 faciebat
373 2195 406 2243 ab
430 2194 597 2260 intempora-

61 2280 112 2316 nea
127 2263 320 2330 compassione,
341 2278 401 2328 quae
421 2265 453 2314 ad
473 2280 501 2314 se
524 2263 596 2314 invi·

59 2353 119 2388 cem
142 2349 197 2386 erat
213 2336 336 2385 dividens
355 2351 409 2386 eos.
431 2336 501 2395 Quia
522 2336 595 2386 enim

60 2409 193 2459 debebant
214 2407 288 2457 orbis
309 2417 439 2456 terrarum
465 2423 595 2472 procura-

60 2481 166 2531 tionem
182 2477 310 2543 accipere‚
327 2493 382 2525 non
397 2479 537 2542 oportebat
550 2493 596 2527 eos

60 2551 94 2602 ad
111 2567 140 2601 se
154 2549 267 2600 invicem
285 2549 318 2597 de
331 2549 436 2613 reliquo
457 2563 515 2598 esse
527 2563 598 2598 com-

62 2621 168 2686 plexos;
184 2618 301 2685 profecto
312 2619 383 2668 enim
395 2634 522 2684 magnum
533 2617 596 2668 huic

62 2694 122 2746 orbi
144 2705 275 2744 terrarum
301 2693 400 2743 facturn
428 2703 496 2743 esset
520 2693 597 2742 dam-

64 2781 141 2815 num.
167 2766 308 2830 Propterea
331 2765 368 2814 ait
389 2781 395 2814 2
420 2765 496 2830 Opus
521 2780 596 2814 com-

64 2837 179 2886 missum
197 2848 237 2886 est
257 2837 317 2896 tibi,
335 2837 361 2886 id
376 2837 481 2886 attende
496 2845 522 2886 et
536 2850 597 2901 per·

63 2908 123 2967 fice,
143 2919 168 2958 et
182 2923 282 2969 exerce,
302 2920 328 2959 et
349 2921 430 2972 certa;
449 2909 521 2958 hunc
535 2923 597 2958 vero

63 2980 86 3030 si
103 2980 212 3029 voluero
228 2995 335 3030 manere
350 2980 402 3038 hic,
416 2979 481 3044 quid
498 2979 534 3027 ad
551 2977 598 3028 te?

63 3055 108 3105 Tu
129 3069 158 3103 ea
180 3069 241 3120 quae
258 3055 297 3104 tui
315 3054 401 3118 ipsius
422 3061 486 3102 sunt
508 3060 596 3103 atten-

62 3127 107 3186 de,
122 3129 193 3177 etde
209 3127 253 3176 his
268 3127 399 3177 sollicitus
414 3137 472 3175 esto
489 3142 495 3175 :
511 3145 524 3173 n
541 3126 597 3176 haec

63 3198 285 3265 Chrysostomus.
302 3199 400 3248 Exivi!
422 3211 490 3262 ergo
510 3211 597 3247 sermo

62 3270 116 3320 iste
130 3270 197 3318 inter
206 3268 325 3335 fratrer,
342 3269 368 3318 id
385 3279 425 3320 est
437 3268 596 3334 discipulos,

63 3339 112 3406 qui
131 3349 205 3389 erant
218 3341 289 3391 uniti
310 3340 426 3390 fraterna
438 3339 553 3401 caritate,
572 3349 598 3390 et

63 3414 232 3479 divulgatum
258 3425 298 3464 est
328 3414 354 3463 in
387 3413 525 3480 publicum
552 3428 599 3479 per

64 3485 246 3534 narrationem
258 3485 339 3535 unius
348 3486 380 3534 ad
394 3486 517 3548 alterum,
528 3484 599 3549 quod

65 3556 216 3620 discipulus
237 3556 282 3606 ille
300 3570 349 3606 non
372 3557 495 3606 nroritur.
518 3557 598 3606 Hunc

65 3627 232 3676 intellectum
253 3635 430 3690 conceperunt
452 3641 485 3676 ex
512 3625 600 3676 verbis

66 3697 180 3756 Christi,
195 3707 221 3747 et
241 3697 269 3746 in
287 3696 339 3747 isto
361 3696 496 3746 intellectu
511 3710 599 3747 sermo

66 3769 113 3818 ille
129 3768 297 3826 recitabatur,
321 3766 394 3833 quod
409 3767 525 3816 Joannes
546 3782 600 3816 non

67 3849 138 3889 esset
161 3839 323 3901 moriturus;
343 3838 389 3887 sed
412 3837 497 3887 donec
517 3837 600 3888 Chri-

647 342 705 382 stus
725 332 758 383 ad
779 332 908 397 judicium
932 332 1034 383 veniret
1051 332 1177 383 victurus.

617 376 622 474 i
646 404 697 453 Sed
712 420 766 453 non
784 414 839 454 erat
853 405 903 454 hoc
919 418 1048 469 magnum
1066 404 1178 463 donum,

646 476 669 526 si
692 476 785 526 datum
804 487 873 527 esset
891 475 1034 540 discipulo,
1050 489 1108 525 cum
1122 490 1179 526 me-

647 548 699 598 lius
721 548 757 596 sit
772 547 893 609 dissolvi,
910 552 936 597 et
947 561 1005 596 esre
1019 561 1076 596 cum
1099 546 1180 596 Chri-

646 627 696 670 sto.
714 620 759 669 llle
780 629 869 669 tamen
895 619 1044 668 intellectus
1066 617 1118 668 fuit
1136 633 1179 668 er-

647 709 762 755 roneus,
795 693 858 759 quia
887 694 1002 743 Joannes
1032 692 1179 742 secundum

638 765 783 816 'veritatem
799 773 839 814 est
854 774 984 814 mortuus.
998 764 1030 813 Et
1046 763 1106 813 ideo
1123 772 1179 812 sta-

647 837 697 886 tim
716 836 875 895 excluditur,
898 851 958 885 cum
978 835 1102 885 subditur
1119 852 1126 884 2
1141 835 1179 885 Et

648 925 698 960 non
718 909 791 959 dixit
805 909 830 959 ei
842 910 924 958 lesus
943 925 951 957 .·
971 909 1034 959 Non
1055 907 1178 969 moritur,

647 982 711 1048 quia
725 982 854 1031 sententia
871 980 966 1030 mortis
987 980 1016 1030 in
1037 995 1132 1030 omnes
1152 979 1180 1028 in

647 1052 771 1118 originali
787 1061 892 1117 peccato
910 1062 986 1101 natos
1004 1051 1106 1116 prolata
1124 1059 1178 1112 est;

648 1124 695 1174 sed
712 1124 786 1174 dixit
804 1124 876 1174 :Sic
899 1139 956 1174 eum
981 1124 1041 1174 volo
1065 1136 1179 1184 manere,

647 1211 662 1245 a
676 1196 769 1246 dolore
788 1193 983 1260 persecutionis
995 1193 1114 1243 alienum
1130 1193 1181 1243 do-

648 1281 694 1317 nec
710 1267 813 1316 veniam
827 1266 948 1315 vocando
964 1280 1026 1315 eum
1041 1264 1069 1313 in
1085 1274 1180 1324 morte,

649 1355 696 1405 per
710 1338 903 1389 resolutionem
920 1338 1069 1387 naturalem
1083 1337 1116 1385 a'd
1133 1351 1182 1386 coe·

649 1413 721 1472 lum,
748 1412 812 1477 quid
828 1412 866 1461 ad
875 1407 878 1410 ’
891 1409 940 1461 te?
962 1411 1020 1460 Hoc
1043 1408 1182 1460 remissive

649 1485 793 1552 legendum
807 1496 856 1544 est,
870 1483 933 1551 quia
946 1499 1001 1532 non
1016 1482 1120 1548 quoerit,
1135 1481 1181 1531 sed

650 1556 739 1606 solum
754 1555 844 1605 recitat
860 1554 912 1604 hoc
929 1553 1002 1619 quod
1020 1562 1081 1602 ante
1096 1551 1180 1615 dixit3

650 1627 766 1676 habebat
787 1636 877 1675 autem
899 1616 1014 1675 Joannes
1037 1623 1182 1690 nonaginta

650 1715 745 1750 novem
775 1714 859 1748 annos
886 1713 948 1748 curn
973 1708 1134 1756 moreretur,
1157 1705 1183 1746 et

650 1772 786 1838 sexaginta
800 1781 860 1820 octo
874 1770 953 1819 annis
968 1767 1129 1835 praedicavit.

682 1842 1182 1908 14V1rnnurnaxransonrruJonuuts

650 1933 684 1967 ar
696 1917 779 1966 Parni
793 1930 966 1964 stourrrenrn.
976 1943 1006 1952 -
1016 1913 1071 1963 Hic
1082 1917 1123 1962 est
1137 1912 1181 1962 di-

650 1988 769 2054 scipulus
780 1987 833 2050 ille,
842 1987 941 2038 scilicet
950 1988 1074 2045 Joannes,
1085 1986 1117 2035 de
1128 2000 1182 2052 quo

651 2060 770 2111 Salvator
787 2060 840 2122 jam
856 2060 962 2108 locutus
978 2068 1026 2118 est,
1043 2058 1088 2123 qui
1105 2057 1182 2107 testi-

651 2132 766 2191 monium
772 2129 896 2196 perhihet
905 2130 937 2180 de
946 2130 996 2190 hia,
1008 2143 1068 2194 quae
1077 2127 1144 2177 vidit
1157 2139 1184 2178 et

650 2203 762 2261 audivit,
777 2211 885 2267 propter
898 2201 971 2267 quod
985 2201 1042 2265 ejus
1059 2198 1182 2249 testimo-

652 2274 729 2323 nium
743 2283 782 2322 cst
797 2271 887 2322 efficax
906 2282 932 2321 et
950 2286 1059 2333 verum3
1074 2275 1099 2320 et
1111 2269 1182 2319 scri-

649 2346 705 2411 psit
718 2346 775 2396 iroec
793 2356 920 2413 tanquam
941 2344 1017 2394 testis
1035 2357 1123 2402 verax,
1140 2352 1181 2393 te-

651 2415 810 2468 stimonium
826 2415 970 2480 perhibens
981 2414 1014 2465 de
1026 2413 1072 2464 eis.
1087 2413 1183 2464 Modus

650 2500 706 2541 erat
728 2488 912 2553 antiquorum,
928 2487 1000 2552 quod
1016 2485 1054 2536 illi
1081 2486 1183 2538 scribe·

650 2570 710 2610 rent
724 2558 874 2617 historiam,
888 2557 935 2622 qui
956 2557 1102 2618 vidissent;
1119 2572 1184 2623 pro·

651 2641 710 2698 pter
734 2631 807 2697 quod
831 2629 929 2680 dicitur
953 2629 1067 2679 historia
1089 2630 1122 2679 ab
1141 2623 1183 2684 ἰσ-

651 2728 681 2767 to
702 2711 743 2768 εἴν
765 2711 838 2775 quod
861 2719 901 2760 est
921 2710 1021 2768 videre,
1042 2708 1106 2775 quia
1128 2697 1177 2774 qui

650 2728 723 2834 vitiet
741 2783 814 2849 quod
838 2780 876 2842 fit,
899 2782 1071 2848 potest'inde
1095 2780 1184 2829 histo-

648 2853 718 2903 riam
745 2864 900 2911 contexere,
923 2863 949 2902 et
972 2850 1033 2901 ideo
1058 2851 1182 2910 Joannes,

650 2924 698 2990 qui
715 2923 796 2973 verba
812 2920 913 2973 Christi
934 2920 1045 2978 audivit,
1067 2930 1093 2968 et
1117 2918 1185 2969 facta

651 2995 709 3056 eius
732 2992 815 3050 vidit,
839 2989 1092 3040 convenientissime
1115 2989 1184 3038 scri-

652 3065 714 3114 bere
741 3061 838 3127 potuit.
860 3059 969 3110 Omissa
996 3069 1085 3109 autem
1110 3058 1183 3109 omni

651 3131 849 3197 comparatione
871 3129 941 3179 inter
961 3129 1029 3179 duos
1049 3128 1115 3178 istos
1140 3127 1184 3177 di-

651 3202 769 3268 scipulos
797 3202 830 3251 de
855 3200 1013 3259 dilectione,
1041 3208 1127 3265 potest
1152 3199 1185 3248 ad

651 3273 811 3338 mysterium
826 3269 926 3332 referri,
942 3280 968 3320 et
983 3271 1094 3336 mystice
1114 3267 1185 3318 acci·

652 3344 678 3410 pi
696 3358 780 3393 :nam
803 3358 851 3408 per
872 3343 921 3391 hos
937 3342 1010 3392 'duos
1032 3342 1131 3407 duplex
1148 3341 1186 3390 si-

652 3414 792 3480 gnificatur
805 3414 868 3473 vira,
880 3413 980 3463 scilicet
992 3411 1076 3462 activa
1088 3421 1113 3462 et
1125 3427 1186 3461 con-

652 3487 815 3553 templativa.
845 3488 893 3536 Per
919 3487 1025 3536 Petrum
1045 3485 1120 3536 enim
1142 3483 1185 3535 cui

653 3561 755 3609 dictum
773 3569 833 3608 est:
850 3559 966 3623 Sequere
984 3572 1033 3618 me,
1049 3558 1124 3608 labor
1138 3572 1187 3606 ex-

654 3628 779 3693 primitur
789 3627 851 3676 vitae
868 3627 972 3689 activae3
989 3627 1021 3676 ad
1037 3641 1119 3692 quam
1132 3640 1188 3691 per-

653 3698 720 3748 tinet
734 3696 937 3746 necessitatibus
948 3695 1133 3760 proximorum
1149 3694 1187 3744 in·

654 3768 761 3830 sudare3
786 3782 816 3816 ac
837 3782 885 3831 pro
906 3767 1016 3817 veritate
1030 3777 1057 3817 et
1076 3763 1184 3830 justitia,

655 3837 678 3888 si
693 3851 800 3888 necesse
818 3835 908 3899 fuerit,
925 3852 1012 3902 usque
1027 3837 1060 3886 ad
1074 3843 1186 3884 mortem
