2626 4328
467 1034 785 1160 VITAE

488 1447 616 1499 DOMINI
633 1449 763 1501 NOSTRI
816 1476 818 1480 >

94 1799 1140 1973 JESUCIIRISTI
1271 1825 1275 1833 ’

285 2329 287 2333 ,
341 2269 513 2356 PARS
570 2268 905 2356 SECUNDA

460 2731 627 2802 CAPUT
659 2731 780 2799 LVIII

97 3003 149 3070 De
173 3003 344 3072 Passione
366 3004 512 3074 Domini
535 3005 652 3074 nostri
675 3005 889 3086 meditando,
916 3004 953 3072 in
971 3001 1146 3093 generali.
1223 3060 1230 3075 x

96 3272 260 3325 1Passton1s
271 3274 595 3328 Doumrnucoannrto.-
650 3293 728 3339 num,
750 3277 978 3344 quemadmodum
1000 3291 1072 3342 saepe
1091 3286 1117 3326 et
1139 3292 1184 3326 se-

63 3345 184 3397 Occurrit
205 3363 289 3408 nunc,
312 3360 341 3400 ut
360 3351 516 3401 Passionem
537 3350 596 3401 Do·
650 3350 715 3401 dqu
729 3350 872 3415 recogitata
887 3349 978 3400 Passio
990 3359 1017 3399 et
1031 3347 1185 3398 humanitas

64 3414 131 3464 mini
147 3417 234 3467 nostri
246 3418 310 3469 Iesu
325 3419 426 3471 Christi
440 3430 595 3482 tractemus,
651 3419 806 3472 salvatoris.
830 3420 884 3481 Qui
911 3436 975 3487 ergo
1001 3420 1029 3470 in
1060 3433 1138 3468 cruce
1162 3429 1187 3468 et

63 3485 95 3534 de
119 3501 174 3551 qua
199 3487 232 3538 ad
256 3489 349 3541 minus
379 3491 477 3557 septies
502 3490 530 3542 in
553 3490 597 3542 die
651 3493 780 3544 Passione
794 3492 903 3543 Domini
923 3492 1057 3544 desiderat
1070 3489 1187 3555 gloriari,

64 3558 195 3609 recordari
214 3559 322 3614 deberet
342 3562 520 3616 Christianus.
537 3565 597 3618 Un·
651 3564 744 3616 sedula
759 3562 935 3614 meditatione
949 3562 1028 3612 debet
1042 3561 1070 3610 in
1085 3574 1115 3609 ea
1130 3574 1188 3624 per-

63 3627 95 3677 de
108 3628 175 3680 dicit
186 3631 357 3697 Bernartius,
372 3635 445 3702 quod
459 3635 597 3703 quotidia—
652 3634 755 3694 sistere,
779 3649 841 3700 quae
862 3633 994 3699 praecipue
1017 3631 1085 3682 inter
1101 3640 1189 3680 cetera

64 3712 97 3748 na
118 3699 199 3751 lectio
215 3701 363 3756 Christiani
377 3706 456 3758 debet
480 3722 538 3758 esse
552 3721 597 3758 re·
652 3706 730 3756 debet
749 3704 825 3756 cordi
847 3714 940 3756 nostro
955 3718 1013 3754 esse
1027 3700 1110 3752 infixa
1131 3716 1137 3747 :
1159 3708 1188 3748 ut

62 3769 182 3821 cordatio
209 3771 358 3826 Dominicae
388 3777 539 3839 Passionis,
572 3786 598 3828 et
653 3776 723 3828 sicut
743 3776 771 3827 in
794 3793 844 3828 suo
868 3791 979 3842 corpore
1001 3773 1138 3826 cicatrices
1161 3782 1187 3820 et

62 3842 134 3904 quod
148 3842 221 3894 nihil
243 3843 281 3896 ita
299 3847 419 3898 accendit
433 3864 478 3899 cor
497 3849 598 3900 huma·
654 3849 766 3899 vulnera
794 3862 899 3913 semper
921 3856 1001 3914 tenet,
1027 3855 1053 3895 et
1079 3841 1189 3904 deeius

122 3956 192 4008 Vm
209 3957 273 4009 issu
285 3959 404 4024 Cnnrsrr,
423 3978 508 4014 nonus
523 3963 564 4014 IV.
1057 3975 1071 4008 I
