2626 4328
103 258 291 320 QUOMODO
309 259 397 309 DOM.
412 256 590 307 APPARUIT
601 254 698 305 SEPT.
708 254 827 307 DISCIP.
837 256 884 305 AD
894 256 993 306 MARE
1008 258 1125 316 TIBER.
1144 277 1195 328 729

66 377 217 429 cruciatum
231 373 350 440 martyrii
370 373 486 424 nolendo
502 371 603 422 voluis-

66 459 117 499 set.
130 447 174 496 Sic
196 462 246 495 nos
263 460 376 512 quoque
393 459 458 494 cum
471 441 603 509 gaudium

66 518 216 585 quaerimus
244 516 352 578 salutis,
376 530 498 565 amarum
517 529 603 580 pocu-

65 592 122 640 lum
138 589 274 638 sumimus
296 585 471 654 purgationis.
493 585 603 636 Amari-

49 660 131 711 'tudo
155 660 266 725 quidem
292 659 321 708 in
349 657 447 724 poculo
468 655 602 722 displicet,

65 733 112 784 sed
135 731 299 783 restituenda
323 747 369 797 per
393 729 601 780 amaritudinem

65 804 140 855 salus
160 805 286 871 placeto
308 804 377 854 Cum
398 817 461 868 ergo
478 798 604 867 cognovit

65 875 202 926 Dominus
221 875 294 940 quod
312 873 496 940 diligeretura
513 874 602 932 Petro,

66 946 191 1011 praedixit
207 946 229 996 ei
246 944 364 995 fructum
378 944 540 1003 dilectionis,
555 943 603 993 sci·

64 1020 131 1069 licet
150 1033 278 1068 coronam
304 1018 437 1083 martyrii,
461 1032 517 1084 quo
539 1031 601 1066 oves

65 1105 181 1156 pascere,
201 1101 228 1139 et
250 1088 393 1139 Ecclesiam
411 1088 600 1155 multiplicare,

65 1169 144 1211 etse
170 1168 248 1225 caput
276 1159 352 1225 sequi
382 1160 500 1210 deberet.
526 1157 602 1227 Unde

65 1231 168 1283 Glosra
183 1248 191 1280 ,·
207 1249 221 1276 n
234 1231 381 1280 Passurum
402 1229 534 1297 praedicit,
553 1227 600 1294 qui

65 1310 227 1366 negaturum
244 1300 415 1366 praedixerat;
427 1301 480 1349 hoc
492 1299 545 1360 jam
558 1313 602 1364 po·

64 1372 137 1432 terit,
154 1372 256 1422 scilicet
276 1371 330 1438 pati
345 1387 393 1437 pro
415 1371 535 1428 Christo,
555 1385 600 1420 ra-

63 1443 142 1494 tione
153 1442 286 1506 firmatus,
301 1443 374 1508 quod
388 1443 533 1492 immature
547 1441 602 1507 pol-

63 1514 195 1565 licebatur
212 1513 346 1563 infirmus.
361 1513 418 1562 Jam
434 1527 490 1562 non
504 1511 602 1561 metuit

63 1587 150 1651 huius
169 1586 231 1636 vitae
253 1586 402 1644 interitum,
418 1585 492 1651 quia,
507 1599 600 1635 resur-

63 1669 144 1726 gente
164 1659 292 1718 Domino,
318 1659 378 1709 vitae
401 1657 512 1708 alterius
529 1673 599 1723 prae-

63 1726 146 1781 cessit
167 1730 331 1795 exemplum.
344 1749 357 1775 n
374 1729 451 1779 Unde
465 1739 491 1779 et
505 1729 599 1796 Chry-

63 1807 214 1851 sortomus:
226 1799 281 1850 uEt
292 1799 423 1849 nimirum
434 1799 485 1848 hoc
495 1799 600 1848 volebat

62 1881 89 1923 et
105 1871 239 1937 cupiebat,
259 1870 358 1920 idcirco
376 1869 400 1920 ei
423 1869 597 1920 manifestum

62 1943 116 1994 hoc
136 1942 208 2002 fecit,
231 1942 295 2008 quia
316 1942 389 1992 enim
410 1941 504 1992 dixit:
526 1941 597 1993 Arti-

62 2031 136 2067 mam
164 2031 252 2065 meam
274 2031 373 2080 ponam
395 2031 444 2080 pro
470 2024 513 2079 te3
539 2026 565 2066 et
589 2031 596 2064 ε

61 2088 184 2139 Etiamsi
197 2088 346 2153 oportuerit
360 2101 400 2136 me
418 2087 487 2139 mori
502 2094 596 2150 tecum,

61 2173 114 2210 non
134 2165 160 2208 te
176 2158 288 2222 negabo,
304 2156 377 2207 dedit
393 2157 416 2207 ei
441 2159 514 2224 quod
531 2159 600 2209 desi:

61 2229 183 2279 derabat.
200 2229 270 2288 Quia
288 2229 361 2278 enim
379 2230 473 2280 Petrus
492 2245 598 2297 semper

62 2302 169 2352 volebat
194 2317 251 2351 esse
275 2300 303 2350 in
328 2302 383 2360 eis,
409 2317 468 2367 quae
493 2318 541 2368 pro
566 2319 598 2353 eo

62 2384 148 2436 erant,
170 2375 297 2441 periculis
318 2391 326 2424 :
349 2374 470 2437 Confide,
493 2375 542 2438 ait,
561 2375 599 2426 ita

61 2448 138 2499 enim
150 2458 227 2497 tuum
244 2448 362 2513 implebo
376 2448 552 2508 desiderium,
567 2458 599 2499 ut

61 2534 125 2585 quae
154 2534 207 2567 non
235 2533 329 2583 passus
357 2534 385 2569 es
408 2517 515 2583 juvenis
539 2518 597 2568 exi-

60 2598 146 2647 stens,
166 2587 219 2637 hoc
239 2597 265 2637 te
289 2591 410 2653 oporteat
431 2587 486 2653 pati
505 2603 597 2639 senem

59 2658 161 2709 factum
179 2675 185 2706 ;
200 2677 214 2704 n
230 2658 286 2708 haec
301 2658 521 2724 Chtyrostomtu.
540 2660 598 2709 Hoc

60 2738 151 2780 autem
166 2730 240 2795 quod
254 2730 290 2779 ait
305 2730 405 2780 :Alius
420 2736 444 2780 te
457 2730 555 2797 cinget,
572 2737 598 2782 at

61 2801 142 2852 ducet
159 2805 190 2861 te,
206 2800 285 2850 debet
300 2803 448 2866 praecedere
458 2801 510 2852 hoc
523 2802 597 2868 quod

60 2870 127 2921 dicit
145 2887 151 2918 :
169 2870 311 2920 Extendes
329 2886 424 2921 manus
444 2877 519 2934 tuas;
534 2888 597 2923 nam

61 2941 90 2990 in
103 2939 213 2990 alterius
228 2940 361 2990 cinctione
374 2940 534 3006 exprimitur
547 2941 599 2992 im-

61 3010 161 3076 positio
184 3011 355 3060 vinculorum
383 3027 397 3061 a
419 3020 597 3076 persecutore.

60 3083 141 3134 Unde
155 3084 345 3149 Augustinus.-
361 3101 374 3129 a
390 3083 541 3146 Extendes,
560 3084 599 3134 in-

60 3152 131 3221 quit,
147 3170 242 3204 manus
256 3160 326 3216 tuat,
343 3153 394 3202 hoc
409 3164 449 3204 est
465 3152 599 3220 crucifige-

61 3225 110 3282 ris,
126 3225 158 3273 ad
181 3225 232 3274 hoc
252 3236 341 3275 autem
362 3234 393 3274 ut
410 3225 511 3286 venias,
526 3224 599 3275 aliur

61 3304 89 3346 te
116 3297 213 3365 cinget,
235 3304 260 3347 et
284 3298 362 3347 ducet
383 3304 420 3361 te;
444 3313 500 3348 non
524 3298 598 3347 enim

61 3369 229 3431 crucifixus,
249 3370 295 3420 sed
319 3369 517 3436 crucifigendus
544 3385 600 3436 quo

62 3441 147 3492 nollet
161 3453 201 3492 est
218 3443 313 3494 ductus
333 3459 339 3492 :
357 3463 368 3488 a
386 3443 444 3493 haec
462 3443 600 3508 Augusti-

61 3529 124 3566 nus.
140 3516 176 3567 Et
193 3516 261 3566 bene
275 3516 340 3565 dicit
357 3533 363 3565 :
381 3515 448 3566 Cum
464 3515 601 3578 senuerit,-

61 3603 126 3637 nam
151 3599 212 3654 post
235 3599 351 3654 tempus,
374 3604 428 3654 quo
450 3588 533 3638 verba
551 3587 602 3639 ista

61 3659 136 3708 dicta
153 3669 226 3724 sunt,
243 3675 328 3725 usque
350 3659 383 3709 ad
399 3669 507 3725 tempus
526 3674 601 3709 mor-

61 3731 99 3781 tis
128 3731 218 3793 Petri,
242 3732 379 3782 fluxerunt
404 3747 467 3782 vere
491 3730 602 3799 triginta

62 3810 167 3865 septem
186 3801 248 3851 anni
265 3819 271 3851 z
288 3801 358 3851 unde
372 3809 453 3867 patet,
467 3802 541 3867 quod
556 3817 601 3853 sa·

61 3871 98 3920 tis
115 3873 203 3923 senex'
215 3881 281 3924 erat.
295 3873 325 3922 ln
345 3871 397 3923 hoc
417 3881 507 3924 autem
526 3873 599 3940 quod

660 369 752 420 Petrus
767 385 831 421 cum
849 371 992 434 senuisset,
1007 383 1033 424 et
1046 390 1130 442 prope
1143 387 1193 428 ter·

658 442 763 492 minum
787 443 849 494 vitae
865 445 920 508 jam
943 457 1022 507 esset,
1036 463 1133 514 passus
1152 461 1193 503 est

657 513 809 564 molestiam
833 515 931 577 crucis,
952 517 1064 583 mystice
1083 519 1192 586 signifi-

656 595 744 636 catum
774 596 823 648 est,
847 589 921 654 quod
943 600 1003 656 post
1030 592 1130 656 peccati
1149 608 1192 644 re-

655 656 816 708 missionem
838 667 895 709 toto
918 669 1039 726 ternpore
1056 661 1121 712 vitae
1136 677 1191 714 suae

655 729 735 780 debet
757 729 841 780 horno
865 746 914 795 pro
936 742 1043 797 peccato
1067 749 1116 784 suo
1140 735 1190 785 do-

655 801 725 861 lere,
747 812 773 852 et
796 803 937 868 usquead
960 802 1107 854 terminum
1127 804 1189 855 vitae

655 872 793 923 miseriam
812 873 956 925 sustinere.
970 873 1049 925 Unde
1064 875 1163 926 Glosra
1180 895 1189 927 .·

656 964 669 992 n
690 945 778 996 Etiam
799 943 921 996 remissis
948 946 1075 1011 peccatis,
1095 949 1189 999 tolerat

654 1016 737 1066 homo
750 1015 899 1075 miseriam,
908 1015 937 1065 in
947 1032 1028 1082 quam
1039 1034 1071 1068 ex
1083 1029 1189 1084 peccato

653 1086 740 1150 venit;
765 1086 922 1152 productior
941 1096 982 1136 est
1002 1103 1081 1152 poena
1105 1105 1187 1155 quam

654 1161 742 1226 culpa,
759 1176 793 1210 ne
816 1174 896 1226 parva
914 1159 1048 1210 videretur
1061 1161 1147 1228 culpa,
1164 1164 1187 1213 si

653 1245 716 1280 cum
741 1230 787 1281 illa
807 1229 930 1280 finiretur
954 1239 980 1279 et
998 1245 1086 1295 poena.
1118 1251 1130 1277 ι
1157 1233 1187 1283 ln

654 1304 731 1353 Petro
747 1312 829 1369 typus
846 1311 888 1352 est
902 1302 1062 1351 secularium
1078 1311 1104 1352 et
1124 1304 1188 1355 reli-

653 1374 793 1440 giosorum
808 1391 815 1424 :
831 1373 958 1424 secularis
974 1373 1048 1424 enim
1061 1390 1116 1440 quo
1131 1377 1189 1427 vult

652 1444 733 1504 vadit,
748 1445 876 1495 dominus
891 1459 946 1494 suae
960 1441 1106 1495 voluntatis
1112 1461 1120 1509 ;
1141 1447 1188 1496 sed

653 1515 794 1581 religiosus
821 1514 970 1582 superioris
985 1514 1117 1580 ligamine
1133 1517 1188 1568 cin·
1276 1579 1277 1583 Ἰ

652 1597 720 1648 ctus,
738 1588 867 1654 gravitate
889 1586 1028 1653 religionis
1046 1588 1147 1650 senior,
1163 1601 1188 1641 et

652 1659 821 1724 professione
832 1658 974 1719 maturior,
990 1671 1122 1726 praecepto
1135 1678 1188 1713 ma-

650 1731 715 1796 joris
738 1730 893 1798 frequenter
921 1729 1028 1782 ducitur
1050 1748 1107 1798 quo
1130 1749 1185 1784 non

650 1803 717 1863 vult,
738 1801 790 1853 nisi
813 1811 920 1869 propter
943 1801 1104 1853 obedientiae
1126 1803 1186 1854 fru-

651 1881 734 1923 ctum.
755 1872 818 1924 Hoc
833 1878 921 1923 autem
944 1872 1019 1922 «extr
1038 1874 1117 1924 Jesus
1131 1874 1184 1925 Pe-

650 1955 709 2008 tro,
736 1945 897 2013 significans
926 1944 992 2011 quia
1018 1956 1088 1996 esset
1121 1963 1185 1997 cru·

650 2017 815 2084 dfigendus,
849 2027 874 2067 et
904 2017 954 2066 hac
981 2023 1066 2067 morte
1097 2018 1183 2069 Deum

650 2088 865 2154 clarificaturus3
881 2087 1040 2152 martyrium
1054 2087 1128 2137 enim
1138 2089 1184 2140 Pe·
1247 2119 1251 2124 -

650 2161 682 2210 tri
698 2161 749 2211 fuit
762 2161 917 2211 ordinatum
932 2159 965 2208 ad
977 2159 1090 2225 gloriam
1111 2159 1159 2211 Dei
1174 2177 1182 2211 t

650 2231 718 2297 quia.
736 2231 807 2281 sicut
828 2245 862 2280 ne
890 2229 1041 2294 cingeretur
1067 2228 1184 2280 vinculis

649 2318 712 2352 cum
733 2301 861 2360 Domino,
876 2299 1017 2350 Christum
1032 2299 1184 2351 obscuravit

650 2371 677 2421 in
694 2371 822 2422 cordibus
837 2368 1007 2420 audientium
1028 2368 1182 2434 negatione;

650 2444 686 2495 ita
714 2442 884 2494 extendendo
911 2456 1008 2492 manus
1038 2440 1067 2490 in
1098 2440 1182 2492 simili

649 2529 727 2564 cruce
757 2513 828 2564 sicut
854 2511 998 2575 Christus,
1026 2510 1185 2578 glorificavit

650 2585 791 2639 Christum
814 2601 861 2651 per
879 2585 1034 2649 exemplum
1054 2594 1183 2635 constan-

650 2659 693 2709 tiae
708 2658 735 2709 in
744 2657 867 2708 veritatis
878 2655 1055 2718 confessione,
1074 2655 1102 2706 in
1117 2656 1184 2706 auri-

650 2730 703 2781 bus
711 2726 923 2793 crucifigentium
934 2735 1075 2776 tortorum.
1086 2727 1186 2785 Quam-

648 2801 777 2852 vis-enim
801 2800 930 2851 Christus
949 2815 1003 2849 non
1027 2797 1184 2848 clarificetur

651 2873 680 2923 in
694 2887 722 2923 se
734 2887 749 2921 a
763 2869 842 2920 malis
862 2879 888 2918 et
911 2867 1076 2927 infidelibus,
1095 2876 1182 2916 tamen

649 2941 809 2993 clarificatur
830 2937 951 3004 quotidie
966 2952 1014 3003 per
1031 2937 1181 3002 exemplum

651 3013 785 3080 patientiae
800 3027 817 3062 a
833 3009 934 3062 sanctis
949 3019 975 3058 et
991 3008 1071 3058 bonis
1093 3007 1183 3076 fideli-

651 3088 712 3136 hus.
732 3085 805 3134 Mors
825 3097 888 3147 ergo
909 3082 1068 3130 Sanctorum
1090 3090 1131 3130 est
1150 3079 1184 3130 ad

650 3154 763 3222 gloriam
774 3152 886 3214 Christi,
897 3151 962 3217 quia
978 3165 1011 3201 ex
1026 3151 1079 3200 hoc
1090 3160 1184 3201 osten-

651 3227 725 3276 ditur
738 3223 897 3289 magnitudo
911 3221 1032 3285 Domini,
1047 3221 1121 3287 quod
1136 3236 1184 3288 pro
1258 3282 1261 3290 Ι

652 3298 709 3363 ejus
728 3296 838 3347 veritate
861 3304 887 3344 et
909 3293 963 3343 fide
984 3291 1072 3342 Sancti
1101 3308 1185 3359 erpo-

653 3379 724 3421 nunt
736 3385 765 3420 se
779 3367 870 3418 morti.
886 3367 955 3417 Cum
973 3365 1047 3415 enim
1062 3365 1104 3416 vis
1116 3381 1188 3416 atno-

652 3441 689 3492 ris
704 3456 797 3508 graves
815 3439 904 3489 vincat
924 3437 1060 3489 molestias
1081 3437 1186 3497 mortis,

653 3512 771 3580 profecto
793 3513 923 3577 Martyres
937 3519 1023 3560 morte
1039 3525 1087 3561 sua
1102 3511 1188 3562 Deum

653 3585 808 3646 clarificant,
836 3583 1010 3635 ostendentes
1032 3599 1072 3643 aa,
1100 3599 1189 3651 quan-

654 3668 713 3709 tum
738 3657 872 3708 colendus·
888 3665 919 3707 et·
932 3654 1068 3705 amandus
1089 3654 1132 3706 sit.
1157 3653 1189 3704 Et

654 3738 721 3798 nota
747 3728 821 3794 quod
849 3725 975 3778 Christus
1001 3725 1030 3776 in
1055 3723 1188 3775 directum

654 3798 798 3852 crucifixus
810 3807 863 3861 est3
890 3797 986 3848 Petrus
1005 3810 1068 3846 vero
1089 3794 1123 3844 ob
1143 3807 1188 3842 re-

655 3869 804 3924 verentium
825 3868 993 3920 Domtnttn
1013 3862 1207 3917 contraitum,
