2626 4328
341 299 388 349 DE
401 301 527 361 SEXTA,
534 301 570 352 IN
589 299 758 352 PASSIONE
771 301 909 353 DOMINI.

103 432 187 484 qmm
195 417 240 467 rel
255 415 369 477 meritis,
388 416 436 465 sed
448 417 552 466 occulto
567 415 639 482 judi-

102 491 146 541 cio
159 489 212 540 Dei
224 490 255 540 in
274 489 379 540 unitate
399 489 461 540 fidei
474 490 638 540 conceditur.

101 561 260 612 Secundum
268 562 474 628 Hieronymum,
483 561 640 611 vestimenta

104 631 211 683 Christi
222 643 297 693 sunt,
313 631 415 698 quibus
429 633 529 698 tegitur
541 647 640 698 corpus

103 702 172 768 eius,
186 702 292 754 seilicet
308 703 441 768 Ecclesia;
453 713 569 768 quatuor
582 701 639 752 mi-

103 775 166 826 lites
190 775 293 842 quibus
316 777 400 843 divisa
422 787 499 836 sunt,
522 786 639 843 quatuor

103 859 204 911 genera
220 847 367 898 hominum
385 848 486 915 quibus
500 847 561 898 dats
574 855 638 897 sunt

104 926 247 991 precepta
276 919 380 969 scilicet
398 937 405 969 ι
424 919 569 985 conjugati,
593 918 637 969 vi-

104 987 190 1048 disti,
211 989 323 1054 praelati,
335 990 463 1056 religiosi,
481 1006 529 1040 seu
547 989 638 1040 conti-

103 1069 220 1110 nentes:
235 1061 265 1111 hi
279 1077 375 1112 omnes
386 1062 512 1113 dicuntur
526 1061 638 1123 milites,

102 1131 169 1196 quie
185 1132 286 1183 debent
308 1133 423 1184 militare
442 1134 569 1194 Christo,
589 1149 637 1199 per

102 1204 267 1255 obedientiae
275 1206 475 1271 perfectionem,
489 1222 546 1256 non
559 1221 637 1255 mun-

102 1277 150 1337 do,
162 1293 210 1343 per
221 1281 411 1345 temporalium
432 1295 562 1338 amorem,
581 1295 637 1331 non

99 1347 219 1410 diaholo,
241 1365 288 1415 per
313 1361 479 1416 peccatorum
498 1363 636 1419 perpetra-

98 1418 214 1470 tionem.
224 1421 330 1471 Tunica
345 1420 517 1474 inconsutilis
530 1434 557 1474 et
568 1424 638 1474 indi·

98 1489 158 1540 visa
183 1499 226 1540 est
248 1491 336 1542 unitas
358 1493 534 1544 ecclesiastica
549 1510 636 1561 usque

100 1562 133 1613 in
153 1563 237 1615 finem
257 1567 393 1616 duratura.
409 1569 472 1618 Sors
485 1584 545 1633 qnae
565 1569 637 1620 hanc

99 1635 223 1686 tithicam
234 1636 284 1686 uni
299 1637 428 1702 assignat,
443 1655 497 1688 non
509 1639 567 1704 alii,
581 1639 635 1690 sci-

98 1704 165 1755 licet
177 1704 269 1768 lideli,
285 1724 343 1758 non
355 1707 459 1759 infideli
472 1748 478 1769 ,
493 1720 535 1760 est
550 1711 635 1776 gratia

99 1775 163 1841 Dei,
176 1792 238 1844 quae
249 1778 330 1829 etiam
349 1780 431 1845 huius
443 1780 554 1831 unitatis
568 1782 635 1832 inte-

96 1846 228 1912 gritatem
255 1860 400 1901 mnservat.
436 1851 539 1901 Christi
570 1866 633 1917 ergo

99 1917 195 1969 tunica
214 1921 311 1984 partita
333 1937 389 1970 non
404 1921 469 1984 iuit;
489 1923 547 1982 sed,
560 1921 634 1973 heul

99 1991 196 2056 hodie,
209 1995 323 2058 peccatis
335 1996 518 2061 exigentibus
530 1996 632 2047 Christi

98 2062 193 2113 tunica
203 2063 383 2126 inconsutilis,
401 2066 503 2117 scilicet
516 2067 633 2119 Ecclesia

96 2132 230 2196 militans,
243 2151 323 2200 prave
336 2137 468 2188 scinditur
480 2177 489 2198 ,
501 2138 633 2189 dissuitur

95 2216 128 2258 et
145 2207 279 2259 sottimrl
301 2210 379 2269 Quod
402 2212 524 2263 Gentiles
546 2212 633 2264 facere

96 2280 263 2342 noluemnt,
279 2282 342 2343 hoc,
356 2285 424 2349 proh
441 2285 532 2336 dolor!
547 2286 631 2336 Chri-

94 2351 178 2401 stiani
199 2351 284 2403 faeere
306 2371 362 2404 non
386 2357 529 2408 verentur!
551 2359 631 2408 Scin·

95 2421 168 2473 duur
191 2438 252 2473 eam
275 2425 406 2488 heretici,
429 2437 521 2478 contra
544 2427 630 2493 ipsam

94 2491 217 2544 diversas
226 2495 372 2546 sententias
386 2496 549 2561 inducend03
565 2499 633 2549 scin-

95 2561 171 2614 dunt
187 2579 248 2614 eam
270 2565 342 2626 laici,
368 2567 530 2632 affiigend03
555 2585 630 2621 eam-

96 2631 217 2700 demque
230 2634 300 2684 inter
317 2651 347 2685 se
359 2637 446 2687 clerici
462 2639 629 2702 sortiuntur,

97 2711 125 2752 et
137 2705 217 2766 orius
226 2705 277 2754 erit
290 2720 351 2754 eam
366 2707 430 2756 dolo
445 2719 470 2757 et
487 2708 631 2762 fraudibus

95 2773 252 2838 partiuntur
269 2793 280 2825 ·.
297 2791 380 2827 unus
400 2778 467 2829 dicit
498 2779 543 2830 hic
572 2792 631 2842 est,

95 2844 169 2896 alius
190 2846 242 2897 hic
256 2854 314 2898 'esa
347 2848 371 2898 0
403 2849 506 2900 Christi
529 2852 632 2914 tunica,

94 2929 179 2981 quam
190 2917 309 2982 pessima
321 2928 362 2968 est
376 2918 474 2969 divisio
490 2922 551 2972 tua!
574 2923 633 2973 Ve-

94 2985 226 3036 stimenta
244 2989 325 3038 etiam
340 2989 441 3040 Christi
455 2991 562 3056 dividit,
581 2993 629 3060 qui

93 3057 220 3107 eeclesias
235 3059 360 3123 spoliare,
372 3063 414 3109 vel
429 3076 473 3110 res
489 3063 630 3126 proximo-

94 3139 160 3178 rum
175 3128 328 3179 distrahere
340 3131 490 3195 praesutnit.

128 3213 161 3263 η
175 3198 285 3249 Divisio
301 3216 523 3252 vnsrtrrnitronuu
541 3203 628 3254 Citar-

92 3282 145 3329 srr,
159 3284 320 3320 murtrum
339 3287 373 3320 ex
392 3287 434 3334 nn,
457 3288 542 3324 ierus
560 3289 627 3324 cou-

92 3353 275 3390 roruurrorus
303 3357 336 3390 nr
360 3358 468 3394 onnrro.
494 3372 524 3380 -
547 3344 628 3396 Vides

91 3423 158 3475 ergo
169 3411 309 3476 quomodo
324 3424 409 3463 vestes
421 3413 521 3464 Christi
531 3415 629 3465 dantur

92 3480 122 3530 in
141 3483 264 3546 praedam
286 3484 421 3535 militibus
445 3487 518 3536 sicut
542 3498 628 3539 vestes

91 3550 296 3604 interfectorum
323 3555 381 3605 dari
408 3559 496 3607 solent
518 3558 629 3608 tortori·

94 3621 157 3674 bus.
180 3623 225 3674 Ex
246 3639 302 3690 quo
326 3626 380 3676 duo
400 3628 551 3677 docemur:
568 3629 628 3694 pri-

94 3710 187 3757 mum,
199 3697 340 3748 Passionis.
354 3699 457 3750 Christi
466 3701 631 3767 ignominia,

94 3766 125 3817 in
145 3767 199 3819 hoc
218 3771 292 3835 quod
312 3771 416 3821 nudum
435 3788 499 3823 eum
519 3775 628 3824 crucifi-

95 3849 204 3900 xerunt,
227 3842 301 3906 quod
320 3858 376 3893 non
403 3843 433 3894 fit
454 3844 508 3894 nisi
527 3845 628 3897 vilibus

95 3912 236 3978 personis,
243 3916 404 3978 mundaum,
414 3917 628 3984 crucifigentium

1174 321 1227 372 ³77

693 416 811 476 avaritia,
826 419 890 484 quia
903 431 992 471 restes
1002 420 1115 480 Christi,
1126 435 1225 487 quam-

692 486 735 536 vis
757 502 851 554 parurn
871 491 999 549 valerent,
1017 506 1112 541 omnes
1131 502 1222 542 tamen

692 557 746 607 sibi
770 572 926 626 rapuerunt.
950 561 1024 612 Unde
1052 562 1222 628 Chrysorro-

692 643 752 680 mtrs
766 647 776 680 r
793 649 806 676 n
819 631 952 682 Dividunt
962 632 1130 691 vestimenta,
1147 633 1221 698 quod

691 698 721 750 in
740 701 817 750 valde
835 701 936 753 vilibus
957 713 985 753 et
1008 702 1116 767 abjectis
1143 717 1221 752 com-

691 772 823 822 demnatis
833 771 873 833 fit,
888 786 914 824 et
928 774 999 825 nihil
1009 774 1082 825 aliud
1094 773 1222 824 habenti-

692 842 752 892 bus.
774 843 857 903 Quasi
877 845 950 894 cnim
969 845 997 894 in
1013 845 1221 904 dehonoratum,

690 923 719 963 et
726 913 870 980 abjectum,
880 927 906 965 et
919 916 1044 967 omnium
1057 915 1220 968 vilissimum

691 989 742 1041 hoc
767 990 804 1041 ita
828 991 980 1051 audebant,
1006 991 1034 1041 in
1068 991 1219 1041 latronibus

690 1060 791 1127 quippe
813 1061 883 1111 nihil
897 1063 949 1112 tale
969 1061 1070 1128 operati
1085 1071 1158 1121 sunt,
1172 1061 1220 1111 sed

690 1133 719 1182 in
752 1133 862 1183 Christo
893 1133 986 1183 omnia
1012 1133 1072 1183 ausi
1104 1144 1175 1183 sunt.
1203 1150 1218 1177 n

689 1204 760 1255 Dicit
777 1204 857 1254 etiam
884 1204 1055 1269 Theophilus,
1070 1205 1143 1270 quod
1160 1202 1220 1253 for-

689 1277 759 1327 sitan
792 1279 883 1343 plures
909 1293 1004 1327 eorum
1034 1278 1157 1343 egebant,
1177 1277 1220 1327 vel

689 1347 758 1398 forte
775 1348 861 1414 magis
877 1348 910 1398 ad
935 1348 1122 1413 opprobrium,
1140 1356 1170 1398 et
1187 1363 1219 1398 ex

689 1419 806 1484 quadam
846 1419 955 1469 lascivia
986 1419 1038 1468 hoc
1077 1418 1221 1469 faciebant.

689 1489 772 1550 Quasi
789 1490 978 1541 subsannative
991 1490 1109 1540 dicerent
1124 1506 1133 1539 ι
1147 1489 1220 1550 Quia

689 1560 739 1612 iste
751 1561 821 1611 dixit
832 1577 861 1612 se
875 1577 979 1627 regem,
996 1563 1146 1612 habeamus
1156 1561 1219 1611 sin-

688 1632 744 1698 guli
759 1633 862 1699 aliquid
877 1634 911 1683 de
923 1633 1056 1699 regalibus
1069 1632 1218 1683 vestimen-

687 1703 722 1753 tis
740 1703 807 1768 ejus.
823 1705 870 1756 Est
879 1715 969 1755 autem
982 1705 1105 1755 miranda
1117 1705 1220 1769 patien-

687 1776 725 1827 tia
761 1787 790 1827 et
822 1777 987 1843 dispensatio
1027 1777 1217 1829 misericordia

685 1846 840 1910 Salvatoris,
855 1849 901 1915 qui
914 1848 985 1899 sicut
997 1863 1084 1914 agnus
1098 1847 1217 1898 tonden-

686 1927 788 1968 temet
807 1917 974 1969 occidentem
997 1935 1026 1969 se
1048 1934 1098 1969 suo
1118 1919 1216 1969 vellere

685 1987 783 2052 vestit;
804 1988 841 2038 ita
865 2004 895 2039 se
916 1990 1057 2040 tondentes
1079 2005 1127 2039 seu
1150 2004 1218 2054 spo—

685 2061 783 2111 liantes
807 2071 836 2111 et
858 2063 1008 2114 occidentes
1040 2079 1090 2114 suo
1115 2062 1215 2113 vestitu

684 2131 800 2193 vestivit,
824 2135 969 2184 ostendens
987 2135 1060 2199 quod
1081 2133 1136 2183 nisi
1158 2131 1216 2183 suis

684 2205 816 2270 exernplis
840 2206 1012 2266 vestirentur,
1037 2204 1216 2271 ignominiose

685 2275 793 2326 nuditas
805 2291 900 2325 eorum
922 2285 992 2326 esset
1014 2291 1104 2326 corant
1128 2273 1216 2324 oculis

684 2345 733 2395 Dei
747 2354 773 2394 et
783 2346 950 2411 Angelorum
963 2361 1102 2412 apparens.
1114 2344 1216 2394 Existo

683 2416 798 2465 articulo
822 2417 965 2468 divisionis
992 2417 1215 2467 vestimentorum

685 2487 787 2536 Christi
807 2490 884 2554 plura
899 2489 1036 2551 habentur
1044 2489 1213 2538 documenta.

685 2559 806 2610 Primum
829 2571 879 2622 est,
895 2563 969 2627 quod
992 2562 1106 2612 libenter
1131 2560 1217 2611 debe-

685 2646 749 2681 mus
771 2632 929 2698 participare
952 2633 1075 2698 exempla
1099 2633 1215 2681 Sancto-

683 2717 829 2769 rum,quae
852 2719 899 2768 per
922 2704 1081 2754 vestimenta
1103 2701 1214 2752 Domini

683 2772 831 2838 signantur.
856 2775 922 2824 ltem
947 2786 988 2824 est
1010 2775 1214 2834 documentum,

683 2845 832 2896 secundum
849 2847 1055 2912 Hieronymum,
1070 2842 1144 2908 quod
1163 2842 1214 2891 oh·

684 2918 816 2968 servantia
849 2920 1037 2968 mandatorum
1062 2917 1131 2975 Dei,
1153 2929 1216 2981 quae

683 2988 764 3037 etiarn
796 3003 843 3054 per
868 2983 1026 3038 vestimenta
1050 2987 1212 3052 signantur,

683 3069 724 3110 est
738 3060 882 3110 dividenda
896 3061 966 3110 inter
987 3059 1156 3109 Christianos
1169 3073 1213 3108 se·

683 3132 803 3181 cundum
819 3133 939 3183 diversos
955 3131 1099 3181 hominurn
1118 3138 1213 3182 statue

682 3203 749 3252 ltetn
758 3213 799 3252 est
811 3203 1014 3262 documentum,
1025 3203 1098 3269 quod
1111 3203 1216 3253 honum

683 3281 723 3322 est
748 3272 867 3324 dividere
890 3274 1018 3341 reliquias
1042 3275 1216 3334 Sanctorum,

682 3357 731 3407 pro
752 3344 901 3404 devotione,
915 3347 948 3394 ad
972 3360 1066 3395 eorum
1081 3345 1214 3395 honorem

682 3413 877 3480 ampliandum.
892 3415 971 3474 Quod
986 3415 1060 3466 enim
1079 3413 1125 3465 isti
1140 3414 1215 3466 mili-

682 3496 724 3536 tes
743 3487 839 3552 pagani
851 3488 972 3538 lecerunt
986 3489 1095 3538 Christo
1109 3487 1137 3538 in
1162 3503 1213 3553 op-

683 3557 825 3622 probrium
847 3569 872 3608 et
888 3559 1063 3619 derisionem,
1078 3559 1131 3609 hoc
1150 3555 1214 3609 boni

683 3629 831 3682 Christiani
859 3646 1013 3682 convertere
1047 3632 1146 3681 debent
1179 3629 1213 3682 ad

683 3699 783 3751 Christi
794 3711 821 3751 et
832 3701 991 3752 Sanctorum
1007 3702 1172 3769 praeconium
1187 3709 1215 3750 et

683 3774 833 3836 honorem;
847 3773 918 3825 sicut
928 3776 1030 3826 multos
1048 3775 1116 3825 ritus
1131 3788 1214 3840 paga-

683 3845 758 3898 nicos
769 3846 918 3898 Christiani
933 3856 1092 3899 convertunt
1106 3848 1141 3896 ad
1154 3845 1215 3896 cul-
1242 3873 1245 3880 ·

682 3929 744 3972 tum
762 3919 820 3972 Dei.
847 3922 914 3972 ltem
941 3932 982 3971 est
1005 3926 1215 3976 documentum,
1238 3928 1240 3933 ’
