2626 4328
117 239 169 308 738

115 355 268 408 manifestat
280 360 320 410 eis
335 362 449 427 qualiter
463 373 503 413 est
516 362 650 412 Dominus

116 429 251 491 omnium,
264 424 309 483 dat
319 434 358 485 eis
372 437 528 487 mandatum
540 438 572 487 de
585 451 650 501 prae-

116 499 238 564 dicando,
266 514 292 554 et
312 505 357 554 dat
376 505 491 557 formam
506 508 649 573 Baptismi,

118 573 162 622 dat
178 585 204 623 et
218 575 339 641 vigorem
354 580 562 643 permaximum,
582 580 648 631 dum

118 642 269 710 dicitquod
282 663 388 713 semper
403 666 464 699 curn
485 653 524 702 eis
546 651 605 702 erit.
619 653 652 703 Et

118 726 192 766 stans
217 719 352 785 benignus
384 722 551 775 familiariter
582 725 652 774 inter

121 802 175 846 eos,
191 790 336 852 praedicans
348 802 374 843 et
395 794 503 860 loquens
520 796 553 846 de
566 810 652 862 regno

121 857 174 907 Det'
187 875 284 924 magna
295 877 341 912 eos
354 865 517 928 jucunditate
531 866 652 931 replevit,

122 939 148 977 et
161 928 254 979 laetitia
270 931 452 986 inenarrabili.
467 934 549 985 Vides
563 951 652 1001 quan-

121 1008 174 1048 tam
190 1002 402 1054 consolationem
417 1006 462 1056 dat
474 1006 522 1066 eis,
538 1016 564 1056 et
579 1006 652 1073 quod

121 1071 238 1121 ostendit
258 1073 377 1140 insignia
390 1078 518 1128 caritatis.
536 1080 654 1144 Apparet

122 1152 211 1191 autem
245 1146 317 1210 quod
346 1146 390 1197 isti
416 1149 564 1200 Dominum
592 1167 654 1200 cum

121 1214 255 1266 desiderio
269 1228 294 1267 et
307 1221 489 1272 sollicitudine
504 1233 655 1287 exspectare

123 1298 296 1351 curaverunt3
313 1302 339 1340 et
355 1292 415 1342 ideo
431 1294 483 1342 laeti
501 1309 563 1344 eum
580 1293 655 1360 aspi-

395 243 569 296 SECUNDAE
587 244 710 294 PARTlS
724 243 841 294 CAPUT
858 243 971 293 LXXXI.

703 375 762 410 cere
777 370 944 410 meruerunt.
962 360 1006 409 Sic
1019 368 1045 408 et
1061 373 1111 408 nos
1126 357 1244 408 contin-

704 432 764 500 g‘ere
778 435 950 491 sentiremus,
971 432 1037 482 siin
1060 432 1242 497 exspectando

704 507 853 556 Dominum
869 517 895 556 et
919 506 1063 556 adventum
1089 505 1156 569 ejus,
1183 502 1242 554 fer-

706 579 760 629 vidi
777 590 804 629 et
827 578 936 628 solliciti
953 592 1083 627 essemus.
1109 577 1159 626 Per
1172 575 1245 626 istos

705 649 805 715 quibus
819 649 953 698 Dominus
974 649 1002 696 in
1018 657 1110 696 monte
1128 646 1245 696 Thabor

706 721 833 788 praedicto
858 720 1001 786 apparuit,
1037 718 1241 785 contemplativi

706 794 896 859 designantur,
925 793 989 859 quia
1012 793 1041 842 in
1065 793 1117 842 hoc
1148 801 1243 842 monte

706 864 911 930 transfiguratus
944 865 1060 927 dicitur,
1088 874 1114 914 et
1140 863 1244 914 talibus

707 936 765 1002 ipse
788 935 942 1001 frequenter
965 950 1090 1000 apparere
1104 934 1243 1000 dignatur.

708 1006 810 1056 Deinde
836 1007 967 1056 Dominus
993 1007 1027 1055 ab
1051 1006 1090 1055 eis
1108 1004 1243 1064 discessit,

707 1088 734 1128 et
756 1093 831 1128 more
857 1078 936 1126 solito
960 1078 993 1126 ad
1020 1086 1127 1126 sanctos
1153 1077 1245 1126 Patres

708 1150 803 1212 rediit;
828 1148 955 1213 discipuli
978 1164 1041 1198 vero
1062 1163 1124 1198 cum
1144 1161 1247 1212 magno

709 1220 806 1284 gaudio
832 1230 1028 1277 remanserunt,
1055 1229 1089 1268 et=
1104 1227 1200 1284 postea
1216 1217 1244 1266 in

707 1294 855 1343 Jerusalem
866 1293 1010 1342 redierunt.

608 1566 745 1617 ORATIO

157 1756 274 1806 Domine
290 1759 353 1808 Jesu
368 1757 483 1818 Christe,
501 1758 551 1808 Fili
568 1758 616 1809 Dei
633 1757 697 1819 vivi,
718 1759 765 1825 qui
784 1760 865 1808 corda
885 1758 1091 1823 discipulorum,
1113 1756 1147 1808 de
1162 1765 1250 1807 morte

128 1839 173 1878 tua
194 1830 355 1891 dolentium,
374 1844 426 1881 tuae
447 1832 617 1882 exhibitione
637 1832 789 1897 praesentiae
811 1832 908 1897 gaudio
925 1829 1086 1889 incredibili,
1106 1829 1136 1879 in
1156 1838 1249 1879 monte

127 1899 167 1948 eis
179 1914 320 1964 apparens,
335 1899 487 1967 perfudisti,
506 1903 539 1951 da
559 1901 628 1951 mihi
645 1902 756 1962 misero,
770 1911 800 1952 ut
816 1917 888 1951 nunc
901 1900 1090 1950 celsitudinem
1106 1897 1250 1967 perfectio-

128 1968 171 2018 nis
185 1971 342 2031 ascendens,
358 1971 386 2021 in
401 1971 455 2021 ima
469 1971 591 2022 studeam
606 1971 738 2022 desideria
752 1982 920 2022 terrenorum
935 1973 1043 2030 calcare,
1059 1980 1085 2020 et
1096 1970 1130 2019 ab
1145 1967 1250 2020 infimis

124 2042 310 2106 voluptatibus
331 2045 363 2093 ad
379 2059 496 2105 superna
513 2043 648 2112 desideria
666 2043 795 2107 transire3
813 2054 945 2110 quatenus
962 2054 987 2093 te
1001 2057 1105 2092 merear
1121 2041 1251 2108 quando-

124 2129 177 2179 que
194 2115 221 2163 in
237 2115 380 2166 altitudine
397 2116 525 2166 coelorum
549 2114 649 2165 videre.
675 2115 730 2164 Fac
754 2114 846 2174 etiam,
869 2114 995 2172 Domine,
1019 2128 1062 2162 me
1083 2112 1177 2162 omnia
1191 2127 1251 2178 quae

126 2186 259 2236 mandasti
274 2202 392 2250 servare;
418 2198 443 2237 et
463 2203 541 2238 mane
560 2187 703 2237 nobiscum
723 2187 750 2236 in
774 2187 826 2236 hoc
852 2187 943 2236 seculo
969 2184 1138 2251 protegendo
1162 2193 1189 2233 et
1214 2182 1252 2231 di-

127 2257 250 2324 rigendo,
272 2267 298 2309 et
318 2270 379 2324 post
404 2258 487 2310 finem
510 2259 592 2310 seculi
617 2259 821 2318 remunerando,
844 2268 870 2308 et
891 2257 949 2307 sine
967 2257 1019 2307 fine
1038 2267 1086 2306 tua
1105 2253 1251 2321 praesentia

132 2330 263 2381 satiando.
286 2332 385 2382 Amen.

519 2703 686 2804 cnm
710 2734 859 2802 Lxxxr

324 3012 500 3104 Epilogus
522 3010 784 3103 apparitionum
813 3009 960 3080 Domini
978 3022 1059 3102 post

537 3127 853 3198 Resurrectionem.

721 3411 799 3465 runt;
822 3400 856 3451 de
876 3381 1103 3466 quibus'tantum
1121 3398 1215 3448 decem
1229 3397 1256 3446 in

721 3473 866 3539 Evangelio
880 3472 983 3538 scripta
996 3480 1072 3522 sunt.
1085 3472 1164 3521 Potes
1175 3469 1256 3521 etiam

167 3424 177 3458 1
197 3411 327 3461 Nuunnus
343 3425 541 3460 arnnnrrronutt
555 3410 666 3461 Cuarsrt

132 3495 166 3530 ar
181 3497 341 3532 annuarum
362 3497 458 3540 Quraus
472 3496 542 3532 sumt
557 3482 666 3532 Ruson-

132 3565 281 3601 nucrmusu
309 3569 498 3604 conenomvtr.
524 3581 553 3591 -
577 3553 666 3602 Habes

130 3625 214 3694 igitur
236 3623 380 3674 duodecim
397 3623 589 3689 apparitiones,
605 3633 667 3689 post

129 3693 241 3748 Domini
271 3695 505 3745 Resurrectionem
525 3709 611 3760 usque
632 3693 666 3743 ad

131 3764 332 3827 Ascensionem,
355 3766 457 3831 absque
477 3765 582 3816 duabus
603 3779 666 3815 cum

131 3837 296 3890 Ascensione
324 3835 447 3900 proximo
468 3835 610 3898 dicendis;
640 3843 666 3883 et

133 3912 172 3964 sic
193 3908 373 3978 apparitiones
395 3907 599 3975 quatuordecim
612 3906 667 3957 fue

722 3545 844 3597 meditari
861 3546 894 3595 de
914 3544 1058 3610 pluribus:
1076 3558 1139 3593 nam
1159 3539 1256 3592 verisi-

721 3618 786 3668 mile
801 3626 849 3676 est‚
871 3616 944 3682 quod
967 3615 1099 3681 benignus
1121 3612 1257 3664 Dominus

721 3706 791 3757 saepe
808 3692 919 3740 Matrem
934 3699 960 3740 et
976 3688 1133 3753 discipulos,
1156 3696 1182 3736 et
1197 3687 1256 3736 Ma-

721 3761 862 3827 gdalenam
884 3759 1007 3810 dilectam
1033 3758 1194 3824 discipulam
1212 3754 1256 3806 vi-

722 3834 828 3890 sitavit.
865 3831 1015 3883 confortans
1048 3840 1075 3880 et
1103 3829 1257 3880 exhilarans

721 3920 782 3966 eos,
805 3904 853 3970 qui
877 3901 916 3952 sic
940 3902 1113 3951 vehementer
1148 3899 1181 3948 de
1209 3911 1257 3948 sua
