2626 4328
140 269 187 318 DE
195 268 319 319 APPAR.
332 268 462 330 Petito,
473 267 616 328 JosEPH,
626 265 745 319 JACOB.
759 268 899 331 Mmom,
913 269 1004 332 ETC,
1021 272 1160 323 FACTA,
1174 271 1231 342 697

107 398 246 448 nunquam
260 383 375 434 dimittit
387 383 446 434 sine
460 383 646 434 consolatione

106 462 132 500 et
148 453 238 518 aliqua
259 454 359 503 salubri
374 454 550 514 revelatione,
570 454 643 519 qtsod

105 534 182 589 patet.
206 527 234 575 in
264 527 394 577 omnibus
426 527 646 593 apparitionibus

104 605 166 660 post
197 597 440 648 Resurrectionem,
456 597 541 648 factis.
572 599 642 648 Nam
665 624 677 648 ,ι

104 665 196 715 Maria
215 668 293 716 Matri
309 683 364 718 suae
388 685 443 733 prae
467 669 560 718 ceteris
580 669 646 734 plus·

103 738 136 786 <le
160 749 246 789 morte
261 741 317 804 ejus
331 741 448 800 dolenti,
466 751 492 790 et
507 741 640 790 Resurre-

102 810 220 860 ctionem
233 813 289 876 ejus
301 812 461 878 exspectanti
476 823 549 863 totus
563 813 639 862 festi-

103 885 639 950 nusetgloriosusapparens‚totummoe·

101 969 189 1004 rorem
206 957 234 1005 in
251 957 530 1020 laetitiamconverti13
547 959 637 1024 itaque

101 1028 193 1077 omnis
219 1029 321 1078 doloris
344 1031 451 1094 pristini
466 1031 549 1081 oblita
574 1029 634 1080 fuit.

100 1097 212 1147 Mariam
228 1098 309 1149 etiam
331 1101 525 1166 Magdalenam‚
547 1100 590 1150 cui
607 1101 635 1150 in

99 1170 188 1232 specie
208 1171 346 1221 hortulani
371 1172 505 1239 apparuit,
521 1174 634 1239 ploran-

97 1248 152 1288 tem
168 1243 364 1302 consolabatur,
385 1259 483 1293 vocans
498 1260 555 1294 eam
570 1261 634 1310 pro-

97 1309 157 1370 prio
169 1314 279 1362 nomine
290 1323 316 1362 et
327 1313 420 1363 dicens
436 1331 442 1363 ε
459 1314 565 1374 Maria,
579 1331 634 1381 quo

94 1381 178 1430 verbo
189 1383 282 1432 statim
296 1399 435 1443 conversa,
448 1400 477 1434 ac
492 1385 632 1436 consolata

95 1462 122 1501 et
154 1451 246 1501 edocta
274 1469 439 1518 cognoscens
458 1455 631 1517 Dominum,

93 1539 158 1573 cum
171 1524 268 1589 gaudio
279 1541 378 1590 magno
391 1525 459 1574 dixit
474 1542 481 1574 :
495 1525 630 1591 Rabboni,

93 1594 274 1659 revelavitque
284 1595 308 1644 ei
323 1595 459 1646 Dominus
471 1597 629 1662 mysterium

90 1681 145 1715 suae
170 1665 322 1727 voluntatis,
338 1667 431 1716 dicens
458 1685 464 1717 :
499 1668 573 1718 Vade
593 1670 631 1719 ad

91 1736 195 1789 fratres
209 1746 316 1801 meos,et
331 1740 376 1789 dic
386 1740 425 1791 eis
436 1757 444 1789 .·
454 1741 577 1790 Ascendo
593 1741 630 1790 ad

91 1808 203 1857 Patrem
229 1823 321 1858 meum.
336 1811 416 1867 Item,
433 1818 486 1859 tres
503 1810 634 1860 mulieres·

91 1877 194 1942 quibus
214 1877 337 1938 occurrit,
352 1879 505 1929 consolatus
520 1889 569 1939 est,
590 1879 629 1928 di-

91 1963 154 1996 cens
170 1965 176 1996 :
192 1950 285 2010 Avete,
296 1959 323 1998 et
336 1949 435 1999 deinde
451 1950 626 2015 subjungens,

91 2019 173 2069 nolite
196 2021 308 2081 timere,
339 2021 433 2087 eisque
466 2021 626 2087 mysterium

89 2104 172 2140 suurn
187 2092 323 2154 revelavit,
338 2093 445 2143 dicens:
462 2093 511 2156 Ite,
527 2108 626 2143 annun·

88 2163 155 2212 tiotc
160 2163 286 2228 fatribus
296 2165 370 2227 meir,
389 2171 420 2214 ut
432 2171 494 2214 eant
509 2165 536 2215 in
550 2164 626 2217 Gali-

87 2233 175 2296 loemn,
193 2235 230 2284 ibi
253 2250 293 2285 me
307 2236 440 2286 videbunt.
463 2238 539 2295 ltem,
554 2237 625 2286 duo-

85 2303 137 2352 bus
179 2305 319 2370 discipulis
365 2307 495 2356 euntibus
522 2307 549 2356 in
580 2306 626 2357 via

83 2375 208 2439 apparuit
224 2375 251 2425 in
267 2376 355 2442 specie
368 2377 512 2444 peregrini,
524 2376 624 2442 quibus

84 2447 189 2511 aperuit
198 2463 308 2499 sensum
325 2449 479 2514 Scriptura,
491 2458 517 2499 et
530 2464 623 2499 eorum

86 2521 166 2569 corda
186 2519 249 2571 fecit
262 2521 390 2581 ardentia,
415 2530 441 2571 et
461 2523 572 2572 demum
596 2522 623 2572 in

85 2587 214 2640 fractione
234 2591 310 2656 panis
333 2607 378 2642 eos
394 2593 472 2657 plene
496 2593 622 2642 consola-

87 2663 167 2712 batur
178 2664 221 2713 sui
239 2664 343 2715 notitia.
359 2667 436 2730 ltem,
453 2681 513 2715 cum
538 2679 629 2731 appa-.

85 2743 155 2784 reret
164 2735 303 2797 discipulis
312 2737 480 2802 congregatis
490 2736 516 2785 in
524 2752 620 2799 unum,

84 2805 112 2853 in
131 2807 238 2872 propria
252 2807 338 2872 specie
353 2809 541 2858 consolabatur
565 2824 620 2868 eos,

85 2875 180 2926 dicens
202 2894 209 2926 :
229 2878 297 2928 Pax
313 2877 397 2928 vobit.
418 2878 492 2939 Quid
520 2879 622 2928 tmboti

85 2949 187 2999 estis?
208 2950 273 3015 Ego
293 2965 370 3013 tum,
401 2950 485 3000 nolite
518 2950 619 3001 tancre.

92 3019 185 3070 Videte
196 3036 291 3071 manus
303 3035 392 3083 mear,
404 3026 430 3070 et
435 3020 522 3085 pedes
530 3033 602 3070 meos
608 3038 618 3082 ;

85 3097 112 3138 et
121 3093 228 3156 aperuit
238 3093 293 3143 illis
303 3107 424 3153 sensum,
442 3098 469 3141 ut
479 3091 619 3157 intellige-

84 3170 146 3213 rent
173 3166 335 3231 Scripturas
343 3183 353 3229 ;
378 3176 404 3215 et
427 3163 465 3214 sic
490 3163 618 3214 similiter

84 3235 157 3284 Deus
169 3235 198 3285 in
212 3237 332 3302 qualibet
346 3236 399 3287 alia
410 3250 459 3286 sua
471 3233 618 3302 apparitio-

699 398 733 433 ne
753 384 909 434 consulatus
924 392 963 434 est
982 385 1104 436 uidentes
1118 402 1156 447 se,
1171 402 1232 438 cum

677 456 790 524 ,aliona
810 458 978 518 revelatione,
1003 460 1074 509 unde
1096 476 1152 510 non
1178 462 1232 511 du-

700 530 778 580 bium
802 541 862 592 est„
885 531 953 596 quin
983 531 1110 582 similiter
1133 541 1160 582 et·
1180 534 1231 584 uic

698 602 764 653 istos
777 618 846 656 ntus
867 604 981 655 dilectos
1008 606 1162 656 consolatus
1181 607 1229 657 sit.

697 674 732 723 Et
745 675 905 736 notandum,
925 677 997 742 quod
1019 676 1111 727 divine
1129 693 1229 729 conso-

696 744 760 794 latio
782 746 931 812 acquiritur
947 764 954 798 ι
970 747 1069 814 primo,
1086 764 1134 812 per
1151 748 1229 799 timo-

696 830 770 879 rem;
786 816 913 876 secundo,
930 832 979 881 per
993 818 1225 883 lacrymationem,

694 903 740 938 seu
755 889 936 955 lacrymarum
956 889 1145 954 devotionem,
1169 901 1226 942 ter-

694 957 732 1007 tio
742 975 789 1024 per
798 957 1005 1009 tribulationum
1019 960 1225 1024 sustinentiam3

692 1042 807 1096 quarto,
837 1047 885 1097 per
914 1031 956 1080 sui
987 1031 1223 1096 humiliationem

690 1100 796 1164 quinto,
825 1116 871 1166 per
893 1109 1005 1150 terrenae
1028 1102 1223 1152 consolationis

689 1173 859 1236 vitationem,
879 1184 963 1236 sexto,
979 1189 1026 1238 per
1044 1189 1224 1240 supernorum

689 1245 956 1310 contemplationem.

721 1312 734 1362 5
766 1316 912 1365 apprimo
942 1313 1116 1364 Parntsus‘m
1135 1331 1223 1366 muns

662 1427 665 1451 Ι,
686 1399 752 1434 rosr
761 1385 1004 1434 Rusununcrtonnu
1018 1399 1111 1434 sacra,
1122 1411 1153 1420 —
1163 1385 1223 1440 Do-

686 1454 777 1504 minus
800 1454 882 1520 igitur
901 1455 978 1515 Jesus
1000 1453 1063 1504 inde
1088 1454 1222 1519 discessit,
1303 1494 1304 1497 η

685 1524 749 1589 quia
769 1526 892 1574 nondum
917 1533 1021 1574 sanctos
1046 1524 1136 1574 Patres
1161 1535 1223 1590 post

685 1595 920 1645 Resurrectionem
948 1609 1025 1644 suam
1050 1594 1220 1655 visitaverat,

684 1681 753 1730 quos
772 1665 799 1716 in
821 1665 943 1731 paradiso
965 1664 1122 1715 deliciarum
1138 1665 1222 1715 dimi-

683 1747 760 1788 serat.
778 1738 867 1788 Rediit
876 1753 939 1803 ergo
952 1737 984 1786 ad
999 1751 1053 1797 eos,
1069 1736 1219 1802 procedens

680 1806 710 1856 in
725 1808 793 1857 stola
810 1807 931 1870 candida,
956 1822 1017 1855 cum
1042 1806 1218 1857 multitudine

681 1879 866 1943 Angelorum3
889 1893 971 1943 quem
1001 1877 1053 1941 ipsi
1089 1877 1116 1926 in
1146 1887 1219 1928 tanta

680 1949 765 2014 gloria
786 1951 902 2015 alonge
925 1948 1130 2015 conspicientes,
1154 1964 1217 1998 cum

680 2020 814 2070 indicibili
847 2020 962 2086 gaudio,
986 2018 1166 2069 exsultatione
1187 2029 1213 2069 et

679 2091 764 2155 jubilo
799 2091 914 2141 canticis
935 2100 963 2140 et
988 2089 1115 2140 laudibus
1151 2105 1214 2140 eum

679 2172 864 2230 susceperunt,
881 2172 907 2213 et
920 2162 1091 2228 procidentes
1114 2162 1141 2211 in
1160 2171 1215 2211 ter-

679 2251 752 2296 ram,
794 2236 991 2298 adoraverunt5·
1014 2233 1118 2284 deinde
1150 2249 1213 2282 sur-

678 2315 772 2372 gentes
788 2315 815 2355 et
830 2313 929 2355 stantes
960 2319 1051 2354 corani
1083 2318 1115 2352 eo
1138 2318 1216 2353 rere-

678 2385 766 2426 tenter
797 2384 823 2426 et
857 2375 975 2441 iucunde
1011 2374 1215 2438 compleverunt

676 2447 771 2498 laudes
799 2462 865 2497 suas
898 2446 1032 2497 lierventet
1071 2454 1100 2495 et
1138 2444 1213 2494 omni

679 2533 733 2584 qua
754 2527 877 2584 poterant
898 2518 1049 2568 devotione.
1072 2516 1101 2566 ὓ
1125 2515 1214 2581 qualis

678 2600 795 2655 quantus
805 2599 832 2640 et
844 2598 948 2656 quanta
957 2588 1055 2654 gaudia
1073 2586 1112 2636 ibi
1128 2596 1212 2649 erant,

678 2660 725 2710 ubi
748 2669 820 2710 tanta
839 2659 934 2710 concio
957 2660 1116 2709 Sanctorum
1129 2657 1213 2707 simul

675 2730 823 2796 psallebat!
837 2731 861 2782 Ο
877 2745 960 2796 qoam
978 2729 1116 2779 bonnm-et
1130 2741 1212 2792 quam

676 2799 826 2866 jucundum
840 2801 939 2851 talibus
954 2799 1092 2860 interesse,
1107 2798 1151 2847 rel
1165 2796 1213 2846 sal·

676 2881 732 2922 tem
765 2871 872 2936 aliquid*
904 2872 941 2921 de·
969 2869 1015 2920 his
1048 2866 1210 2932 percipere!

675 2943 873 3009 Appropi'nqua
886 2955 950 3006 ergo
965 2949 991 2989 et
1009 2938 1075 2988 tusi
1096 2935 1211 3002 permit-

675 3015 750 3075 teris,
767 3024 795 3064 et
816 3013 966 3063 admiscere·
988 3010 1115 3060 laudibus
1138 3007 1209 3068 istis,

674 3087 718 3137 vel
744 3085 839 3134 saltem
872 3081 992 3132 multa
1018 3095 1033 3131 a
1055 3080 1153 3144 longe,
1181 3088 1208 3128 et

672 3156 819 3222 jucundare
833 3155 864 3204 in
878 3169 928 3204 ers.

478 3512 498 3536 η
580 3476 717 3532 ORATIO

117 3709 235 3759 Domine
247 3670 311 3759 Jesn
333 3707 450 3767 Christe,
475 3706 514 3756 dn
529 3713 561 3756 ut
582 3703 635 3754 sim
658 3702 754 3753 Petrus
773 3697 932 3757 obediendo,
954 3705 981 3746 et
1005 3695 1122 3745 lacobus
1142 3690 1207 3740 vitra

83 3783 291 3848 supplantando,
308 3796 337 3831 ac
349 3780 462 3846 loseph,
478 3779 514 3829 de
533 3777 633 3828 virtute
654 3774 689 3826 in
702 3775 833 3825 virtutem
857 3784 904 3836 per
922 3777 1100 3849 angmentum
1113 3761 1206 3846 profi-

81 3853 190 3916 ciendo,
208 3865 234 3906 et
249 3854 279 3904 in
294 3854 344 3904 hoc
360 3867 407 3919 per
421 3850 657 3918 longanimitatem
670 3844 879 3916 perseverand03
894 3851 927 3895 ut
938 3851 967 3893 tn
982 3856 1029 3907 qur
1045 3839 1141 3889 illis-m
1154 3848 1206 3884 an-
