2626 4328
130 270 183 337 734

411 269 584 320 SECUNDAE
603 267 726 318 PARTlS
743 268 858 319 CAPUT
877 269 979 320 LXXX.

129 399 276 440 nouerant
295 386 468 438 nisicentum
482 385 595 451 vigintir
610 384 664 434 Po·
688 411 694 489 Ι
718 393 773 433 tam
794 383 907 448 gloriam
934 385 1096 450 pervenerit,
1116 384 1198 434 Unde
1227 397 1259 437 ut

128 471 179 511 test
193 461 246 510 dici
267 459 341 526 quod
363 473 456 508 omnes
474 458 612 506 credentes
631 457 664 506 de

127 533 275 582 Jerusalem
291 545 352 580 cum
367 527 504 593 Apostolis
521 543 575 576 non
589 538 664 576 erant

130 603 182 653 nisi
208 613 315 651 centum
339 598 450 664 viginti3
475 598 553 647 multi
574 609 664 647 autem

130 684 205 723 erant
223 673 360 722 credentes
382 670 415 720 de
438 669 498 719 aliis
512 668 664 718 civitatibus

131 754 156 794 et
170 745 244 802 locis,
265 743 366 808 quibus
380 741 461 790 simul
475 755 602 805 apparere
616 755 666 788 vo«

129 814 189 874 luit,
203 814 234 862 ad
250 813 369 877 ipsorum
386 811 607 872 consolationem,
618 809 665 859 sic·

130 895 160 934 ut
173 896 200 935 et
221 883 290 932 aliis.
307 883 341 932 Et
356 881 393 932 ibi
408 881 553 931 scilicet'in
574 890 664 930 monte

130 955 253 1020 apparuit
264 953 302 1003 eis
320 953 461 1011 Dominus,
474 952 538 1018 quia
549 951 587 1000 illi
600 967 663 1000 eum

129 1026 292 1091 quandoque
317 1024 408 1074 videre
433 1024 608 1073 merebuntur
635 1022 662 1072 in

128 1098 270 1148 altitudine
284 1099 422 1156 coelorum,
436 1097 483 1163 qui
498 1111 570 1145 nunc
584 1096 663 1145 celsi-

127 1171 249 1220 tudinem
264 1169 433 1235 perfeetionis
447 1169 618 1219 ascendentes
635 1169 662 1217 in

127 1241 182 1291 ima
202 1244 302 1291 calcant
325 1240 457 1290 desideria
485 1249 662 1289 terrenorum.

127 1313 204 1363 Unde
219 1313 349 1362 Rabanus
360 1331 368 1362 .·
379 1331 392 1358 u
404 1312 431 1361 ln
447 1321 538 1360 monte
551 1310 662 1375 quidem

126 1385 249 1449 apparuit
269 1384 308 1433 eis
328 1383 461 1432 Dominus
480 1399 487 1431 z
505 1392 535 1431 ut
557 1381 662 1447 signifi-

127 1465 197 1504 caret
212 1455 340 1520 quoniam
356 1468 452 1518 corpus
466 1453 539 1519 quod
551 1453 584 1502 de
594 1469 664 1504 com·

128 1524 206 1573 muni
222 1523 328 1588 generis
343 1522 454 1571 humani
470 1533 539 1572 terra
556 1538 663 1573 nascen-

128 1594 163 1641 do
174 1591 300 1656 suscepit,
308 1591 361 1655 jam
372 1607 452 1657 super
461 1593 552 1642 omnia
561 1603 664 1643 terrena

129 1662 292 1726 resurgendo
310 1663 504 1723 sublevaverat3
520 1672 546 1711 et
564 1673 594 1713 ut
614 1664 663 1712 ad-

130 1743 252 1782 moneret
263 1731 364 1792 fideles,
377 1732 398 1781 si
415 1731 469 1781 illic
478 1733 664 1782 celsitudinem

131 1802 344 1852 Resurrectionis
362 1804 419 1867 ejus
437 1801 549 1867 cupiunt
564 1803 663 1862 videre,

130 1871 177 1921 hic
191 1874 225 1921 ab
240 1872 342 1922 infimis
360 1872 544 1937 voluptatibus
564 1875 596 1922 ad
617 1891 664 1925 su-

130 1960 212 2011 perna
228 1946 351 1995 studeant
364 1944 496 1995 desideria
506 1947 621 1996 transire
632 1964 638 1996 ι
650 1967 663 1993 »

130 2017 341 2067 haecRubanuS.

161 2102 175 2134 2
194 2088 328 2136 Porssras
343 2104 412 2137 utri
426 2087 545 2137 Cuntsro
561 2103 598 2149 ur
611 2103 664 2137 rto-

128 2174 194 2208 utur.
212 2159 387 2224 -Discipuli
410 2171 499 2210 autem
515 2159 664 2209 Dominum

125 2228 246 2279 videntes
267 2229 369 2292 vivum,
391 2232 576 2281 adorauerunt
596 2244 663 2293 euru,

124 2301 153 2351 in
178 2303 294 2352 adventu
317 2319 366 2353 suo
390 2303 544 2354 adoratione
568 2303 662 2362 latriae,

125 2381 151 2423 et
175 2383 236 2423 ante
255 2389 316 2422 eum
338 2373 549 2424 humiliaverunt
562 2386 591 2422 se
606 2388 664 2422 cre·

123 2442 217 2493 dentes
233 2443 383 2493 Dominum
409 2444 503 2500 Deum,
520 2452 546 2492 et
569 2443 662 2492 homi-

126 2527 189 2562 nem
205 2515 387 2565 immortalem
401 2514 593 2576 resurrexisse3
609 2514 665 2579 qui·

126 2584 188 2634 dam
214 2592 301 2635 autem
327 2588 528 2649 dubitaverunt,
556 2597 665 2653 propter

127 2655 165 2705 rei
193 2655 357 2715 novitatem,
386 2673 504 2722 quorum
532 2657 665 2707 dubitatio

128 2737 249 2777 nostram
273 2739 352 2793 auget
371 2728 461 2791 fidem,
476 2745 509 2778 ex
525 2744 580 2795 quo
595 2738 665 2795 patet

129 2801 202 2867 quod
220 2799 256 2850 ibi
272 2811 349 2850 erant
369 2800 413 2850 alii
434 2816 516 2866 quam
531 2801 665 2866 Apostoli,

128 2875 176 2940 qui
199 2890 292 2924 omnes
316 2885 390 2924 erant
413 2873 559 2932 certificati,
584 2874 664 2924 etiam

128 2947 259 3005 Thomas,
279 2945 326 3012 qui
345 2945 415 2994 inter
439 2960 485 2995 eos
506 2944 557 2995 fuit
579 2946 665 3011 magis

128 3015 291 3066 incredulus.
320 3014 460 3065 Dubitatio
485 3015 596 3081 quidem
620 3017 665 3064 di-

128 3089 305 3154 scipulorum,
327 3100 425 3139 nostrae
445 3086 506 3139 fidei
530 3088 581 3138 fuit
597 3105 665 3139 con-

127 3157 266 3209 firmatio:
286 3159 351 3225 quia
374 3175 428 3226 quo
451 3159 569 3226 amplius
583 3159 665 3209 dubi-

125 3241 260 3291 taverunt,
273 3247 304 3282 eo
316 3232 458 3281 sollicitius
471 3231 664 3297 inquisierunt,

126 3313 151 3353 et
171 3321 226 3370 quo
249 3305 340 3356 verius
357 3305 547 3369 probaverunt,
566 3319 598 3354 eo
616 3304 665 3354 fir-

126 3373 198 3423 mius
216 3376 400 3438 crediderunt;
418 3385 443 3424 et
457 3391 513 3424 non
526 3375 615 3424 solum
632 3375 666 3424 fi-

124 3443 187 3492 dem
209 3457 332 3495 nostram
351 3447 605 3503 corroboraverunt,
619 3445 665 3494 sed

126 3515 207 3566 etiam
219 3518 406 3568 haereticorum
416 3517 553 3567 vesaniam
565 3517 666 3567 destru-

127 3596 235 3636 xerunt.
254 3587 317 3636 Pius
335 3597 424 3637 autem
439 3598 465 3637 et
481 3587 601 3637 clemens
615 3587 666 3636 Do-

129 3657 223 3720 minus
242 3660 381 3708 credentes
404 3659 433 3707 in
450 3657 502 3708 fide
524 3656 665 3720 confortat,

131 3738 157 3779 et
170 3726 251 3777 fidem
269 3743 361 3778 eorum
384 3728 505 3787 roborat;
522 3744 551 3778 ac
568 3728 666 3778 dubios

131 3799 164 3850 ad
179 3798 259 3849 fidem
277 3800 388 3859 reducit,
404 3810 430 3849 et
443 3799 609 3849 dubietatem
625 3813 667 3847 eo-

132 3888 195 3923 rum
209 3873 334 3933 excludit,
346 3872 476 3922 intimans
486 3872 526 3922 eis
539 3872 571 3922 ad
583 3885 667 3937 quan-

717 469 826 503 omnem
845 454 1008 504 dubietatem
1030 470 1044 504 a
1065 454 1195 505 cordibus
1210 471 1258 506 eo·

717 539 778 572 rum
794 525 918 583 auferret,
935 525 1063 574 accedens
1076 525 1158 574 Jesus
1180 525 1258 576 locu-

718 601 760 645 tus
775 601 815 644 est
832 597 879 657 eir,
894 597 926 645 ad
941 595 1142 646 certificandum
1159 613 1207 647 eos
1224 599 1258 648 de

717 680 766 714 sua
788 666 993 716 Resurrectione
1015 667 1123 726 dubios,
1139 668 1258 719 dicens:

717 737 791 786 Data
817 742 857 786 est
882 737 946 787 milti
971 738 1057 787 omnis
1077 744 1204 804 potestas
1230 741 1257 790 in

718 807 784 858 coelo
805 815 831 857 ei
850 809 876 858 in
900 816 973 859 terra
980 826 989 871 ;
1012 809 1076 874 quia
1092 809 1155 859 licet
1171 811 1257 861 Chri-

718 887 785 935 stus,
806 890 941 943 quantum
965 881 997 928 ad
1019 880 1202 940 divinitatem,
1224 883 1258 932 ab

716 958 815 998 aeterno
831 949 940 1000 haberet
956 951 1024 1000 hanc
1045 962 1217 1016 potestatem,
1233 962 1258 1002 et

716 1018 744 1068 in
763 1031 894 1083 quantum
910 1022 993 1071 homo
1006 1024 1039 1071 ab
1055 1024 1165 1073 instanti
1189 1040 1258 1074 con-

718 1089 850 1155 ceptionis
865 1092 975 1141 haberet
991 1102 1150 1158 potestatem
1165 1093 1196 1142 in
1211 1109 1260 1146 coe·

716 1164 742 1213 lo
762 1175 788 1214 et
805 1164 833 1213 in
848 1175 932 1227 terra;
955 1167 1140 1216 auctoritatem
1165 1176 1257 1218 tamen

716 1236 866 1285 exsecutive
888 1252 944 1285 non
970 1236 1064 1286 habuit
1086 1248 1148 1288 ante
1178 1255 1257 1289 suam

717 1307 963 1366 Resurrectionem,
988 1310 1034 1357 secl
1057 1309 1144 1358 voluit
1165 1310 1258 1375 passi-

716 1378 812 1427 bilitati
828 1393 886 1428 esse
908 1379 1053 1443 subjectus,
1077 1390 1189 1446 propter
1206 1397 1256 1432 no-

715 1459 799 1498 stram
813 1450 1037 1514 redemptionem.
1054 1452 1111 1500 Hoc
1131 1468 1198 1518 ergo
1216 1454 1257 1503 lo·

717 1520 810 1584 quitur
824 1537 840 1570 a
855 1532 928 1585 parte
945 1522 1132 1580 humanitatis,
1150 1523 1181 1573 in
1203 1539 1256 1591 qua

716 1592 819 1641 modico
831 1607 910 1656 quam
921 1592 1022 1660 Angeli
1034 1593 1186 1643 minoratus
1199 1601 1254 1658 θεὶς

716 1679 771 1712 non
795 1676 884 1714 autem
905 1680 920 1714 a
942 1676 1016 1730 parte
1036 1665 1200 1727 divinitatis,
1226 1668 1254 1717 in

716 1748 769 1798 qua
791 1734 861 1784 Patri
881 1745 921 1784 est
942 1751 1061 1794 consors,
1085 1745 1110 1785 et
1130 1752 1255 1804 coaequa·

716 1805 759 1855 lis.
776 1807 844 1856 Nam
858 1809 1005 1857 secundum
1018 1808 1189 1860 divinitatem
1202 1822 1256 1860 tan-

717 1885 760 1926 tus
778 1888 819 1928 est
840 1879 924 1938 Pater,
946 1891 992 1929 aut
1014 1880 1109 1946 Filius,
1128 1890 1175 1931 aut
1192 1883 1255 1948 Spi-

717 1952 784 2001 ritus
799 1953 925 2012 Sanctus,'
940 1965 1057 2018 quantus
1072 1966 1112 2004 est
1127 1956 1214 2016 Pater,
1231 1967 1256 2007 et

717 2022 803 2072 Filius
830 2034 856 2072 et
881 2023 999 2087 Spiritus
1025 2025 1150 2076 Sanctus.
1179 2029 1256 2078 Unde

716 2092 909 2156 Augustinus:
926 2112 939 2139 tt
955 2094 1041 2144 Tanta
1060 2105 1099 2144 est
1118 2105 1174 2146 tota
1192 2098 1254 2147 Tri·

718 2164 788 2214 nitas
803 2164 830 2213 in
853 2167 911 2215 solo
927 2167 1010 2226 Patre,
1025 2170 1065 2218 vel
1089 2168 1115 2216 in
1134 2170 1193 2220 solo
1209 2171 1254 2221 Fi-

716 2235 763 2298 lio,
773 2235 815 2284 vel
826 2235 853 2284 in
865 2237 923 2285 solo
935 2238 1038 2302 Spiritu
1053 2241 1160 2300 Sanct0,
1173 2257 1255 2308 quan·

716 2316 742 2355 ta
764 2316 804 2355 est
827 2306 908 2356 simul
928 2307 955 2356 in
979 2310 1064 2369 Patre,
1084 2319 1111 2360 et
1127 2311 1208 2372 Filio,
1230 2322 1254 2364 et

717 2377 819 2442 Spiritu
834 2378 929 2428 Sancto
945 2395 951 2427 :
968 2399 981 2426 o
996 2380 1053 2429 haec
1071 2383 1253 2447 Augustinus.

716 2449 804 2516 Igitur
823 2451 971 2501 secundum
990 2453 1159 2504 divinitatem
1181 2471 1253 2507 sem·

717 2536 763 2586 per
792 2521 874 2572 simul
902 2539 963 2572 cum
994 2524 1068 2574 Patre
1097 2536 1124 2576 et
1151 2527 1254 2592 Spiritu

717 2593 813 2642 Sancto
839 2593 1013 2659 omnipotens
1038 2611 1120 2661 super
1142 2598 1254 2660 omnia3

716 2666 865 2715 secundum
889 2666 1102 2728 humanitatem,
1128 2671 1255 2720 omnium

717 2753 820 2796 rerum,
845 2749 870 2786 et
891 2739 959 2788 inter
981 2740 1072 2790 omnia
1093 2752 1253 2805 potestatem

716 2806 832 2871 accepit,
860 2819 885 2856 et
911 2809 1003 2859 omnia
1031 2810 1057 2859 in
1088 2826 1172 2862 manu
1200 2813 1255 2877 eius

718 2887 782 2926 sunt
803 2877 908 2936 tradita,
925 2889 956 2928 ut
969 2879 1053 2929 homo
1073 2881 1118 2931 ille
1135 2883 1183 2948 qui
1202 2899 1254 2932 nu-

718 2964 764 3014 per
787 2949 872 3000 factus
891 2963 931 3001 est
953 2953 985 3002 de
1006 2954 1082 3013 coelo,
1098 2955 1256 3006 dominetur

717 3029 743 3070 et
757 3020 786 3069 in
807 3031 885 3071 terra.
901 3023 988 3072 Habet
1003 3025 1077 3074 enim
1096 3035 1254 3090 potestatem

717 3089 746 3139 in
762 3092 828 3141 coelo
850 3095 997 3144 coronandi
1012 3111 1082 3160 quos
1095 3096 1170 3159 vult3
1190 3108 1216 3146 et
1230 3096 1255 3146 in

716 3171 786 3212 terra
806 3163 924 3228 'eligendi
952 3181 1131 3232 quoscunque
1160 3170 1219 3218 vult
1248 3183 1255 3216 :

717 3233 782 3304 quia
798 3243 824 3283 et
844 3234 930 3285 hicet
953 3235 991 3284 ibi
1012 3235 1075 3285 facit
1090 3238 1165 3302 quod
1190 3238 1255 3287 vult.

718 3304 777 3353 Non
795 3305 884 3354 solum
899 3320 962 3370 ergo
976 3306 1004 3355 in
1018 3316 1096 3366 terra,
1109 3307 1157 3357 sed
1174 3309 1255 3358 etiam

718 3373 746 3423 in
762 3375 829 3423 coelo
850 3384 1008 3438 potestatem
1021 3377 1132 3442 accepit,
1146 3378 1213 3443 quia
1229 3376 1256 3426 in

717 3442 886 3493 humanitate
904 3447 1042 3504 exaltatus,
1063 3449 1096 3496 ad
1120 3448 1256 3498 dexteram

720 3514 805 3564 Patris
825 3525 865 3564 est
880 3517 1033 3576 collocatus,
1050 3528 1077 3567 et
1092 3533 1173 3582 super
1195 3533 1256 3568 om·

719 3601 766 3637 nes
792 3587 911 3652 Angelos
942 3589 1072 3648 elevatus,
1100 3604 1257 3656 nomenque

718 3658 770 3709 sibi
782 3659 874 3707 datum
890 3670 938 3717 est,
951 3661 1021 3724 quod
1032 3667 1072 3710 est
1086 3674 1168 3726 super
1181 3674 1256 3711 omue

718 3743 819 3790 nomen,
835 3729 902 3778 utin
915 3730 1100 3781 nomineJesu
1116 3745 1194 3783 omne
1204 3745 1255 3797 ge-

719 3814 753 3848 nu
761 3799 892 3864 flectatur·
905 3799 1060 3862 coelestium,
1075 3803 1254 3864 terrestrium,

718 3875 744 3918 et
760 3869 940 3933 infernorum,·
962 3885 1018 3920 non
1036 3873 1125 3921 solum
1145 3883 1187 3924 est
1206 3871 1254 3923 su-
