2626 4328
169 247 217 300 DE
231 242 404 296 EPlLOGUS
418 240 605 293 DOMlNlCAE
617 235 795 289 PASSIONIS
812 237 858 287 ET
874 237 992 288 LAUDE
1007 239 1141 290 CRUCIS.
1196 239 1248 306 643

126 365 252 430 desperas
265 361 299 410 de
312 359 433 424 viribus;
452 357 545 423 accipe
558 355 661 422 virgam

127 447 153 488 et
168 435 294 485 baculum
307 443 405 482 sanctae
419 430 516 488 crucis,
533 443 588 495 quo
599 428 661 480 Jor-

127 509 225 559 danem
249 517 369 556 transeas
395 504 478 570 huius
502 501 609 565 mundi,
636 510 662 552 et

126 578 254 630 viaticum
268 576 336 643 ligni
348 575 418 636 vitae,
440 589 473 624 ne
489 572 575 624 invia
593 570 662 622 defi-

128 652 183 702 cias
197 660 243 700 aut
260 660 404 715 torpescas.
428 647 456 697 Si
476 645 564 696 viator
580 661 608 696 es
632 643 661 693 in

128 720 273 772 solitudine
288 719 370 785 huius
392 716 497 776 mundi,
512 727 538 766 et
553 730 663 781 serpen-

128 803 171 842 tes
184 791 263 857 igniti
276 801 369 840 contra
383 798 408 839 te
422 803 544 837 morsum
557 796 584 837 et
593 801 663 836 mor·

128 874 183 913 tem
216 862 365 923 intentant;
395 858 484 924 aspice
509 866 661 923 serpentem

129 949 236 986 aeneum
260 932 381 998 positum
405 944 487 998 supra
504 930 606 996 palum,
629 941 663 976 ne

128 1003 235 1070 antiqui
257 1003 392 1069 serpentis
410 1002 485 1052 virus
500 998 603 1056 inficiat
616 1007 662 1048 aut

129 1079 237 1143 irrepat.
264 1078 292 1127 Si
312 1077 426 1142 spiritus
447 1076 535 1126 malus
561 1088 662 1139 quem-

128 1164 210 1214 quam
235 1147 356 1213 accipiat,
386 1145 498 1212 arripiat
528 1144 662 1194 citharam

129 1230 224 1270 sanctae
254 1219 350 1276 crucis.
385 1229 410 1268 et
445 1214 660 1274 refocillabitur,

129 1290 269 1356 leviusque
296 1289 415 1343 habebit.
450 1289 477 1338 Si
514 1285 663 1338 invaluerit

130 1362 270 1428 aegritud0,
293 1371 339 1410 aut
362 1359 507 1410 infirmitas
531 1357 662 1425 spiritua-

130 1434 185 1494 lis,
217 1433 318 1484 adhibe
346 1431 397 1482 tibi
437 1431 518 1496 huius
552 1428 662 1496 pretiosi

129 1503 270 1570 sanguinis
293 1502 464 1553 medicinam.
490 1501 517 1551 Si
538 1501 663 1566 desperas

129 1591 161 1625 ex
181 1573 295 1635 meritiS,
315 1583 340 1622 et
355 1573 445 1622 videas
461 1581 507 1622 tua
520 1586 601 1636 opera
614 1585 662 1620 ne-

129 1662 265 1714 quaquam
286 1645 335 1696 tibi
357 1643 490 1707 sufficere;
511 1644 544 1694 de
566 1652 663 1694 statera

129 1718 214 1769 crucis
226 1717 315 1783 accipe
329 1716 451 1766 decorem
466 1716 582 1783 pretium
602 1714 662 1765 ani·

131 1804 252 1853 marum;
268 1799 294 1839 et
307 1789 397 1854 accipe
410 1789 438 1839 in
452 1804 497 1839 ara
511 1789 597 1839 crucis
608 1788 662 1836 ho-

130 1863 209 1923 stiam
235 1863 443 1923 immaculatam,
469 1861 662 1912 conscientiam

128 1934 163 1984 ab
181 1931 309 1999 operibus
326 1931 440 1982 mortuis
461 1933 661 1984 emundantem.

130 2004 251 2070 Denique
261 2019 326 2054 crux
339 2013 424 2053 sancta
436 2014 462 2054 et
473 2003 612 2055 benedicta
624 2017 662 2056 est

131 2075 160 2125 in
184 2073 286 2126 Christi
309 2088 420 2139 corpore
444 2074 574 2135 dedicata,
589 2085 615 2126 et
631 2092 662 2126 ex

131 2144 262 2196 membris
282 2144 339 2208 ejus
360 2155 488 2210 tanquam
512 2145 663 2212 margaritis

131 2224 243 2279 ornata,
269 2214 391 2264 decorata
417 2215 498 2281 Regis
525 2231 662 2282 purpura,

130 2300 190 2352 quae
214 2283 314 2335 meruit
335 2283 435 2334 Christi
457 2285 578 2336 membra
601 2296 663 2335 tan·

130 2373 201 2423 gere,
222 2372 283 2423 quae
304 2357 361 2407 sola
383 2357 464 2424 digna
487 2358 538 2408 fuit
562 2359 661 2425 Regem

131 2429 260 2480 coelorum
275 2437 301 2478 et
317 2427 467 2479 Dominum
478 2429 611 2480 sustinere
627 2447 634 2481 :
648 2449 662 2477 n

130 2498 189 2549 haec
201 2498 382 2563 Augustinus.
399 2499 476 2549 Unde
495 2499 587 2550 beatus
605 2501 664 2550 An-

130 2567 206 2619 dreas
226 2567 323 2618 ductu‘s
341 2568 374 2617 ad
392 2583 505 2628 crucem,
523 2579 549 2619 et
569 2569 664 2621 videns

130 2653 199 2700 eam,
214 2638 338 2704 prorupit
354 2638 383 2687 in
403 2639 509 2688 laudern
524 2640 619 2702 crucis,
638 2650 665 2691 et

132 2710 267 2773 salutavit,
283 2710 375 2760 dicans
395 2711 491 2762 :Salve
513 2727 586 2776 crux,
605 2728 665 2779 quae

131 2782 161 2833 in
180 2798 292 2848 corpore
308 2781 419 2841 Christi,
439 2783 558 2834 dedicata
579 2799 616 2847 es,
639 2795 665 2835 et

130 2868 163 2904 ex
180 2853 311 2904 membris
331 2853 389 2917 ejus
406 2861 535 2921 tanquam
558 2870 665 2921 marga-

130 2925 191 2978 ritis
204 2936 311 2988 ornata;
328 2936 471 2991 antequam
488 2927 517 2977 in
531 2937 557 2978 te
570 2942 666 2978 ascen-

130 2996 205 3048 deret
222 2996 366 3058 Dominus,
387 2997 511 3047 timorem
530 3007 665 3049 terrenum

77 3110 81 3117 .
130 3065 262 3126 habuisti,
286 3067 368 3116 modo
387 3082 450 3117 vero
471 3082 590 3118 amorem
610 3084 665 3120 coe-

130 3137 227 3188 lestem
241 3136 357 3188 obtines.
370 3138 421 3188 Pro
431 3148 494 3188 voto
504 3138 648 3205 susciperis
657 3157 665 3205 ;

130 3223 241 3259 securus
264 3223 327 3272 ergo
350 3217 375 3258 et
395 3209 514 3273 gaudens
533 3209 614 3260 venio
633 3211 665 3262 ad

130 3289 167 3341 te,
182 3280 219 3330 ita
236 3289 267 3330 ut
283 3289 310 3329 et
330 3290 359 3330 tu
377 3281 516 3331 exsultans
536 3281 667 3348 suscipias

131 3369 176 3404 me
197 3352 361 3419 discipulum
383 3354 448 3419 ejus,
470 3354 518 3421 qui
540 3356 667 3422 pependit

132 3425 210 3484 inte,
225 3425 290 3491 quia
304 3435 407 3492 amator
421 3437 485 3477 tuus
497 3441 604 3493 semper
616 3427 665 3492 fui,

132 3505 159 3547 et
177 3495 326 3547 desideravi
349 3496 525 3562 amplectite.
550 3498 574 3549 O
596 3499 667 3550 bona

132 3582 209 3630 crux,
224 3581 285 3633 quae
299 3567 422 3619 decorem
445 3579 471 3620 et
487 3569 668 3636 pulchritudi-

132 3651 195 3688 nem
206 3637 240 3687 de
252 3637 382 3688 membris
395 3638 504 3689 Domini
515 3639 666 3706 suscepisti,

131 3709 180 3763 diu
198 3709 355 3772 desiderata,
373 3710 555 3764 sollicitudine
570 3723 666 3777 amata,

133 3779 195 3831 sine
218 3779 420 3834 intermissione
439 3782 553 3849 quaesita
567 3792 594 3833 et
613 3783 666 3849 jam

132 3853 335 3921 concupiscenti
370 3855 460 3907 animo
498 3856 665 3923 preparata!

432 4072 437 4096 l

714 353 813 419 Accipe
827 368 872 404 me
889 354 923 404 ab
938 353 1105 420 hominibus,
1122 367 1148 408 et
1169 359 1250 410 redde

716 439 759 474 me
771 424 899 490 Magistro
912 439 985 493 meo,
1000 435 1030 475 ut
1045 442 1093 491 per
1104 437 1131 478 te
1144 443 1188 479 me
1205 445 1249 480 re-

715 495 802 561 cipiat,
822 496 869 563 qui
889 512 936 564 per
956 507 981 547 te
1003 514 1046 548 me
1067 501 1188 550 redemit.
1210 501 1250 553 De

714 567 793 616 laude
809 566 890 617 etiam
912 568 998 618 crucis
1015 569 1053 620 sic
1074 569 1139 622 dicit
1154 571 1249 639 Chry-

716 644 848 688 sostomus
870 657 878 690 .·
904 657 918 686 a
940 639 968 688 Si
997 656 1077 692 nosse
1104 642 1248 705 desideras,

714 712 861 774 carissime,
876 713 1001 764 virtutem
1018 717 1113 776 crucis,
1128 727 1154 766 et
1166 733 1249 783 quan-

715 791 741 833 ta
764 782 808 845 sit,
824 793 854 834 ut
876 799 986 849 possum
1008 785 1040 834 ad
1062 787 1119 851 ejus
1142 787 1247 839 laudem

714 853 810 914 dicere,
830 854 902 904 audi.
916 855 990 906 Crux
1005 856 1085 906 nobis
1096 857 1180 908 totius
1190 859 1248 910 bea·

714 923 840 975 titudinis
853 941 931 977 causa
948 937 987 975 est
1002 943 1009 975 ι
1029 926 1085 976 haec
1099 943 1148 978 nos
1162 943 1177 979 a
1195 945 1247 980 cae-

714 994 791 1045 citate
805 995 927 1046 liberavit
940 996 1053 1060 erroris,
1072 997 1128 1048 haec
1142 1014 1157 1049 e
1173 1009 1247 1050 tene-

715 1067 770 1118 bris
792 1067 908 1119 reddidit
930 1069 998 1132 luci;
1021 1069 1078 1119 haec
1102 1071 1249 1124 debellatos

714 1140 799 1207 quieti
823 1138 949 1203 sociavit;
968 1141 1026 1192 haec
1042 1142 1172 1194 alienatos
1192 1145 1248 1196 Deo

715 1211 863 1276 coniunxit,
877 1221 903 1262 et
916 1212 996 1278 longe
1010 1213 1170 1265 constitutos
1183 1231 1247 1282 pro-

714 1283 803 1334 ximos
830 1285 1012 1350 praesentavit3
1041 1284 1097 1336 haec
1128 1288 1248 1354 peregri-

716 1371 765 1405 nos
786 1355 857 1406 cives
878 1357 1007 1420 ostendit;
1031 1357 1086 1407 haec
1109 1359 1249 1411 discordiae

715 1429 862 1495 amputatio
892 1438 946 1494 est;
974 1430 1031 1480 haec
1058 1430 1130 1497 pacis
1153 1431 1247 1482 firma-

716 1508 855 1564 mentum;
884 1499 941 1551 haec
966 1501 1091 1552 omnium
1114 1503 1247 1553 bonorum

715 1587 828 1638 operum
859 1572 974 1639 largitio.
1003 1574 1075 1625 Crux
1103 1585 1142 1626 est
1168 1575 1248 1627 clavis

714 1643 841 1710 paradisi,
858 1659 923 1694 crux
942 1660 1002 1710 spes
1021 1645 1246 1707 Christianorum,

715 1730 780 1764 crux
801 1715 960 1764 resurrectio
983 1726 1161 1778 mortuorum,
1183 1733 1247 1767 crux

715 1801 845 1836 caecorum
866 1787 929 1847 dux,
949 1802 1013 1837 crux
1028 1788 1174 1838 errantium
1192 1790 1246 1850 via,

714 1873 779 1909 crux
794 1858 950 1909 claudorum
962 1859 1083 1920 baculus,
1102 1875 1166 1910 crux
1181 1876 1248 1927 con-

715 1931 811 1982 solatio
839 1946 995 1997 pauperum,
1017 1946 1082 1982 crux
1106 1932 1248 1984 refrenatio

715 2002 840 2063 divitum,
858 2019 922 2053 crux
945 2003 1089 2053 destructio
1114 2004 1248 2069 superbo-

716 2090 786 2136 rum,
808 2091 874 2125 crux
896 2075 965 2125 male
985 2075 1134 2126 viventium
1159 2084 1246 2143 piena,

715 2161 780 2197 crux
802 2147 928 2197 adversus
955 2146 1092 2195 daemones
1120 2145 1246 2207 victoria,

715 2232 780 2266 crux
801 2214 914 2266 devictio
936 2214 1047 2275 diaboli,
1066 2231 1130 2266 crux
1153 2217 1248 2267 adole-

715 2286 848 2336 scentium
870 2285 1039 2352 paedadogus,
1054 2300 1118 2335 crux
1141 2295 1250 2336 susten-

715 2356 781 2406 tatio
801 2355 924 2422 inopum,
941 2370 1006 2406 crux
1021 2370 1082 2420 spes
1094 2356 1250 2422 desperato-

714 2443 785 2489 rum,
800 2442 864 2477 crux
878 2424 1060 2492 navigantium
1075 2427 1249 2493 gubernator,

716 2513 780 2548 crux
808 2496 1019 2564 periclitantium
1044 2508 1155 2564 portus,
1184 2513 1249 2550 crux

716 2570 887 2620 obsessorum
905 2585 1010 2630 murus,
1027 2584 1093 2619 crux
1112 2580 1186 2637 pater
1204 2586 1249 2620 or-

716 2642 887 2709 phanorum,
914 2657 980 2691 crux
1007 2641 1132 2692 defensor
1154 2641 1250 2694 vidua·

717 2729 796 2774 rum,
820 2728 884 2764 crux
906 2713 1040 2780 justorum
1062 2713 1249 2775 consiliarius,

716 2801 781 2836 crux
808 2785 997 2836 tribulatorum
1032 2785 1156 2851 requies,
1184 2801 1251 2836 crux

717 2857 891 2923 parvulorum
916 2866 1017 2919 custos,
1042 2870 1105 2906 crux
1127 2854 1248 2906 virorum

717 2939 806 2996 caput,
822 2946 886 2980 crux
906 2945 1004 2980 senum
1021 2928 1093 2987 finis,
1118 2943 1183 2978 crux
1202 2929 1249 2979 lu-

718 3017 780 3052 men
803 3000 832 3050 in
855 2998 972 3050 tenebris
995 2998 1162 3057 sedentium,
1185 3014 1249 3050 crux

717 3088 811 3139 regum
830 3069 1036 3136 magnificentia,
1053 3085 1119 3120 crux
1139 3081 1247 3122 scutum

718 3152 886 3211 perpetuum,
903 3156 968 3192 crux
989 3141 1187 3192 insensatorum
1202 3156 1248 3193 sa-

718 3214 834 3282 pientia,
862 3227 927 3263 crux
956 3211 1066 3262 libertas
1093 3225 1248 3273 servorum,

718 3300 783 3336 crux
796 3282 984 3350 imperitorum
994 3280 1175 3348 philosophia,
1186 3298 1251 3334 crux

719 3357 912 3421 Imperatorum
934 3355 986 3414 lex,
1009 3368 1073 3404 crux
1100 3352 1250 3419 Propheta-

719 3441 781 3477 rum
794 3424 989 3497 ppaeconizatio,
1002 3440 1065 3474 crux
1078 3423 1249 3475 annuntiatio

718 3498 919 3564 Apostolorum,
940 3511 1004 3546 crux
1023 3497 1169 3562 Martyrum
1189 3496 1251 3562 glo·

718 3568 806 3629 riatio,
821 3583 885 3619 crux
900 3566 1094 3617 monachorum
1109 3567 1251 3617 abstinen-

719 3640 765 3701 tia,
791 3655 855 3709 crux
878 3637 1016 3704 virginum
1041 3638 1158 3697 castitas,
1186 3651 1251 3688 crux

719 3710 847 3778 gaudium
872 3709 1049 3770 sacerdotum,
1071 3724 1137 3759 crux
1156 3707 1249 3757 Eccle-

720 3783 767 3833 siae
784 3781 998 3841 fundamentum,
1017 3796 1080 3831 crux
1102 3779 1175 3829 orbis
1196 3787 1251 3827 ter-

720 3869 756 3907 rae
776 3854 867 3918 tutela,
882 3867 946 3904 crux
964 3853 1127 3919 templorum
1143 3850 1251 3900 destru-
