2626 4328
214 283 264 336 DE
280 285 391 336 PRIMO
410 284 727 347 COMPLETOR10,1N
747 285 919 340 PASSIONE
936 289 1074 342 DOMINI.

96 398 125 450 tri
148 399 304 451 ostenditur
323 400 456 466 reparatio
482 401 622 466 lapsorum

95 469 121 521 in
135 470 267 538 martyrio
278 482 388 538 propter
408 472 463 522 illa.
484 499 517 510 -
534 471 625 531 Quar-

94 550 149 592 tum
163 552 215 603 est,
234 542 259 593 si
273 543 411 594 interdum
427 542 456 592 hi
470 542 519 608 qui
532 542 626 593 viden·

93 625 136 667 tur
149 615 232 666 amici
257 615 353 678 nostri,
370 625 396 667 et
417 615 533 682 proximi
547 629 624 665 rece-

93 689 156 738 dant
170 701 186 736 a
201 686 282 737 nobis
302 696 422 753 ternpore
448 685 624 744 necessitatis,

92 758 133 810 vel
151 756 331 817 adversitatis,
356 757 544 823 aequanimiter
568 757 621 806 hoc

93 830 219 894 feramus,
240 845 374 880 memores
404 831 477 896 quod
499 827 624 896 Apostoli

93 910 260 953 recesserunt
282 915 297 951 a
317 901 434 961 Christo,
452 901 495 952 his
512 901 622 951 incum-

93 972 228 1023 bentibus.
253 972 283 1021 ln
306 970 501 1023 conformando
525 987 554 1022 se
577 969 623 1021 isti

92 1043 208 1095 articulo
224 1041 351 1108 recogitet
373 1043 466 1104 homo,
486 1052 621 1109 quantum

91 1128 118 1165 se
130 1113 298 1180 elongaverit
319 1128 335 1164 a
357 1113 412 1164 Deo
433 1114 577 1179 peccando,
597 1121 623 1162 et

91 1185 207 1235 ruminet
217 1183 285 1234 illud
297 1183 460 1234 Psalmistae:
475 1184 548 1245 Quia
565 1196 625 1234 ecce

91 1257 134 1324 qui
143 1256 276 1323 elongant
289 1269 318 1307 se
333 1271 350 1307 a
364 1263 396 1320 te,
408 1258 534 1321 peribunt
543 1275 553 1320 ;
563 1271 626 1323 per·-

91 1326 185 1381 didisti
210 1343 301 1380 omnes
324 1331 369 1396 qui
381 1329 559 1396 fornicantur·
575 1329 625 1380 abs

91 1407 129 1465 te,·
141 1400 209 1451 mihi
222 1406 309 1451 autem
323 1401 464 1452 adhaerere
488 1400 547 1451 Deo
572 1400 620 1451 bo-

92 1488 151 1525 num
172 1479 230 1536 est,·
248 1487 277 1522 ac
300 1482 358 1524 oret
382 1473 469 1523 Deum
492 1472 624 1522 dicendo:

92 1545 165 1608 Jcsu,
181 1545 234 1611 ¹qui
262 1544 360 1596 electos
387 1544 537 1608 discipulos
565 1551 626 1595 tuos

93 1631 180 1669 omnes
194 1631 212 1666 a
230 1623 255 1667 te
264 1615 369 1682 sugere
381 1615 540 1683 permisisti,
569 1630 626 1666 sur-

93 1687 147 1755 cipe
168 1686 325 1754 fugitivum
354 1700 459 1737 servum
493 1693 575 1748 tuum,
600 1691 626 1736 et

95 1765 148 1811 tene
163 1760 265 1811 virtute
278 1759 476 1825 omnipotentiae
491 1764 553 1821 tuae,
578 1773 626 1810 nec

94 1830 148 1881 sine
166 1844 209 1881 me
230 1830 280 1880 abs
300 1836 324 1881 te
340 1829 464 1895 propriae
479 1829 625 1880 voluntatis

93 1902 208 1954 arbitrio
225 1901 351 1968 evagari.
369 1900 483 1952 Attende
496 1917 568 1951 nunc
588 1900 626 1950 di·

93 1972 214 2039 ligenter,
238 1981 264 2022 et
283 1971 345 2022 vide
366 1971 505 2039 quomodo
529 1971 625 2022 Domi-

93 2062 140 2098 nus
152 2047 233 2098 Jesus
250 2044 349 2111 patitur
371 2061 400 2096 se
417 2044 474 2110 capi
494 2055 520 2096 et
536 2044 624 2110 ligari,

93 2126 146 2169 eta
163 2115 308 2180 discipulis
327 2115 485 2167 derelictum
504 2115 567 2165 duci
592 2116 625 2165 ad

94 2188 189 2240 mortis
201 2186 376 2253 supplicium,
391 2203 421 2237 ac
444 2185 467 2236 si
486 2196 558 2238 esset
572 2201 626 2236 ma·

93 2260 203 2312 lefactor
219 2268 246 2308 et
261 2258 374 2310 omnino
393 2259 527 2324 impotens
548 2259 581 2308 ad
597 2273 627 2310 se

93 2334 304 2386 defendendum.
322 2334 391 2384 Cum
407 2343 508 2398 quanto
524 2334 626 2383 clamo-

93 2421 120 2457 re
131 2415 212 2473 putas
227 2420 326 2455 manus
342 2405 369 2454 in
386 2419 449 2454 eum
465 2403 624 2470 injecerunt,

93 2493 173 2545 quam
205 2475 351 2526 crudeliter
377 2490 440 2526 eum
464 2474 624 2540 ligaverunt,

93 2562 173 2613 quam
197 2546 257 2595 dire
282 2544 463 2604 strinxerunt,
493 2553 519 2594 et
543 2560 625 2610 quam

92 2617 267 2670 irreverenter
294 2615 446 2667 traxerunt!
481 2615 626 2667 Considera

92 2690 171 2742 etiam
189 2688 328 2755 quomodo
348 2656 488 2752 discipubs
502 2686 559 2738 suis
580 2687 626 2738 fu·

93 2761 228 2827 gientibus
243 2768 269 2810 et
287 2759 439 2808 errantibus
449 2758 624 2824 compatitur,

94 2842 118 2883 et
144 2831 209 2899 quis
229 2829 282 2880 fuit
302 2830 379 2879 dolor
399 2845 482 2895 quem
500 2828 625 2895 discipuli

95 2901 273 2954 amantissimi
313 2901 483 2963 habuerunt,
517 2901 626 2967 quando

95 2973 213 3040 oportuit
232 2971 305 3039 quod
326 2987 342 3022 a
363 2971 489 3038 Magistro
509 2987 560 3021 suo
581 2971 626 3021 di-

95 3045 240 3097 lectissimo
265 3055 461 3111 separarentur.
491 3043 516 3094 Ο
544 3058 625 3108 quam

97 3115 184 3177 inviti,
203 3133 221 3166 o
238 3131 322 3182 quam
336 3114 434 3175 tristes,
447 3130 463 3164 0
477 3129 560 3180 quam
576 3115 626 3164 de·

97 3187 182 3251 solati,
198 3204 215 3238 o
235 3184 350 3254 qualiter
364 3187 509 3253 plorantes,
525 3201 542 3235 o
558 3201 626 3252 qua-

95 3258 131 3310 les
147 3273 227 3309 voces
250 3266 278 3307 et
299 3257 438 3317 clamores,
460 3255 578 3322 gemitus
600 3266 627 3307 et

95 3329 213 3394 suspiria
230 3328 332 3388 dantes,
361 3325 430 3377 sicut
455 3325 570 3392 orphani
601 3336 627 3376 et

96 3398 191 3450 timore
219 3397 352 3464 perterriti
383 3396 558 3448 recedebant!
594 3398 627 3448 Et

96 3470 258 3536 perpendere
279 3478 365 3535 potes,
381 3468 455 3535 quod
471 3468 626 3518 recedentes

97 3539 218 3592 dicebant
233 3557 239 3590 z
254 3540 279 3590 0
294 3539 421 3605 Magister
434 3540 514 3600 bone,
531 3555 547 3589 o
562 3538 627 3588 dul-

97 3611 132 3662 cis
148 3613 234 3673 Pater,
251 3627 268 3661 o
283 3611 399 3676 benigne
413 3611 539 3671 Domine,
555 3625 627 3676 quo-

98 3681 177 3732 modo
188 3682 225 3733 ita
240 3696 397 3748 separamur
410 3696 425 3731 a
442 3681 486 3731 te?
503 3681 628 3741 Quomo-

98 3749 139 3812 do,
152 3752 233 3803 Pater
248 3760 347 3814 sancte,
363 3751 412 3801 tilii
434 3750 474 3801 tui
493 3749 628 3816 fugiunta

99 3822 138 3873 te?
153 3822 215 3883 Quo
232 3822 344 3883 ibimus,
359 3821 495 3873 Domine?
517 3822 581 3872 Haec
601 3831 627 3872 et

101 3895 184 3946 multa
201 3895 252 3946 alia
266 3895 355 3945 dicere
370 3903 501 3961 poterant.
516 3893 541 3945 Ο
555 3909 628 3961 quo-

1158 304 1209 360 49Ι

677 400 728 452 ties
741 401 822 453 etiam
836 413 907 454 retro
918 404 1108 469 respiciebant,
1122 405 1212 458 viden-

678 483 718 524 tes
731 474 846 540 qualiter
869 476 1003 529 Dominus
1022 493 1088 529 suus
1109 479 1209 545 ligatus

678 555 704 594 et
717 544 775 595 sine
789 545 890 597 honore
903 546 1075 598 trahebatur!
1099 548 1123 600 Ο
1137 564 1210 615 quo·

678 616 728 668 ties
737 632 765 667 se
775 617 804 668 in
819 627 917 670 terram
932 620 1118 686 projiciebant,
1135 621 1208 672 etad

677 688 775 737 coelum
802 688 966 740 clamabant!
994 689 1034 740 Ex
1057 690 1110 741 hoc
1133 691 1209 741 enim

678 759 774 826 magis,
784 769 810 811 et
824 762 910 827 magis
922 776 1016 812 eorum
1037 763 1115 813 dolor
1128 777 1211 830 auge-

678 831 765 889 batur,
785 831 850 898 quia
863 833 990 883 videbant
1003 833 1162 899 Magistrum
1185 841 1213 884 et

677 901 826 953 Dominum
848 919 929 953 suum
950 904 989 954 sic
1014 904 1103 955 viliter
1126 903 1209 964 t'rahi,

678 982 703 1023 et
719 987 798 1023 canes
815 973 877 1023 illos
891 974 1026 1040 pessimos
1044 975 1209 1034 mordentes,

678 1053 705 1096 et
730 1045 763 1095 ad
798 1043 935 1096 victimam
970 1061 1033 1096 eum
1063 1045 1211 1105 trahentes,

678 1115 754 1182 quasi
769 1131 869 1182 agnum
885 1115 1136 1169 mansuetissimum
1148 1115 1208 1166 sine

677 1187 794 1237 clamore
814 1197 839 1237 et
858 1185 1013 1237 resistentia
1035 1186 1121 1254 sequi.
1141 1186 1210 1247 Quis

678 1256 752 1308 enim
764 1267 828 1308 tunc
844 1256 945 1306 doloris
966 1257 1075 1307 aculeus
1088 1256 1212 1321 discipu-

678 1331 767 1381 lorum
783 1329 862 1379 corda
877 1327 1033 1394 penetravit,
1048 1329 1156 1394 quando
1172 1328 1211 1378 vi·

678 1400 778 1451 debant
804 1400 1011 1451 dilectissimum
1049 1399 1209 1466 Magistrum

679 1481 704 1522 et
724 1470 873 1520 Dominum
894 1486 976 1522 suum
1004 1481 1134 1537 tanquam
1149 1485 1208 1520 ma-

678 1542 830 1594 lefactorem
847 1543 909 1594 duci
933 1544 966 1593 ad
991 1553 1116 1606 mortem,
1143 1558 1205 1593 cum

678 1627 704 1669 et
721 1617 766 1668 ille
779 1617 958 1684 impiissimus
972 1618 1055 1668 ludas
1069 1616 1209 1683 poeniten-

678 1691 716 1742 tia
727 1690 832 1754 ductus,
847 1700 917 1740 tanta
930 1690 1104 1756 postmodum
1125 1688 1206 1740 fuerit

678 1777 711 1812 ex
737 1761 788 1811 hoc
814 1762 931 1826 repletus
960 1759 1149 1820 amaritudine,
1179 1767 1212 1808 ut

678 1831 803 1882 maluerit
826 1831 895 1882 mori
917 1847 1000 1897 quam
1026 1830 1129 1881 vivere?
1151 1830 1208 1880 Co·

678 1904 762 1971 gitare
776 1911 860 1969 potes,
885 1900 906 1953 si
928 1902 1045 1953 Domina
1065 1902 1149 1952 Mater
1161 1916 1210 1952 sua

678 1974 717 2025 ibi
731 1973 835 2033 fuisset,
850 1973 915 2040 quid
933 1972 1059 2024 fecisset?
1076 1972 1100 2023 0
1116 1971 1208 2023 Domi·

679 2060 713 2095 na
726 2059 794 2104 mea,
807 2059 889 2110 quam
910 2045 988 2101 mala,
1001 2055 1026 2095 et
1040 2059 1122 2109 quam
1140 2056 1211 2093 ama·

679 2130 707 2166 ra
728 2115 779 2166 erit
804 2114 854 2164 tibi
875 2114 932 2165 dies
958 2114 1079 2175 crastina,
1096 2113 1204 2180 quando

678 2185 780 2245 audies,
795 2195 821 2235 et
837 2185 946 2250 quando
960 2184 1063 2234 videbis
1076 2194 1132 2233 tam
1143 2198 1207 2232 cru-

678 2260 736 2309 dele
748 2257 948 2324 spectaculum?
964 2257 988 2307 O
1003 2256 1120 2306 Domine
1134 2256 1209 2315 Jesu,

678 2343 738 2394 quae
769 2327 858 2377 anima
886 2328 944 2377 haec
969 2325 1090 2391 cogitans
1115 2334 1208 2390 potest

677 2398 819 2458 sustinere,
832 2397 905 2462 quod
924 2411 979 2446 non
996 2405 1136 2461 rumpatur
1151 2409 1207 2461 prae

678 2467 790 2520 dolore?

710 2541 897 2593 28Cmi1srus
922 2556 1025 2592 narrauit
1052 2557 1087 2592 an
1112 2541 1209 2591 Auula

678 2629 802 2665 nucrrun.
826 2643 857 2652 -
875 2613 1006 2679 Conspice
1037 2613 1120 2680 igitur
1144 2627 1208 2663 eum

678 2684 815 2751 quomodo
833 2684 940 2736 ducitur
954 2683 987 2734 ab
1005 2683 1060 2734 illis
1071 2681 1209 2749 nequissi·
1234 2695 1237 2699 ·

680 2753 733 2805 mis
757 2755 791 2805 de
818 2764 939 2805 torrente
966 2769 1076 2804 sursum
1112 2767 1207 2803 versus

678 2828 825 2878 Jerusalem
839 2827 1007 2887 festinanter,
1029 2836 1055 2876 et
1076 2840 1137 2875 cum
1155 2823 1211 2874 im-

679 2908 751 2964 petu,
770 2898 895 2948 manibus
910 2907 981 2947 retro
993 2911 1007 2946 e
1021 2895 1132 2961 regione
1146 2894 1211 2945 dor-

679 2969 702 3020 si
712 2969 810 3037 ligatis,
824 2978 858 3028 et,
872 2979 902 3018 ut
916 2967 1024 3027 dicitur,
1039 2976 1130 3016 catena
1139 2966 1210 3017 collo

679 3056 729 3092 suo
754 3039 889 3104 imposita,
910 3036 1131 3104 exchlamydatus
1165 3045 1211 3088 tu-

679 3114 748 3175 nica,
764 3129 819 3162 non
834 3113 937 3162 curiose
952 3110 1112 3171 succinctus,
1133 3110 1210 3177 capi-

679 3196 705 3236 te
721 3183 914 3249 discoopertus,
932 3193 958 3233 et
975 3197 1072 3232 curvus
1093 3196 1125 3232 ex
1147 3179 1212 3231 fati-

680 3254 795 3321 gatione,
810 3264 835 3303 et
849 3252 1001 3303 vehementi
1017 3251 1211 3303 acceleratione

680 3324 815 3384 incedens,
832 3335 858 3375 et
872 3323 1011 3389 quomodo
1025 3337 1112 3389 agnus
1126 3322 1213 3372 inno·

680 3411 742 3448 cens
767 3394 836 3446 inter
859 3396 938 3460 lupos
950 3395 1005 3444 ibat
1022 3394 1168 3444 mordaces.
1183 3391 1208 3443 Ο

680 3484 762 3536 quam
793 3468 925 3519 violenter
952 3482 1015 3518 eum
1039 3465 1213 3532 impellebant

680 3556 727 3606 per
740 3539 817 3591 vallis
837 3538 1106 3604 losaphatmedium,
1135 3547 1161 3588 et
1180 3536 1214 3587 ad

681 3612 783 3662 montis
796 3609 956 3662 ascensum!
974 3610 1064 3670 Quam
1076 3608 1213 3676 fatigatus,

681 3692 707 3733 et
725 3682 858 3734 molestiis
878 3681 1005 3746 afflictus,
1030 3681 1139 3732 transiit
1166 3692 1215 3745 per

681 3762 826 3803 torrentem
845 3752 962 3810 Cedron,
977 3762 1007 3802 ut
1021 3750 1214 3817 adimpleretur

682 3823 817 3888 Scriptura
838 3837 900 3888 quae
917 3821 1004 3872 dicit:
1019 3822 1061 3872 De
1084 3824 1212 3880 torrente,

681 3908 779 3945 amarae
791 3893 891 3944 scilicet
903 3892 1051 3952 Passionis,
1066 3892 1093 3941 in
1108 3890 1153 3940 via
1169 3887 1213 3940 bi-
