2626 4328
141 261 196 330 894
451 263 562 315 INDEX
577 263 776 316 GENERALIS
797 262 932 314 RERUM.

141 379 203 430 Duo
216 393 277 446 quae
287 378 472 446 principaliter
484 380 517 432 ad
532 379 675 430 humilita-
905 393 1079 431 urnnomcus.

173 457 229 499 tem
244 449 385 500 inducunt.
585 451 605 511 Ι,
625 448 675 500 166

141 519 181 570 De
194 521 321 571 exercitIo
336 519 510 573 humilitatis.
589 518 674 583 1,162
729 519 876 586 Hydropici
894 519 1008 571 sanatio.
1160 523 1192 582 ΙΙ,
1209 525 1257 588 725

142 574 313 644 Humilitatis
326 593 433 645 indicia.
585 593 606 656 l,
626 592 676 644 roo
730 589 876 657 Hydropici
888 590 1067 656 proprietates
1081 600 1187 657 septem
1198 595 1262 646 desi·

144 661 313 714 Humilitatis
337 664 465 730 magister
489 673 530 715 est
550 663 677 715 Christus
761 671 873 728 gnantes
897 671 999 728 septem
1024 662 1148 729 capitalia
1171 681 1260 731 pecca-

175 732 319 784 Dominus.
579 733 678 799 11.·534
760 741 795 783 ta.
1153 736 1189 797 ΙΙ,
1208 752 1259 803 727

147 805 177 856 In
206 806 361 859 humilitate
382 806 491 858 Christo
503 807 607 860 similes
620 822 678 859 esse

148 961 295 1069 Hffssilins
325 1019 416 1071 Mariae
439 1019 569 1086 Virginis.
594 988 615 1082 Ι,
643 1036 678 1087 49

147 1087 294 1139 Humilitas
308 1089 422 1140 Ioannis
437 1089 574 1156 Baptistae.
589 1092 611 1152 1,
629 1105 678 1157 190

153 1158 303 1210 Humilitas
310 1159 413 1211 Christi
429 1161 642 1227 progenitorum.
658 1161 678 1221 Ι,

362 1316 468 1353 mm
644 1228 680 1299 69
920 1299 1078 1335 nrocnrrn.

732 1052 891 1120 Hypocrisis
909 1053 1009 1106 vitium
1028 1069 1111 1120 quam
1130 1055 1167 1106 sit
1190 1056 1262 1107 dete·

825 1125 832 1136 '
862 1164 868 1176 .
956 1181 958 1185 ,
995 1126 1028 1190 ΙΙ,
1044 1125 1263 1196 695et111,290

109 1433 118 1451 ³
150 1443 191 1494 De
216 1459 263 1494 sex
293 1443 398 1511 hydriis
425 1444 582 1510 nuptiarum
603 1444 682 1496 Canae
735 1441 882 1510 Hypocrita
901 1441 1036 1510 quidquid
1049 1442 1130 1494 faciat
1143 1458 1199 1493 non
1223 1459 1268 1509 po-

182 1514 360 1581 spiritualiter
371 1516 519 1582 explicatis.
591 1517 613 1578 1,
628 1515 681 1566 263
765 1522 820 1564 test
831 1514 879 1565 diu
892 1514 982 1566 latere.
1171 1516 1194 1576 1,
1217 1514 1265 1582 390

157 1586 198 1637 De
220 1586 349 1653 hydrias
369 1587 484 1638 muliere
516 1587 684 1639 Samaritana
736 1587 946 1654 Hypocritarum
976 1590 1037 1640 laus
1059 1598 1101 1640 est
1127 1589 1220 1641 brevis
1243 1598 1267 1638 et

183 1657 283 1709 relicta.
582 1659 616 1721 11,
631 1657 683 1725 507
769 1658 970 1725 instarpuncti.
1180 1662 1202 1721 1,
1219 1658 1266 1725 348

712 1854 723 1905 1

361 2037 462 2073 *monn
743 2021 865 2084 Quilibet
892 2033 980 2089 portat
1002 2023 1151 2090 imaginem
1178 2022 1265 2080 illius,

775 2095 849 2160 cujus
864 2094 946 2146 habet
959 2111 1047 2162 opera.
1160 2095 1206 2156 111,
1220 2093 1266 2160 269

155 2162 230 2214 Idola
250 2164 323 2215 unde
339 2163 428 2231 primo
439 2164 572 2231 originem
592 2163 690 2231 habue,

185 2232 249 2284 rint.
578 2235 610 2295 ΙΙ,
625 2231 678 2284 665
960 2252 1058 2288 ruerus.
1121 2250 1123 2255 ·

162 2303 236 2354 Idola
263 2316 451 2369 conteruntur,
473 2304 590 2357 Domino
610 2305 691 2371 AEgy·

187 2385 265 2441 ptum
278 2376 404 2429 intrante.
601 2375 623 2440 l,
639 2389 689 2439 140
744 2379 847 2447 impios
858 2381 932 2432 Deus
944 2373 991 2432 'hic
1009 2379 1128 2431 sustinet
1138 2378 1268 2498 tribussgg

471 2472 473 2476 ·
774 2451 871 2503 causis.
1176 2450 1209 2510 ΙΙ,

381 2538 460 2574 roure.
743 2522 887 2584 Quomodo
901 2521 980 2588 impii
994 2521 1021 2573 in
1036 2521 1088 2572 hoc
1104 2521 1210 2572 mundo
1224 2521 1266 2570 bo·

774 2594 819 2644 nis
831 2593 945 2661 prosint.
1178 2592 1211 2653 ΙΙ,
1224 2586 1267 2641 586

157 2665 249 2730 Ignem
266 2666 374 2732 qualem
390 2665 516 2719 Christus
539 2665 568 2716 in
590 2676 689 2717 terram
743 2664 838 2730 Impiis
849 2665 952 2731 placere
965 2663 1056 2715 conari
1065 2677 1216 2728 numquam
1226 2661 1267 2710 de·

187 2735 300 2787 miserit.
587 2736 620 2796 Il,
635 2750 685 2803 491
774 2735 879 2785 bemus.
1178 2733 1211 2793 ΙΙ,
1224 2743 1265 2796 742

155 2805 195 2856 De
223 2806 285 2872 igne
311 2805 549 2873 conflagrationis,
578 2806 690 2871 ejusque
745 2807 836 2859 Etiam
850 2806 928 2873 impii
942 2807 1081 2857 daemones
1102 2805 1200 2871 ejicere
1213 2817 1267 2870 pos·

187 2876 314 2938 efficacia,
329 2886 355 2928 et
376 2886 493 2945 quatuor
512 2875 615 2927 officiis.
636 2876 689 2998 ἐν,
774 2887 845 2929 sunt.
931 2883 934 2890 '
1180 2875 1211 2936 ΙΙ,
1226 2873 1268 2938 529

654 2962 691 3012 04

334 3037 504 3073 rononmrn.
923 3034 1095 3070 rucannnrro.

159 3163 313 3230 Ignorantia
336 3163 456 3215 affectata
475 3178 530 3214 non
554 3170 691 3214 excusata
745 3161 936 3214 incarnationis
960 3160 1112 3212 remedium
1140 3157 1271 3227 quomodo

188 3243 304 3301 peccato.
575 3234 619 3293 ΙΙΙ,
639 3231 690 3298 348
754 3231 806 3284 'ut
820 3232 932 3283 unicum
949 3231 978 3283 in
992 3230 1135 3282 Trinitatis
1159 3225 1271 3281 conclavi

161 3305 204 3356 Ex
226 3304 381 3371 ignorantia
405 3314 527 3371 peccatur
552 3303 691 3370 periculo·
764 3309 924 3358 decretum.
1208 3305 1227 3365 Ι,
1244 3315 1269 3351 21

190 3375 256 3426 sius·
576 3374 620 3437 Ill,
637 3371 691 3438 348
746 3378 894 3430 incarnatio
925 3376 1028 3428 Christi
1058 3391 1106 3426 cur
1135 3373 1271 3442 speciatim

158 3448 311 3514 Ignorantia
334 3448 442 3501 ratione
473 3447 600 3514 placatur,
626 3446 691 3496 dum
777 3450 890 3518 Spiritui
902 3451 999 3501 Sancto
1015 3449 1187 3500 attribuatur,
1210 3447 1229 3507 l,
1244 3441 1273 3509 46

192 3521 295 3572 malitia
309 3523 448 3574 excitatur.
591 3519 623 3580 ΙΙ,
638 3516 688 3569 661
748 3523 944 3575 incarnationis
965 3521 1134 3589 mysterium.
1213 3519 1232 3579 Ι,
1246 3516 1274 3567 59

749 3593 900 3646 incarnatio
916 3608 999 3659 quam
1009 3591 1152 3642 mirabilis.
1212 3589 1232 3653 1,
1246 3586 1275 3637 50

380 3689 470 3727 meo,
504 3665 508 3673 '
750 3666 781 3716 In
808 3663 994 3716 incarnatione
1018 3662 1082 3713 Filii
1098 3661 1150 3713 Dei
1187 3659 1275 3780 triplgx

780 3735 856 3788 unio.
1224 3768 1231 3793 ‚
1265 3743 1272 3775 1

162 3819 253 3884 Imago
269 3828 295 3869 et
310 3818 464 3871 slmilitudo
486 3819 516 3870 in
544 3780 694 3886 qundlffe-
751 3808 858 3871 Quanta
880 3814 922 3856 est
942 3801 1063 3872 mysterii
1090 3797 1277 3853 incarnationis

195 3898 262 3940 rant.
580 3887 625 3948 IV,
641 3883 692 3953 783
782 3877 950 3931 solemnitas.
1213 3871 1233 3930 l,
1248 3865 1275 3918 55
