2626 4328
10 2872 13 2905 Ι

194 285 244 336 DE
260 283 370 337 PRIMO
388 281 655 347 COMPLETORIO,
672 282 706 335 IN
724 283 891 338 PASSIONE
908 285 1044 338 DOMINI.
1120 287 1173 352 475

55 416 121 464 nem,
144 401 175 451 in
197 400 368 467 praedicando
390 397 513 460 diversis,
533 398 586 450 bo-

57 486 117 522 num
130 481 172 522 est
188 472 353 537 quandoque
366 470 469 521 iterare.

64 571 69 577 -·
82 541 98 590 8
113 544 264 592 Arrnnrrro
275 542 379 591 Aream
388 541 517 591 Dourrvurr
526 553 586 589 corv-

59 625 208 663 roaraurrs.
232 640 263 649 -
283 611 354 663 Cum
382 621 471 661 autem
500 619 586 660 oraret

62 695 81 734 et
97 685 252 736 anxiaretur
267 685 402 736 Dominus
423 684 510 744 lesus,
525 699 585 734 ecce

63 756 171 822 Angelus
201 755 326 822 princeps
355 755 469 805 Michael
500 753 585 805 astitit

64 825 205 877 confortans
226 826 254 876 in
274 841 307 876 eo
324 837 428 877 motum
449 823 584 875 sensuali-

66 898 129 960 tatis,
153 899 304 949 secundum
327 913 409 964 quam
433 897 584 946 minoratus

68 979 96 1019 eet
107 971 184 1035 paulo
206 971 300 1020 minus
315 971 348 1020 ab
367 969 486 1036 Angelis,
505 968 583 1019 illum

68 1041 152 1094 scilicet
169 1053 276 1094 motum
293 1042 340 1108 qui
356 1053 470 1092 mortem
483 1042 583 1092 exhor-

69 1114 135 1166 rebat.
147 1116 243 1166 Statim
256 1124 399 1180 postquam
413 1113 539 1164 Christus
555 1127 583 1162 se

69 1185 179 1237 voluntati
202 1185 288 1236 Patris
309 1184 445 1244 submisit,
463 1184 582 1249 Angelus

69 1267 115 1304 tum
129 1255 294 1315 confortavit,
311 1255 339 1304 in
363 1270 418 1321 quo
437 1253 581 1304 innuitur:

67 1328 192 1391 quodlicet
204 1328 370 1396 quandoque
385 1343 440 1377 non
449 1326 496 1377 fiat
508 1327 580 1391 quod

67 1399 152 1461 petitur,
166 1401 230 1467 quia
240 1399 308 1450 forte
322 1414 376 1448 non
387 1398 503 1464 expedit,
515 1413 582 1448 sern-

67 1481 190 1533 putamen
202 1472 289 1522 oranti
301 1469 426 1521 mentalis
435 1469 581 1519 consolatio

67 1543 194 1606 confertum
216 1554 252 1607 et,
269 1543 420 1595 secundum
445 1542 581 1611 Theophi-

68 1609 114 1675 lum,
126 1624 153 1665 ut
166 1613 246 1664 nobis
260 1614 439 1664 innotesceret
452 1612 581 1663 orationis

66 1683 146 1747 virtus,
167 1695 307 1753 quatenus
331 1701 389 1736 eam
414 1685 443 1736 in
463 1685 581 1736 adversis

66 1769 244 1823 preponamus.
272 1757 361 1808 Orans
387 1757 518 1808 Dominus
546 1757 579 1808 ab

64 1828 149 1896 Angelo
161 1830 336 1892 confortatur,
351 1841 377 1882 et
395 1829 508 1880 humilis
522 1830 580 1880 Do..

63 1899 137 1952 ninus
150 1912 300 1953 reverenter
319 1911 344 1952 et
362 1901 502 1952 humiliter
516 1917 579 1952 sus-

62 1970 111 2038 cipit
129 1973 197 2024 hanc
214 1972 447 2033 confortationem,
465 1973 546 2024 etiam
564 1989 580 2024 a

61 2055 96 2094 tua
113 2041 245 2109 creatura,
271 2045 444 2096 considerans
470 2060 498 2094 se
522 2059 580 2094 esse

60 2115 210 2168 minoratum
227 2116 313 2183 paulo
332 2117 419 2167 minus
436 2117 471 2166 ab
484 2118 580 2183 Ange-

60 2183 91 2248 lit,
116 2188 181 2238 dum
204 2197 245 2237 est
273 2186 301 2236 in
326 2186 375 2236 hac
400 2189 578 2252 lacrymarum

59 2259 126 2325 ulle3
137 2270 164 2310 et
182 2259 254 2311 sicut
267 2259 472 2310 contristabatur
485 2268 516 2309 ut
525 2259 579 2309 ho·

58 2341 100 2389 uo,
116 2330 156 2381 sic
180 2345 213 2380 ex
234 2329 326 2379 verbis
348 2328 442 2394 Angeli
467 2329 509 2379 sui
528 2328 579 2379 fuit

56 2399 210 2467 confortatus
220 2409 251 2450 ut
259 2399 353 2450 homo.
364 2399 417 2449 Nec
428 2400 578 2464 putandum

55 2472 115 2534 quod
131 2470 177 2522 hic
200 2471 328 2537 Angelus,
345 2471 387 2521 vel
403 2470 482 2530 alius,
498 2470 579 2522 fuerit

55 2537 75 2589 in
88 2542 145 2607 ejus
164 2541 315 2592 custodiam
336 2543 492 2607 deputatus3
514 2541 578 2608 quia

55 2607 94 2662 hoc
117 2628 172 2663 non
194 2611 298 2673 decuit,
327 2622 354 2662 et
378 2611 503 2663 Christus
523 2628 578 2662 non

55 2678 169 2750 indiguit.
195 2683 350 2734 Secundum
372 2684 489 2746 Bedam,
513 2683 577 2734 alibi

56 2755 117 2818 quod
137 2755 236 2822 Angeli
255 2754 279 2806 ei
299 2754 519 2815 ministraverint,
533 2755 578 2805 hic

57 2827 117 2890 quod
127 2829 251 2894 Angelus
264 2842 326 2878 eum
340 2826 527 2878 confortaverit
540 2825 579 2876 di·

56 2895 126 2964 citur3
149 2909 180 2951 ut
204 2909 317 2966 utraque
338 2907 432 2950 natura
454 2898 578 2964 designe-

57 2977 97 3022 tur.
108 2973 177 3024 Nam
191 2971 289 3023 divinae
302 2982 403 3023 naturae
415 2971 511 3037 Angeli
528 2970 578 3020 mi-

57 3039 168 3103 nistrant,
178 3042 328 3093 humanam
342 3057 405 3093 vero
416 3041 576 3092 confortant.

57 3111 180 3177 Apparuit
193 3117 283 3171 autem
296 3112 321 3164 ei
330 3112 461 3178 Angebat,
472 3111 577 3162 visione

58 3182 176 3247 corporali
198 3183 227 3232 in
243 3191 382 3248 assumpto
394 3196 505 3248 corpore
522 3181 577 3232 hu-

57 3264 134 3315 mano,
153 3254 296 3304 consolans
314 3269 377 3304 eum
394 3269 441 3319 per
464 3254 575 3304 modurn

57 3324 210 3376 servientis:
233 3340 289 3375 non
313 3335 420 3391 propter
439 3341 467 3376 se
486 3335 512 3376 et
533 3325 575 3375 sui

58 3386 232 3460 indigentiam,
247 3395 294 3445 sed
310 3395 395 3461 magis
409 3406 516 3461 propter
531 3396 576 3446 di-

56 3462 208 3528 rctputorum
219 3465 403 3516 assistentium
417 3465 576 3517 consolatio-

59 3545 117 3596 nem,
129 3545 157 3586 et
173 3536 206 3586 ad
223 3534 440 3586 confirmandum
454 3536 535 3586 fidem
547 3536 575 3586 in

58 3602 96 3667 tia,
108 3608 181 3674 quod
195 3607 323 3659 Christus
337 3607 373 3658 sit
387 3608 472 3672 major
485 3611 576 3674 Ange-

57 3671 91 3736 lis,
101 3678 203 3729 ratione
216 3678 336 3741 deitatis3
351 3693 380 3728 ac
400 3688 509 3744 propter
524 3695 575 3729 no-

58 3753 127 3798 stram
146 3747 361 3807 instructionem,
384 3749 416 3798 ad
433 3748 576 3800 ostenden-

59 3812 112 3868 lum
125 3819 227 3879 scilicet
241 3821 314 3886 quod
334 3819 431 3884 Angeli
446 3818 578 3870 assistunt

60 3887 125 3939 uobis
147 3888 301 3950 orantibus,
324 3888 503 3940 confortantes
527 3905 576 3940 nos

640 399 669 450 in
683 399 819 464 oratione;
840 412 868 453 et
886 410 916 453 ut
929 418 962 453 ex
976 417 1025 453 sua
1043 412 1104 469 post
1122 403 1175 453 tri-

638 471 740 522 stitiam
753 475 945 535 consolatione,
959 475 1090 526 sciremus
1100 478 1173 541 quod

638 541 776 595 tribulatis
805 560 853 610 pro
885 545 995 596 Christo
1028 560 1084 595 non
1118 546 1174 597 de-

638 622 679 663 est
698 613 790 664 divina
818 617 976 680 consolatio,
1001 616 1076 680 juxta
1104 616 1172 667 illud

639 681 785 733 Psalmistae
809 700 816 734 ε
837 685 988 736 Secundum
1013 684 1173 735 multitudi-

637 765 694 802 nem
703 752 826 804 dolorum
841 769 957 806 meorum
970 755 997 806 in
1012 756 1093 807 corde
1104 770 1169 819 meo,

636 824 1172 894 consolationestuoelaetificaveruntani·
1263 874 1266 883 .

636 908 705 945 mam
726 910 819 947 meam.
844 898 922 960 Nam,
942 899 1092 948 secundum
1114 899 1170 950 Be-

628 965 706 1029 dm,
727 966 838 1018 Creator
861 984 914 1018 non
938 968 1075 1034 indigebat
1097 983 1170 1020 crea-

636 1046 702 1087 turae
721 1038 860 1103 subsidi03
888 1039 935 1091 sed
960 1039 1044 1090 homo
1065 1041 1168 1099 factus,

636 1106 705 1157 sicut
737 1109 817 1159 nobis
846 1119 872 1164 et
906 1121 1015 1176 propter
1049 1127 1098 1162 nos
1119 1122 1170 1163 ¹est

634 1180 818 1243 contristatus,
836 1183 875 1232 sic
903 1183 983 1233 nobis
1008 1193 1034 1234 et
1057 1195 1165 1250 propter

635 1267 685 1303 nos
708 1263 748 1305 est
770 1254 944 1306 confortatus.
962 1256 1014 1306 Sed
1036 1256 1093 1322 ipse
1107 1256 1167 1308 Do-

635 1322 725 1373 minus
737 1334 764 1374 et
780 1325 882 1375 ratione
897 1340 925 1375 se
936 1322 1113 1388 confortabat,
1128 1328 1166 1376 di-

634 1409 696 1444 cens
720 1395 753 1445 ad
784 1396 888 1447 Patrem
907 1397 993 1448 :Non
1018 1398 1089 1448 sicut
1112 1412 1164 1465 ego

633 1465 709 1531 volo,
735 1469 784 1519 sed
801 1470 879 1524 sicut
902 1476 940 1521 tu.
966 1469 1052 1520 Aiunt
1076 1480 1166 1522 autem

633 1537 744 1603 quidam
767 1539 883 1590 Michael
901 1539 1019 1591 astitisse
1033 1541 1120 1592 oranti
1142 1551 1167 1592 et

633 1610 733 1662 dixisse
747 1626 777 1662 se
799 1611 868 1662 Patri
885 1612 1018 1664 orationis
1044 1625 1166 1665 tenorem

632 1682 774 1744 retulisse,
812 1700 960 1751 omnesque
998 1686 1166 1750 procidentes

632 1755 757 1820 Angelos³
774 1771 823 1822 pro
843 1757 895 1808 hoc
920 1758 980 1823 ipso
1009 1773 1100 1809 orasse
1110 1797 1117 1818 ,
1127 1776 1130 1780 ·
1141 1769 1167 1810 et

632 1828 802 1891 respondisse
817 1828 920 1880 Patrem
935 1845 942 1879 :
957 1829 1038 1879 Noiit
1052 1829 1165 1882 dilectus

632 1896 718 1948 Filius
737 1913 814 1949 meus
840 1900 913 1966 quod
932 1900 1046 1951 humani
1059 1902 1164 1967 generis

631 1967 792 2033 redemptio,
806 1970 880 2036 quod
897 1970 934 2021 sic
954 1981 1089 2037 optamus,
1104 1971 1163 2022 sine

632 2040 673 2089 sui
706 2043 848 2108 sanguinis
881 2042 1012 2095 effusione
1039 2045 1164 2095 decenter

632 2111 689 2162 fieri
713 2129 768 2164 non
793 2123 890 2180 potest.
924 2117 1045 2181 Angelus
1072 2125 1162 2167 autem

632 2193 692 2247 post
704 2183 762 2235 haec
781 2185 943 2236 confortavit
963 2202 1025 2236 eum
1040 2203 1047 2236 t
1062 2187 1114 2247 vel,
1130 2187 1164 2235 de

632 2253 673 2303 sui
689 2256 839 2320 praesentia,
856 2256 926 2307 sicut
948 2257 1052 2306 amicus
1065 2256 1098 2305 de
1114 2270 1163 2306 sua

632 2326 774 2389 praesentia
800 2325 933 2377 confortat
950 2325 1078 2387 amicum,
1092 2326 1163 2375 unde

630 2395 808 2459 confortavit,
824 2396 851 2446 id
866 2407 907 2447 est
921 2397 954 2448 ad
968 2397 1081 2446 modum
1101 2411 1163 2447 con-

630 2464 751 2515 fortantis
773 2481 802 2516 se
830 2465 936 2525 habuit,
959 2467 1059 2518 scilicet
1072 2467 1096 2518 ei
1114 2481 1161 2517 as-

630 2535 749 2586 sistendo
756 2552 764 2599 ;
793 2537 845 2597 vel,
874 2536 942 2588 forte
960 2538 1051 2604 aliqua
1079 2538 1160 2588 verba

629 2608 805 2658 consolatoria
819 2608 943 2669 dicendo,
957 2620 987 2660 ut
1001 2609 1095 2660 forent¹
1104 2609 1162 2660 haec

630 2691 676 2731 aut
703 2681 748 2732 his
768 2681 871 2733 similia
885 2700 892 2732 e
907 2683 972 2749 quia
992 2682 1092 2734 scilicet
1117 2683 1161 2735 hic

629 2752 748 2802 vincetur
774 2752 891 2815 Lucifer,
914 2753 983 2804 sicut
1010 2753 1097 2804 victus
1122 2762 1161 2804 cst

629 2824 656 2874 in
669 2825 746 2884 coelo,
763 2825 828 2892 quia
842 2826 1045 2892 magnanimum
1063 2841 1159 2893 magna

630 2895 762 2945 sustinere
787 2896 901 2957 deceret,
918 2895 983 2962 quia
1002 2897 1092 2962 passio
1105 2897 1158 2946 cito

629 2967 763 3029 transiret,
777 2975 805 3017 et
819 2967 875 3031 ejus
893 2967 995 3018 fructus
1011 2977 1080 3017 esset
1095 2982 1159 3032 per-

630 3046 735 3102 petuus,
749 3037 852 3100 scilicet
876 3037 1024 3103 redemptio
1041 3037 1159 3088 humani
1208 3037 1210 3040 ⁴

629 3109 750 3173 generis,
787 3119 814 3159 et
850 3109 1007 3160 restauratio
1035 3111 1161 3176 angelicae

629 3179 725 3241 ruinae,
747 3190 794 3230 aut
807 3179 911 3246 aliquid
928 3181 1034 3246 simile;
1048 3184 1100 3242 vel,
1118 3197 1160 3232 se-

629 3250 748 3300 cundum
769 3250 912 3316 quosdam,
927 3262 958 3302 ut
976 3253 1041 3303 dicit
1071 3253 1098 3302 Τ
1096 3253 1161 3304 heo-

625 3321 733 3386 philru,
766 3322 817 3372 ista
850 3324 970 3388 angelica
1002 3324 1162 3375 confortatio

629 3390 681 3441 fuit
709 3392 811 3444 Christi
850 3394 1024 3460 glorificatio,
1053 3395 1164 3445 dicebat

629 3462 702 3512 enim
729 3465 851 3530 Angelus
889 3464 1043 3530 glorificans
1073 3482 1160 3517 eum:

629 3534 755 3595 Domine,
779 3546 825 3586 tua
849 3547 889 3587 est
913 3537 1008 3598 virtus,
1029 3548 1058 3589 tu
1084 3547 1160 3605 potes

629 3617 720 3657 contra
744 3619 859 3657 mortem
875 3619 901 3659 et
924 3608 1061 3660 infernum
1078 3625 1164 3676 genus

629 3678 743 3728 liberare
771 3679 931 3742 humanum,
959 3691 985 3731 et
1009 3681 1118 3731 similia.
1141 3681 1165 3732 0

628 3748 712 3810 Jesu,
739 3750 786 3815 qui
809 3751 835 3801 itt
858 3751 980 3802 oratione
999 3752 1108 3817 positus
1129 3753 1164 3801 ab

629 3820 736 3885 Angelo
764 3821 918 3887 confortari
953 3821 1064 3871 voluisti
1075 3859 1084 3884 ,
1126 3822 1161 3870 da

629 3889 693 3941 milti
703 3904 754 3955 pei·
768 3891 892 3941 virtutem
911 3891 1044 3942 orationis
1057 3897 1120 3951 τιατ,
1132 3897 1161 3940 ut
