2626 4328
216 243 263 293 DE
276 240 495 292 ASCENSIONE
511 235 638 288 DOMINI
656 234 787 287 NOSTRI
803 234 885 285 JESU
901 235 1051 286 CHRISTI.

91 360 176 411 sessio
197 358 325 422 importat
345 356 490 421 quamdam
504 352 621 404 associa-

90 431 192 482 tionem
211 428 332 487 honoris,
349 426 415 493 quia
428 426 521 476 eadem
541 438 621 474 vene-

91 502 196 553 ratione
221 509 365 550 veneratur
393 497 563 556 humanitas,
592 495 621 545 ih

91 581 225 638 quantum
253 569 330 617 unita
356 568 446 618 Verbo
472 581 533 615 cum
565 564 623 630 ipsa

25 681 27 686 -
90 645 198 702 deitate,
213 643 283 692 sicut
295 640 377 691 vestis
397 639 470 710 regia
489 653 550 689 cum
564 637 623 703 ipso

90 730 163 780 rege,
176 713 284 779 quando
295 721 336 761 est
350 726 379 760 ea
394 709 534 761 actualiter
547 707 624 758 indu·

90 799 146 848 tus,
162 797 188 837 et
204 785 242 836 sic
256 784 397 835 Christum
415 783 442 832 in
457 782 564 832 dextera
575 779 624 830 Dei

93 850 626 918 Patrissedere,esthumanitateminglo-

92 929 132 980 ria
140 925 288 977 divinitatis
299 923 536 990 requiescere;alio
544 921 626 972 modo

92 999 241 1052 secundum
252 1012 289 1056 se,
302 995 377 1046 etsie
393 995 510 1044 sederea
524 992 626 1044 dextris

94 1069 189 1130 Patris,
208 1067 333 1132 designat
351 1081 410 1117 esse
428 1066 457 1117 iu
473 1064 627 1132 potioribus

93 1144 151 1208 ejus
169 1139 268 1201 bonis,
288 1138 359 1188 sicut
378 1138 486 1188 dextera
502 1145 543 1188 est
564 1150 626 1202 pars

94 1210 224 1270 nobilior,
240 1220 265 1259 et
285 1207 374 1273 potior
388 1207 517 1271 corporis.
532 1205 627 1256 Merito

94 1280 221 1332 Christus
235 1279 334 1329 dicitur
344 1278 435 1328 sedere
449 1277 482 1327 ad
492 1277 627 1327 dexteram

93 1352 145 1403 Dei
163 1352 277 1401 :sedere
296 1349 417 1415 quidem,
437 1347 502 1414 quia
521 1347 628 1398 labora-

95 1424 151 1486 vit3
177 1424 210 1473 ad
230 1424 366 1472 dexteram
391 1430 489 1483 autem,
514 1419 580 1485 quia
599 1419 628 1469 in

95 1495 208 1546 sinistra
229 1492 395 1543 adversitatis
418 1490 465 1540 diu
487 1490 554 1553 fuit;
580 1489 629 1541 Dei

95 1581 160 1616 vero
174 1563 280 1624 dicitur,
301 1562 365 1628 quia
379 1572 440 1627 post
453 1561 629 1625 abjectionem

98 1636 197 1687 merito
210 1634 295 1700 gloria
306 1631 438 1698 sequitur.
451 1631 556 1682 Dicitur
567 1646 630 1696 ergo

99 1709 202 1767 sedere,
227 1706 291 1772 quia
310 1705 422 1771 aequalis
442 1716 482 1756 est
506 1704 579 1754 Patri
601 1704 631 1753 in

98 1789 231 1849 potestate
243 1778 389 1844 judicandi.
404 1777 509 1828 Dicitur
520 1787 547 1827 et
562 1786 633 1826 stare

99 1852 148 1920 qui
169 1866 233 1901 suos
247 1850 318 1914 juvat
339 1849 367 1898 in
389 1849 485 1899 militia
499 1847 632 1914 praesenti.

100 1928 158 1978 Nos
175 1925 310 1975 credimus
333 1922 475 1974 Christum
500 1938 516 1973 n
532 1921 634 1973 dextris

102 1997 189 2049 Patris
217 1997 376 2055 sedentem,
408 1994 473 2061 quia
499 1994 634 2045 credimus

100 2087 165 2122 eum
192 2077 368 2135 regnantem,
394 2077 420 2118 et
443 2067 633 2134 quiescentem,

102 2157 164 2209 quae
180 2150 309 2191 notantur
322 2155 370 2205 per
391 2139 552 2202 sessionem3
572 2139 634 2189 Ste-

102 2214 212 2280 phanus
228 2221 319 2261 autem
335 2209 401 2260 vidit
414 2225 477 2260 eum
494 2224 512 2260 a
527 2208 636 2260 dextris

102 2283 156 2335 Dei
178 2287 301 2344 stantem,
327 2280 391 2346 quia
413 2280 441 2331 in
462 2279 636 2330 tribulatione

104 2354 211 2422 positus
224 2352 320 2403 habuit
332 2366 395 2402 eum
407 2360 636 2417 propugnatorem

106 2434 132 2476 et
145 2434 335 2489 susceptorem,
358 2437 419 2488 quae
439 2431 569 2471 notantur
590 2435 638 2486 per

106 2493 261 2546 stationem
280 2493 355 2542 Sicut
371 2492 443 2542 enim
458 2492 551 2542 sedere
563 2491 639 2557 quie·

84 2564 207 2617 scentia
225 2574 265 2615 est
286 2573 312 2614 et
339 2562 494 2628 judicantis,
512 2562 549 2612 ita
570 2570 639 2612 stare

108 2637 255 2705 pugnantis
266 2647 293 2688 et
308 2636 468 2701 adjuvantis.
483 2635 585 2685 Sedens
596 2650 639 2685 er-

107 2725 144 2776 go
161 2709 193 2758 ad
210 2708 348 2758 dexteram
363 2706 449 2757 Patris
468 2706 565 2772 jugiter
577 2707 640 2757 vul-

109 2781 150 2831 tui
165 2778 358 2845 benignissimi
378 2777 467 2828 Patris
480 2786 599 2844 apparet,
615 2787 641 2828 et

107 2853 255 2903 vulnerum
280 2867 341 2918 quae
361 2867 409 2917 pro
430 2851 510 2902 nobis
533 2851 642 2917 pertulit

108 2923 244 2974 cicatrices
265 2923 391 2984 ostendit,
408 2922 446 2972 ad
465 2921 642 2987 interpellan-

111 2997 174 3047 dum
187 2995 336 3063 pronubis.
580 2989 583 2996 ’

146 3082 178 3132 17
204 3067 325 3116 Lnrrrra
340 3080 471 3116 emensus
495 3078 591 3114 cumn.
612 3080 644 3102 ό

112 3138 217 3188 Omnes
233 3152 297 3187 vero
312 3136 401 3187 Sancti
415 3136 517 3196 Patres,
534 3145 561 3186 et
579 3135 644 3187 bea-

112 3207 212 3257 tissimi
242 3207 355 3274 spiritus
384 3206 532 3272 jubilabant
555 3220 644 3256 coram

113 3281 170 3330 Deo
183 3281 284 3332 laudes.
305 3281 332 3332 Si
347 3281 420 3332 enirn
439 3281 546 3346 Moyses
560 3289 587 3330 et
596 3278 645 3328 filii

114 3350 196 3401 Israel
216 3361 277 3417 post
301 3351 445 3401 transitum
466 3349 548 3400 maris
571 3348 646 3399 rubri

114 3419 270 3471 cecinerunt
284 3435 390 3471 carnem
404 3420 532 3481 Domino,
548 3429 574 3470 et
587 3419 647 3469 Ma-

114 3491 156 3541 ria
172 3493 342 3558 prophetissa
355 3507 431 3542 soror
454 3493 521 3557 ejus,
538 3501 564 3541 et
582 3490 648 3541 reli-

116 3578 177 3628 quae
191 3564 318 3613 mulieres
333 3577 391 3612 eam
412 3571 554 3628 sequentes
567 3574 649 3612 cane-

118 3634 183 3685 bant
193 3634 311 3685 Domino
324 3634 351 3684 in
362 3634 498 3700 tympanis
508 3642 535 3682 ct
545 3631 648 3696 choris;

119 3715 221 3768 quanto
251 3705 337 3770 magis
363 3704 445 3754 modo
473 3718 568 3754 omnes
598 3702 651 3753 hoc

119 3773 368 3836 faciunt,omnibus
382 3773 589 3826 adversitatibus
603 3789 652 3825 su-

118 3848 235 3912 peratis?
251 3850 355 3900 Omnes
366 3849 449 3916 igitur
463 3847 502 3898 ibi
517 3848 654 3901 constituti

1178 51 1190 76 t

1156 233 1208 302 757

676 349 801 416 psallunt,
812 364 908 400 omnes
920 339 1038 410 cantant,
1053 363 1148 400 omnes
1160 365 1209 400 ex-

675 422 799 482 sultant,
824 435 920 470 omnes
943 421 1083 481 laetantur,
1114 435 1209 472 omnes

676 491 908 556 gaudent,'omnes
915 490 1039 555 jubilant,
1048 506 1144 540 ornnes
1156 506 1209 542 ma·

676 562 757 613 nibus
771 563 917 628 plaudunt,
939 577 1033 613 omnes
1051 562 1208 629 tripudiant,

673 649 773 703 omnes
786 634 975 698 jucundantur.
988 635 1056 685 Vere
1088 651 1159 685 nunc
1179 635 1208 685 in

676 707 947 772 supernaJesusalem
957 708 1064 758 auditur
1075 707 1210 758 cantictun

677 778 787 840 laetitioe,
806 788 832 828 et
845 794 891 844 per
914 795 1010 830 omnes
1020 780 1093 831 vicos
1105 781 1162 845 ejus
1176 779 1209 830 ab

678 850 813 903 universis
825 851 925 902 dicitur
933 853 1210 918 alleluia.Nunquam

679 925 713 974 ab
737 925 843 990 origine
861 925 957 975 mundi
978 927 1031 977 tale
1050 925 1163 986 festum,
1185 934 1211 976 et

679 1004 735 1045 tam
744 996 865 1046 solemne
872 996 975 1047 Pascha
988 998 1150 1048 celebratum
1170 1006 1211 1048 eet

680 1065 710 1116 in
725 1066 834 1131 .patria;
857 1082 907 1118 nec
925 1083 1047 1134 unquam
1065 1068 1133 1131 erit,
1157 1068 1211 1119 nisi

680 1137 748 1188 forte
760 1148 821 1204 post
834 1137 906 1188 diem
919 1139 1023 1203 judicii,
1038 1155 1101 1190 cum
1116 1155 1212 1190 omnes

681 1211 787 1261 ibicum
802 1211 960 1277 corporibus
968 1211 1213 1278 gloriosispraesen·

680 1285 798 1335 tabimur
810 1284 895 1335 electi.

713 1353 748 1406 '18
767 1357 961 1406 Soammrrms
975 1351 1146 1407 Ascrssioms
1158 1371 1212 1406 n-

682 1443 807 1480 eurruno.
819 1456 851 1472 «-
871 1429 999 1494 Magnum
1009 1428 1107 1494 itaque
1126 1437 1153 1478 et
1167 1442 1214 1478 so·

682 1501 770 1550 lemne
784 1508 825 1548 est
848 1497 900 1548 hoc
915 1497 1024 1550 festum.
1040 1499 1109 1549 Nam
1131 1498 1215 1564 quid-

683 1570 749 1637 quid
762 1569 836 1619 Deus
856 1584 944 1635 usque
965 1569 1047 1619 modo
1061 1569 1131 1629 fecit,
1154 1567 1216 1619 fecit

684 1651 715 1692 ut
727 1639 760 1690 ad
773 1638 848 1690 hunc
869 1639 941 1690 diem
965 1639 1125 1705 perveniret.
1152 1639 1216 1690 Coe·

684 1716 743 1765 lum
759 1722 785 1764 et
799 1722 878 1773 terra,
894 1723 920 1763 et
935 1713 1028 1764 omnia
1040 1728 1101 1780 quoe
1122 1713 1153 1763 in
1173 1713 1217 1764 his

685 1792 757 1844 sunt,
771 1783 842 1834 sacta
855 1792 921 1833 sunt
934 1793 1044 1849 propter
1056 1783 1216 1848 hominem3

686 1856 770 1906 homo
795 1863 885 1904 autem
909 1863 1018 1920 propter
1034 1855 1148 1921 gloriam
1162 1869 1218 1905 coe·

686 1927 782 1977 lestem
797 1924 962 1987 habendam,
984 1925 1017 1975 ad
1034 1941 1116 1990 quam
1132 1939 1220 1990 usque

686 2013 759 2049 nunc
773 1996 925 2063 pertingere
939 2007 999 2062 post
1013 2006 1150 2061 peccatum
1163 2011 1219 2046 non

687 2077 814 2136 poterat,
840 2079 1096 2134 quantumcunque
1121 2070 1220 2133 'iustus
1303 2072 1307 2080 '

688 2148 767 2190 esset.
784 2137 855 2200 Quia
877 2153 942 2203 ergo
964 2138 1057 2188 omnia
1085 2139 1220 2204 completa

689 2221 754 2263 sunt
786 2211 815 2260 in
851 2209 1028 2271 Ascensione,
1060 2209 1221 2276 magnificus

688 2282 765 2332 valde
798 2288 839 2330 est
874 2279 933 2330 dies
965 2279 1024 2329 iste.
1065 2280 1221 2331 Hodiernus

690 2351 791 2419 quippe
806 2349 863 2400 dies
877 2349 985 2415 proprie
1004 2359 1046 2400 est
1059 2349 1159 2400 festum
1170 2364 1222 2400 ao-

689 2422 891 2483 lemnissimum
908 2422 1020 2473 Domini
1039 2422 1125 2473 nostri
1148 2422 1221 2483 lesu,

691 2496 756 2563 quia
766 2494 849 2544 hodie
871 2493 972 2560 incepit
987 2495 1083 2566 sedere
1092 2494 1126 2544 ad
1135 2494 1224 2544 dexte-

692 2582 749 2617 ram
774 2565 868 2625 Patris,
897 2573 923 2616 et
951 2564 1075 2634 requiem
1095 2578 1224 2631 caperes

692 2637 783 2687 labore
818 2650 875 2686 suae
908 2635 1141 2702 peregrinationis.
1178 2635 1227 2686 Est

694 2711 775 2762 etiam
791 2709 898 2776 proprie
919 2709 1019 2761 festum
1034 2709 1158 2760 omnium
1176 2723 1226 2759 su-

694 2798 842 2851 pernorum
858 2781 1022 2847 spirituum,
1042 2783 1105 2848 quia
1124 2782 1158 2831 de
1170 2781 1227 2831 Do-

696 2855 771 2905 mino
786 2869 836 2912 suo
850 2867 933 2919 quem
952 2849 1012 2902 ant‘e
1027 2851 1065 2901 ibi
1086 2851 1113 2900 in
1126 2851 1227 2900 huma·

697 2924 790 2976 nitatis
803 2922 890 2974 forma
906 2938 962 2973 nun
973 2921 1107 2983 viderant,
1126 2935 1228 2970 novum

697 2996 850 3063 suscipiunt
863 2995 994 3062 gaudium
1015 3002 1059 3058 ;et
1072 2993 1136 3059 quia
1148 2992 1231 3044 hodie

698 3069 786 3136 primo
816 3066 952 3133 incipiunt
974 3066 1117 3116 restaurari
1142 3064 1229 3118 ruine

698 3141 831 3206 ipsorum,
842 3137 870 3187 in
879 3146 953 3187 tanta
962 3135 1231 3186 multitudinebeato-

694 3227 784 3274 .rum;
820 3219 846 3260 et
880 3219 1046 3275 cognoscunt
1084 3223 1228 3259 numerum

700 3298 782 3334 suum
811 3296 859 3347 per
888 3290 1026 3346 peccatum
1051 3279 1230 3340 diminutum,

700 3370 747 3422 per
770 3352 919 3404 Dominum
942 3352 1034 3401 Jesum
1061 3350 1232 3416 reintegran-

700 3425 775 3475 dum.
790 3421 818 3473 Si
835 3437 899 3486 ergo
913 3419 1044 3486 gaudium
1061 3426 1102 3470 ert
1120 3420 1146 3469 in
1165 3420 1232 3472 coelo

702 3508 792 3546 coram
803 3491 919 3558 Angelis
937 3490 990 3540 Dei
1005 3504 1087 3556 super
1101 3506 1152 3543 uno
1165 3504 1233 3558 paa-

703 3572 794 3618 catore
811 3563 997 3630 poenitentiam
1021 3569 1128 3629 agente,
1157 3562 1236 3629 quale

704 3645 831 3704 putamus
859 3633 988 3699 gaudium
1022 3649 1114 3684 eorum
1142 3633 1235 3693 fuisse,

705 3707 814 3774 quando
833 3713 873 3755 tot
897 3704 984 3755 millia
1000 3705 1154 3755 animarum
1173 3716 1237 3752 san-

706 3787 809 3828 ctarum
823 3775 856 3825 ad
873 3790 954 3826 suum
977 3774 1103 3826 viderunt
1126 3786 1240 3824 consor-
1271 3796 1272 3800 =

708 3849 779 3901 tium
794 3845 926 3898 transire?
947 3846 981 3898 Et
996 3846 1050 3912 jam
1069 3843 1180 3912 vproprie
1203 3853 1245 3896 est
