2626 4328
148 271 326 331 QUOMODO
343 271 503 322 DOMINUS
518 271 786 333 APPAR.DISClP.,
799 274 930 327 THOMA
943 278 1116 332 ABSENTE.
1149 284 1201 350 713

84 389 161 438 dium
176 398 216 438 est
234 387 357 437 omnium
373 387 554 454 potentiarum
568 403 614 453 pec

82 458 194 523 gratiam
216 457 320 524 perficit
334 469 359 508 et
379 458 512 518 fecundat,
527 457 615 508 conse·

82 531 165 580 rendo
178 531 231 580 sibi
246 547 304 581 esse
325 531 456 581 divinum.
479 531 613 592 Secund0,

82 605 225 654 annuntiat
248 605 390 670 discipulis
416 620 506 671 pacem
529 622 536 654 :
556 621 614 655 ecee

83 677 184 742 quibus
203 677 325 742 loquitur
340 692 442 742 pacem,
456 676 521 742 quia
536 676 614 726 disci-

81 747 167 812 pulis3
189 759 246 797 esto
268 757 293 797 et
317 757 345 797 tu
361 747 511 813 discipulus
530 747 614 796 disci·

82 819 165 883 plinae
195 818 298 868 Christi
330 835 428 883 capas,
456 829 482 869 et
511 819 613 869 audies.

80 890 185 953 Tertio,
201 890 318 940 ostendit
338 890 362 942 ei
378 907 475 942 manus
494 902 519 942 et
533 891 613 951 latus,

82 961 245 1012 conferendo
271 961 371 1012 scilicet
394 962 432 1014 eis
455 972 482 1014 et
507 962 614 1012 divinas

82 1032 261 1097 operationes,
290 1048 350 1098 quoe
376 1049 423 1098 per
448 1048 564 1096 manus,
587 1043 615 1082 et

84 1105 247 1164 affectiones,
263 1121 324 1170 quae
340 1121 387 1170 per
408 1107 486 1168 latus,
506 1107 554 1157 ubi
568 1121 614 1156 cor

83 1177 170 1236 latet,
194 1176 378 1241 designantur.
405 1178 525 1237 Quarto,
552 1176 614 1227 facit

82 1247 198 1311 gaudere
212 1248 369 1312 discipulos,
383 1249 522 1300 excitando
536 1247 615 1298 vide-

81 1317 144 1366 licet
157 1317 235 1367 ineis
251 1317 378 1383 gaudium
393 1319 537 1378 internum,
551 1318 615 1383 quia

80 1388 175 1454 gavisi
189 1395 251 1438 suaet
266 1389 400 1454 discipuli,
416 1389 474 1438 viso
488 1390 613 1439 Domino.

84 1460 195 1520 Quinto,
218 1460 338 1510 insufflat
357 1462 445 1510 dando
462 1462 501 1510 eis
525 1461 614 1525 Spiri-

90 1542 148 1581 tum
165 1532 351 1583 vivificationis
366 1534 398 1583 ad
412 1549 508 1583 novam
521 1534 614 1595 vitam,

82 1613 112 1653 ut
133 1603 223 1653 vivant
245 1615 299 1654 tam
321 1604 372 1654 sibi
398 1620 478 1670 quam
497 1605 558 1656 aliis
581 1607 614 1656 ad

82 1673 207 1723 salutem.

121 1742 151 1792 16
173 1744 333 1794 Racsuaura
362 1746 478 1806 Douruo,
504 1746 615 1797 Tuouas

85 1831 207 1865 iuvatur,
224 1844 253 1852 -
270 1818 321 1867 Sed
344 1817 479 1868 Dominus
494 1834 555 1868 cum
578 1819 616 1868 di·

82 1885 194 1950 scipulis
224 1897 288 1937 tunc
318 1904 411 1953 parum
440 1888 529 1950 stetit,
550 1888 616 1955 quia

83 1957 202 2005 multum
230 1954 289 2008 ser'o
319 1958 394 2022 fuit,
423 1970 512 2010 tamen
548 1960 616 2011 forte

83 2025 165 2075 etiarn
180 2026 231 2092 ipsi
249 2039 394 2094 coegerunt
407 2047 469 2080 euru
491 2031 616 2096 aliquan-

84 2097 173 2146 tulum
195 2099 255 2162 plus
272 2110 350 2160 stare,
372 2111 496 2165 rogantes
522 2116 555 2150 ne
579 2100 616 2150 sic

82 2169 135 2219 cito
160 2171 314 2235 recederet,
343 2189 392 2223 nec
418 2175 469 2227 hoc
497 2174 616 2225 Domino

83 2243 252 2309 displicebat,
268 2246 352 2295 teneri
368 2246 441 2296 enim
456 2247 617 2313 vult,·prout

83 2331 164 2381 supra
181 2317 284 2367 dictum
300 2329 347 2368 est.
366 2320 488 2368 Tandem
503 2319 616 2370 benedi-

82 2386 273 2438 censdiscessit
287 2389 321 2438 ab
335 2389 382 2439 eis.
396 2390 520 2456 Cumque
531 2391 563 2440 ab
577 2391 617 2440 eis

83 2458 244 2520 evanuisset,
258 2460 338 2510 rediit
349 2461 478 2522 Thomas,
495 2463 543 2528 qui
557 2472 617 2512 ante

82 2527 194 2577 Domini
215 2530 360 2580 adventurn
376 2530 508 2595 exiverat3
535 2532 616 2582 dixe·

82 2605 197 2664 rumque
219 2601 311 2651 animo
333 2603 395 2651 laeto
416 2602 467 2652 aiii
487 2603 524 2653 ad
548 2617 614 2666 eum,

83 2673 239 2723 nuntiantes
254 2675 277 2724 ei
290 2676 391 2725 bonum
408 2677 555 2727 nuntium:
574 2679 624 2765 Vi-0

84 2747 174 2796 diacus
196 2747 354 2811 Dominum,
386 2748 424 2799 sic
451 2750 525 2799 enim
555 2761 616 2801 ante

83 2818 246 2868 Passionem
259 2820 461 2885 appellaverunt
474 2837 546 2873 eum.
562 2823 616 2884 Qui

84 2888 153 2939 dixit
168 2904 265 2939 senon
282 2891 455 2954 crediturum,
471 2893 524 2946 nisi
539 2893 616 2946 vide-

84 2969 140 3018 ret,
171 2968 197 3009 et
222 2960 304 3012 etiam
334 2971 454 3029 tangeret
482 2963 617 3016 cicatrices

83 3032 238 3092 vulnerum,
254 3043 284 3084 ut
303 3033 325 3084 si
342 3035 416 3086 visus
442 3034 616 3100 deciperetur,

84 3102 180 3152 saltem
203 3113 287 3155 tactus
312 3104 447 3155 nuntiaret
469 3105 616 3159 veritatem.

84 3172 199 3222 Volebat
231 3173 368 3225 certificari
395 3175 497 3243 duplici
525 3192 617 3241 sensu,

83 3242 185 3295 scilicet
199 3245 259 3297 visu
277 3257 302 3297 et
315 3257 395 3298 tactu.
411 3248 456 3299 lsti
475 3248 549 3300 enirn
563 3250 618 3301 duo

83 3330 182 3366 sensus
196 3327 267 3378 sunt,
282 3317 329 3384 qui
347 3317 438 3369 minus
451 3317 537 3385 decipi
553 3335 618 3386 pos-

84 3399 159 3439 sunt.
179 3389 266 3442 Tanta
288 3391 389 3457 quippe
403 3391 506 3444 viderat
523 3391 619 3443 mortis

85 3459 227 3523 supplicia,
251 3462 325 3526 quod
349 3462 565 3516 Resurrectionis
593 3472 620 3513 et

85 3531 147 3582 vitae
162 3547 217 3584 non
232 3543 334 3597 poterat
348 3533 509 3600 acciperent
527 3549 620 3588 umen·

86 3612 122 3662 ta,
140 3601 193 3653 nisi
214 3620 267 3652 non
282 3605 371 3655 solum
388 3603 457 3667 visu,
472 3551 526 3657 seii
538 3605 619 3658 etiam

86 3685 160 3726 tactu
177 3676 324 3742 perciperet
339 3692 378 3728 ea.
394 3675 472 3731 Unde
485 3678 621 3746 Chrysas·

87 3753 174 3798 tomus
191 3765 200 3799 .·
218 3768 231 3794 u
246 3748 315 3800 Aliis
335 3748 409 3801 enim
428 3747 548 3818 grossior
561 3748 620 3801 exi-

85 3829 174 3880 stens,
197 3822 255 3871 eam
282 3835 342 3887 quae
367 3831 407 3871 est
435 3837 483 3889 per
506 3836 620 3872 sensum

84 3891 299 3958 grossissimum,
316 3890 420 3944 scilicet
429 3901 539 3958 tactum,
549 3906 621 3962 quae·

334 4082 343 4107 b

669 389 744 440 rebat
768 390 867 455 fidem;
896 401 923 442 et
946 408 1034 458 neque
1047 397 1134 448 oculis
1150 415 1204 451 cre·

668 459 786 510 debat.»
802 463 1000 514 Remauserunt
1016 477 1106 517 autem
1126 469 1204 521 disei-

669 532 725 596 puli
741 532 867 594 famelici,
888 535 1021 585 sitibundi
1037 538 1069 588 de
1082 541 1202 592 Domino

669 616 728 662 suo,
743 603 845 669 dequo
860 614 962 654 tantam
980 607 1086 672 copiam
1103 610 1202 662 habere

666 686 870 738 consueverant,
884 687 909 727 et
922 694 985 728 eum
997 695 1069 746 saepe
1079 683 1204 748 suspiriis

668 756 694 796 et
710 748 850 798 desideriis
865 751 1033 803 revocabant.
1151 751 1154 757 ’

704 834 735 886 17
758 821 974 873 Recurrrunarro
1003 840 1204 877 aaranrrrouuu

668 906 723 942 atat
739 892 856 943 Pascua.
872 922 902 933 -—
917 895 1017 946 Vidisti
1032 898 1138 962 quoties
1156 899 1204 949 ho-

667 959 712 1011 die
741 962 842 1013 Pascha
868 963 996 1026 habuisti,
1020 983 1082 1017 nam
1109 984 1203 1020 omnes

668 1033 804 1096 praedictae
826 1034 1010 1100 apparitiones
1031 1038 1060 1088 in
1082 1041 1127 1090 die
1146 1042 1202 1092 Re-

668 1103 842 1154 surrectionis
851 1104 971 1165 fuerunt,
987 1107 1020 1157 de
1034 1109 1135 1174 quibus
1148 1121 1204 1162 tan·

667 1180 726 1224 tum
740 1174 864 1240 quinque
885 1175 914 1225 in
930 1177 1074 1243 Evangelio
1097 1181 1203 1246 scriptae

666 1252 740 1304 sunt,
763 1255 789 1294 et
810 1244 859 1295 has
886 1245 1009 1312 quinque
1031 1261 1204 1313 repraesentat

668 1318 792 1368 sacerdos
809 1318 836 1368 in
850 1317 933 1369 missa
948 1320 1096 1387 quinquies
1106 1338 1135 1372 se
1148 1339 1203 1373 ver-

668 1397 728 1439 tens
739 1390 773 1440 ad
789 1391 930 1456 populum,
944 1401 972 1442 et
990 1393 1068 1458 quasi
1086 1408 1134 1460 pro
1153 1410 1202 1462 ap-

669 1459 802 1523 paritione
816 1473 1009 1527 repraesentans
1028 1464 1067 1514 eis
1079 1467 1184 1516 vultum
1195 1484 1202 1531 3

668 1531 714 1579 sed
737 1531 815 1582 tertia
838 1532 926 1582 versio
945 1544 986 1584 est
1002 1551 1063 1585 cum
1085 1536 1203 1596 silentio,

668 1617 730 1666 quae
743 1601 878 1668 significat
894 1604 1000 1654 tertiam
1017 1621 1049 1656 ex
1061 1606 1105 1656 his
1120 1623 1204 1673 appa-

669 1671 795 1723 ritionem
820 1672 914 1723 factam
932 1674 1018 1735 Petro,
1036 1675 1100 1740 quia
1116 1678 1204 1728 nesci-

669 1753 713 1793 tur
728 1743 775 1795 ubi
789 1745 831 1795 vel
845 1746 954 1810 quando
969 1745 1037 1797 facta
1050 1747 1131 1799 fuerit
1146 1750 1204 1801 haec

669 1817 801 1882 apparitio
807 1833 814 1882 ;
829 1833 876 1884 per
890 1818 942 1869 hoc
956 1819 1037 1870 etiam
1053 1837 1097 1871 eas
1111 1839 1205 1888 reprae-

669 1901 775 1952 sentat,
798 1894 873 1958 quod
900 1892 1048 1960 quinquies
1072 1897 1205 1948 Dominus

669 1961 805 2013 vobiscum
830 1962 903 2013 dicit.
926 1963 978 2012 Sed
1003 1963 1071 2016 forte
1094 1967 1203 2028 audisti,

670 2048 725 2082 non
745 2042 835 2083 tamen
852 2032 973 2093 sensisti,
992 2034 1056 2100 quia
1070 2051 1117 2086 nec
1131 2037 1204 2087 forte

670 2102 698 2152 in
719 2104 845 2154 Passione
866 2105 1084 2169 compassionem
1105 2106 1204 2158 habui-

670 2174 715 2234 sti,
727 2175 806 2225 credo
821 2175 896 2227 enim
911 2173 983 2240 quod
995 2175 1019 2224 si
1032 2175 1059 2224 in
1076 2177 1204 2228 Passione

669 2243 785 2308 compati
800 2244 890 2308 scires,
908 2254 934 2294 et
953 2254 1073 2294 mentem
1087 2246 1203 2308 unitam,

670 2324 696 2364 et
712 2330 768 2365 non
792 2330 913 2380 sparsam
936 2317 970 2365 ad
998 2317 1136 2377 secularia,
1160 2329 1205 2369 aut

670 2386 815 2451 superflua,
831 2387 873 2436 vel
897 2388 1002 2438 curiosa
1025 2388 1147 2449 haberes,
1176 2390 1204 2440 in

670 2455 794 2521 qualibet
819 2456 878 2506 vice
900 2459 1015 2508 sentires
1042 2459 1151 2519 Pascha,
1180 2469 1206 2509 et

669 2528 721 2577 hoc
739 2518 788 2576 tibi
804 2527 960 2594 contingere
976 2539 1066 2596 posset
1084 2530 1206 2595 qualibet

655 2598 714 2648 ‘die
743 2597 905 2660 Dominica,
934 2600 956 2650 si
985 2610 1075 2651 mente
1102 2600 1206 2668 integra

669 2671 736 2722 feria
751 2683 825 2722 sexta
839 2682 865 2722 et
879 2674 988 2725 sabbato
999 2685 1024 2724 te
1036 2674 1063 2724 in
1078 2675 1206 2726 Passione

669 2742 781 2793 Domini
805 2758 983 2809 praeparares3
1009 2746 1082 2810 quia,
1108 2761 1206 2795 secun-

669 2814 737 2865 dum
757 2815 919 2880 Apostolum
934 2832 942 2864 ι
956 2817 1034 2868 Sicut
1047 2815 1116 2866 socii
1129 2817 1204 2864 Pas-

670 2886 774 2937 sionum
795 2885 872 2950 estis,
892 2886 932 2936 sic
948 2886 1025 2936 eritis
1039 2891 1067 2936 et
1079 2884 1171 2937 consol
1190 2913 1206 2925 -

671 2958 762 3010 tionis.
783 2959 862 3009 Tunc
886 2973 950 3009 vero
976 2957 1110 3009 Dominus
1127 2958 1205 3009 lesus

671 3028 751 3080 rediit
772 3030 806 3081 ad
829 3039 936 3080 sanctos
964 3029 1062 3088 Patres,
1083 3028 1130 3095 qui
1157 3044 1205 3081 co-

671 3116 729 3151 ram
747 3115 779 3150 eo
803 3115 857 3152 non
881 3099 976 3160 otiose,
1000 3100 1046 3150 sed
1065 3099 1207 3165 vigilanter

672 3171 801 3226 laudibus
831 3170 995 3223 insistebant
1021 3171 1205 3235 jucundantes.

656 3244 783 3305 ,Stabant
804 3241 877 3295 enim
900 3241 931 3293 in
950 3240 1060 3294 canticis
1076 3253 1102 3295 et
1116 3243 1207 3295 laudi·

673 3315 724 3364 bus
738 3329 835 3365 omnes
851 3313 936 3365 sancti
956 3314 1046 3364 Patres
1065 3322 1091 3364 et
1111 3313 1207 3380 Angeli

673 3399 762 3436 coram
772 3384 892 3439 Domino
901 3392 1062 3444 reverenter,
1075 3383 1208 3444 alacriter,

673 3467 699 3510 et
712 3457 809 3510 devote
824 3473 853 3509 ac
867 3466 997 3524 tanquam
1008 3456 1121 3524 gloriosi
1132 3455 1208 3522 jubi—

673 3529 729 3578 lant
745 3527 881 3580 continue.
905 3526 1039 3594 Conspice
1064 3526 1147 3595 igitur
1162 3541 1208 3581 eos

674 3611 701 3654 et
713 3613 744 3654 tu
759 3618 822 3653 curn
835 3601 938 3663 laetitia,
961 3610 989 3653 et
1009 3600 1048 3652 eis
1063 3610 1209 3668 congratu-

673 3675 738 3737 lare,
750 3690 781 3726 ac
794 3675 867 3725 disce
882 3675 969 3726 Deum
982 3673 1104 3725 uenerari
1117 3682 1143 3724 et
1154 3673 1210 3722 lau-
1267 3735 1269 3740 1

673 3746 746 3806 dare,
763 3756 790 3796 et
809 3745 862 3796 sibi
885 3744 984 3812 gratias
1008 3759 1096 3811 agere,
1113 3752 1140 3792 et
1160 3755 1210 3795 sua

673 3817 806 3871 beneficia
819 3833 1011 3886 recognoscere
1017 3835 1026 3883 ;
1043 3832 1075 3869 ac
1092 3825 1149 3865 toto
1164 3827 1210 3867 co·

671 3901 739 3946 natu
758 3891 795 3945 ad
813 3889 889 3945 illam
902 3890 1017 3960 plorum
1030 3888 1140 3943 tendere
1153 3900 1210 3940 aon
