2626 4328
333 123 379 176 DE
398 121 507 182 NONA,
525 120 559 170 IN
577 120 746 172 PASSIONE
761 119 896 171 DOMINI.

58 248 119 299 quae
150 233 260 302 fiebant,
283 253 343 305 quae
364 247 459 291 secutae
484 252 589 298 eumn

58 307 180 359 Galilaea
204 308 343 375 juerant,
380 329 412 364 ex
448 312 591 362 devotione

58 391 141 442 quam
156 379 189 428 ad
208 381 373 434 audiendum
392 384 505 435 verbum
533 383 590 446 ejus

59 447 209 510 habebant,
225 453 407 505 ministrantes
426 455 451 505 ei
468 469 590 504 necessa·

58 519 97 569 ria
123 520 187 573 ritas
220 524 429 590 desubstantia
462 543 528 590 sua,
560 536 590 576 ut

58 599 171 643 meteret
199 609 292 646 eorum
323 598 487 663 corporalia,
514 599 590 663 cujus

59 664 112 716 illae
134 663 273 720 me'tebant
292 666 450 736 spiritualia.
466 673 589 723 Consue-

57 735 163 786 tudinis
178 737 251 787 enim
268 740 383 792 Iudaicae
404 742 464 802 tuit,
481 753 511 792 ut
526 758 589 792 mu-

56 806 136 857 lieres
160 808 193 859 de
215 809 363 862 substantia
377 828 426 864 sua
444 812 544 864 victum
565 822 591 863 et

59 879 189 930 vestitum
207 882 427 946 praedicatoribus
443 894 468 935 et
488 901 591 951 praece-

58 949 186 1015 ptoribus
213 950 270 1002 suis
292 954 493 1018 ministrarent3
517 966 542 1006 et
561 956 589 1006 in

56 1020 126 1085 aliis,
147 1031 179 1072 ut
204 1020 232 1071 in
258 1025 453 1090 praeparatione
476 1025 538 1087 cibi,
564 1037 591 1077 et

58 1090 87 1140 in
108 1089 212 1142 lotione
226 1093 341 1144 vestium
365 1095 503 1158 servirent,
518 1097 591 1163 quod

58 1173 85 1213 et
105 1161 243 1212 Dominus
256 1166 374 1232 accepit:
390 1177 419 1217 ut
437 1170 590 1233 exemplum

59 1234 135 1283 daret
156 1235 315 1300 Apostolis‚
336 1253 428 1288 eorum
445 1241 590 1292 consulens

59 1305 222 1366 infirmitati,
246 1318 272 1358 et
294 1319 325 1359 ut
342 1310 485 1378 Evangelio
507 1313 591 1380 magis

58 1387 194 1428 vacarent.
215 1379 269 1430 Nec
282 1389 347 1430 tunc
362 1381 414 1432 hoc
437 1383 603 1435 scandalum'

59 1456 129 1511 erat;
160 1447 258 1498 Paulus
281 1461 370 1501 autem
395 1455 592 1520 supererogavit

60 1517 107 1585 qui
133 1532 196 1568 cum
223 1519 332 1570 haberet
353 1533 513 1588 potestatem
536 1525 591 1575 cir·

60 1590 242 1640 cumducendi
269 1592 395 1644 mulieres
423 1595 492 1645 sicut
523 1597 591 1657 alii,

61 1675 115 1710 nou
142 1669 234 1712 tamen
259 1678 325 1713 usus
345 1675 385 1714 est
407 1681 438 1716 ea
460 1682 466 1715 :
485 1677 592 1732 propter

62 1732 313 1798 pseudoapostolos,
328 1744 359 1784 ut
375 1751 421 1786 eos
435 1752 450 1787 a
464 1737 593 1802 praedica-

61 1803 136 1855 tione
161 1805 321 1870 reprimeret
335 1823 342 1871 ;
366 1819 392 1858 et
406 1819 516 1875 propter
529 1823 592 1859 sus-

60 1872 199 1940 picionem
231 1878 443 1939 removendam,
477 1879 593 1930 maxime

63 1947 132 1999 inter
147 1947 270 2011 Gentes,
288 1949 335 1999 ubi
350 1951 411 2001 talis
427 1952 593 2002 consuetudo

62 2034 116 2068 non
132 2027 199 2080 erat,
213 2029 240 2069 et
260 2020 320 2070 ideo
341 2021 493 2072 scandalum
508 2021 593 2072 facere

61 2099 172 2148 poterat.
202 2089 395 2142 Ministrabant
421 2102 510 2143 autem
536 2092 592 2143 Do-

61 2158 136 2209 mino
163 2159 279 2210 carnalia
311 2176 359 2226 pro
385 2161 592 2227 spiritualibus,

61 2245 114 2279 non
128 2229 204 2295 quod
224 2229 355 2296 indigeret
370 2233 502 2283 Dominus
520 2249 594 2284 crea-

61 2298 138 2360 turis,
150 2299 199 2350 sed
213 2310 244 2350 ut
257 2303 409 2353 ostenderet
422 2313 518 2369 typum
533 2319 593 2354 tna-

62 2369 218 2434 gitstrorum,
233 2372 306 2436 quod
316 2372 387 2423 victu
401 2384 484 2440 atque
495 2375 593 2425 vestitu

63 2452 93 2488 ex
104 2439 249 2505 discipulis
259 2440 387 2493 deberent
398 2458 456 2494 esse
465 2444 593 2496 contenti.

64 2511 114 2562 Ubi
138 2512 351 2582 Chrysostomus
372 2533 380 2566 .·
403 2534 417 2563 a
437 2517 485 2566 llae
505 2528 593 2568 autem

65 2582 191 2634 mulieres
211 2585 422 2648 considerabant,
444 2603 505 2654 quae
519 2605 595 2655 gere-

65 2651 178 2715 bantur,
202 2669 264 2720 quae
285 2656 402 2707 maxime
424 2670 501 2709 erant
518 2676 595 2710 com-

66 2725 222 2790 passibilea3
261 2737 287 2777 et
320 2744 380 2794 quae
416 2734 596 2798 sequebantur

67 2795 273 2858 ministrantes,
302 2814 389 2866 usque
419 2801 451 2849 ad
480 2802 596 2868 pericula

68 2867 211 2930 affuerunt,
234 2871 381 2922 maximam
406 2871 596 2925 fortitudinem

68 2938 245 3004 ostendentes,
261 2941 325 3005 quia
339 2941 404 2991 dum
414 2942 539 3008 discipuli
551 2943 596 2994 iu-

69 3018 180 3073 gerunt,
208 3010 278 3075 ipse
307 3011 441 3063 affuerunt
469 3028 476 3061 ε
503 3032 516 3062 n
540 3013 598 3065 haec

11 3104 14 3113 ·
71 3080 289 3149 chrysostomus,
325 3085 348 3134 Ο
384 3085 499 3151 qualiter
534 3095 597 3137 tunc

71 3153 156 3205 aalma
171 3156 267 3206 matris
281 3156 372 3207 intimi
388 3158 490 3209 doloris
509 3159 597 3225 gladio

71 3233 200 3286 penetrata
219 3235 290 3285 erat,
311 3242 372 3277 cum
395 3228 434 3278 sic
458 3244 598 3294 poenosum

72 3292 168 3345 Filium
197 3295 320 3358 deficere,
349 3300 484 3365 languere,
510 3300 598 3367 lacry-

73 3365 145 3426 mari,
171 3365 293 3431 clamare,
317 3379 344 3418 et
366 3369 446 3429 mori,
471 3380 497 3421 et
518 3386 547 3421 se
569 3371 598 3420 in

74 3436 171 3486 mundo
187 3437 337 3503 derelinqui
363 3439 391 3488 in
413 3449 487 3490 tanto
508 3441 600 3491 dolore

74 3514 96 3554 et
121 3502 256 3557 anxietate
280 3507 402 3568 videbat!
429 3511 461 3560 Et
485 3510 600 3576 qualiter

74 3577 200 3639 clamavit,
215 3579 239 3630 si
255 3591 348 3632 tamen
367 3581 444 3647 loqui
456 3592 600 3648 poterat,et

74 3646 159 3701 dixit:
177 3651 201 3702 0
216 3652 268 3702 Fili
287 3652 325 3702 mi
344 3652 510 3717 dulcissime,
533 3653 600 3720 quid

73 3715 164 3773 faciam
186 3738 234 3790 ego
263 3723 458 3776 moestissimai
480 3723 532 3776 Cui
556 3739 600 3777 me

1121 121 1169 171 titt

645 236 772 286 miseram
800 236 1015 287 commendatam
1042 235 1175 286 dimittis?

644 308 696 358 Fili
720 308 768 368 mi,
795 319 930 360 memento
947 309 1009 372 mei,
1031 319 1056 359 et
1084 308 1174 359 omnis

644 379 753 431 familiae
779 391 839 441 tuae,
866 397 947 448 quarn
973 380 1009 430 ita
1030 381 1176 431 desolatam

645 452 794 518 relinquis;
815 464 951 503 memento
971 451 1051 502 etiam
1079 451 1173 502 honri-

645 542 721 585 num,
747 525 795 589 qui
812 526 959 576 servierunt
977 525 1035 575 tibi.
1059 524 1111 574 Fili
1126 524 1174 584 mi,

643 607 670 646 et
684 611 733 661 ego
748 595 775 645 in
788 610 883 646 manus
898 607 974 656 tuas,
990 605 1015 645 et
1034 594 1118 647 Patris
1133 595 1173 645 tui

644 667 805 718 commendo
825 667 965 733 meipsam,
980 677 1006 717 et
1022 675 1104 715 totam
1121 667 1174 716 Ec·

644 739 754 789 clesIam
778 748 909 788 nostram.
934 739 957 788 0
979 738 1058 787 Pater
1074 747 1174 797 sancte,

644 809 716 859 Deus
743 809 931 874 omnipotens,
949 808 978 857 in
996 823 1094 859 manus
1115 817 1175 858 tuas

644 881 804 932 commendo
818 880 917 931 Filium
928 896 1029 940 meum,
1047 881 1102 930 imo
1118 881 1174 931 Do-

645 952 750 1001 minum
778 966 878 1011 meum,
905 961 931 1001 et
959 952 1059 1002 Filium
1085 962 1174 1002 tuum.

643 1025 702 1074 lam
722 1024 794 1074 enim
820 1022 923 1086 deficio,
939 1034 965 1074 et
987 1033 1048 1074 ante
1071 1024 1175 1074 Filium

645 1113 757 1157 meum,
782 1097 810 1146 in
833 1096 889 1160 ejus
923 1104 1067 1159 conspectu
1102 1095 1171 1145 mori

643 1167 774 1217 desidero.
807 1166 883 1216 Talia
916 1166 1032 1223 dicens,
1068 1165 1174 1215 aestimo

643 1238 716 1304 quod
731 1246 837 1303 propter
851 1235 1033 1301 angustiarum
1048 1234 1176 1285 multitu-

645 1308 737 1357 dinem
753 1307 794 1357 vel
819 1306 944 1371 absorpta
964 1314 1028 1365 erat,
1053 1315 1079 1354 et
1097 1304 1174 1370 quasi

646 1377 818 1438 insensibilis,
832 1378 874 1428 vel
895 1376 1070 1428 semimortua
1088 1375 1174 1438 facta;

646 1459 672 1499 et
695 1450 765 1516 quod
793 1463 821 1498 se
845 1448 977 1499 sustinere
998 1463 1054 1498 non
1073 1447 1174 1510 valens,

645 1520 746 1570 corruit
767 1519 796 1570 in
814 1519 908 1570 faciem
925 1534 1001 1568 suam
1026 1533 1106 1584 super
1121 1527 1176 1567 ter-

646 1605 714 1641 ram.
730 1591 827 1641 Nullus
848 1590 921 1640 enim
934 1589 1049 1654 cogitare
1071 1599 1116 1638 aut
1131 1587 1176 1636 di-

647 1679 705 1714 cere
718 1675 817 1730 posset‚
830 1672 928 1730 quanta
938 1663 1065 1712 moestitIa
1077 1662 1177 1727 patien-

646 1745 700 1785 tem
723 1745 748 1785 et
768 1736 929 1785 morientem
953 1732 1126 1798 suspiraverit
1151 1742 1176 1782 et

647 1806 782 1864 doluerit,
794 1805 869 1856 unde
886 1803 943 1869 ipsa
959 1803 1110 1854 sustinebat
1130 1802 1177 1853 in·

648 1887 691 1927 tus
710 1877 783 1943 quod
808 1875 895 1926 Filius
919 1875 982 1924 tulit
1004 1873 1080 1925 foris.
1103 1873 1176 1933 Quid

648 1959 712 1999 tunc
731 1949 846 1999 loannes
867 1945 1019 2012 specialiter
1035 1946 1068 1996 ab
1086 1961 1117 1995 eo
1133 1945 1177 1994 di-

647 2020 741 2078 lectus,
767 2016 833 2082 quid
863 2016 1021 2081 Magdalena
1044 2013 1131 2064 fidelis
1154 2023 1180 2063 et

647 2089 744 2139 dilecta
776 2087 918 2152 discipula,
949 2086 1048 2152 quidve
1074 2099 1181 2135 sorores

646 2160 771 2210 Dominae
783 2156 935 2208 faciebant?
950 2157 1002 2206 Sed
1016 2155 1081 2221 quid
1094 2155 1180 2205 facere

648 2228 784 2296 poterant?
807 2227 925 2293 Repletae
952 2236 1026 2276 erant
1047 2225 1179 2274 amaritu-

647 2301 711 2352 dine
722 2299 860 2365 completae
876 2296 1024 2355 doloribus,
1040 2296 1178 2347 inebriatae

648 2370 802 2437 absynthio,
812 2380 838 2420 et
852 2367 1053 2418 intolerabiliter
1067 2367 1177 2418 flebant.

649 2443 672 2493 Ο
699 2440 844 2500 carissime,
871 2438 958 2505 cogita
980 2448 1007 2489 et
1037 2438 1179 2489 considera

648 2524 749 2583 quanto
781 2513 873 2563 dolote
903 2523 929 2562 et
954 2511 1053 2576 ejulatu
1084 2526 1179 2562 omnes

648 2585 727 2636 amici
742 2585 798 2651 ejus
812 2583 961 2649 plorabant,
976 2582 1040 2648 quia
1054 2581 1179 2639 etiamhi

649 2657 696 2724 qui
723 2657 775 2708 sibi
799 2655 868 2706 nihil
892 2655 1051 2714 attinebant,
1067 2665 1094 2705 et
1117 2669 1179 2703 cum

649 2745 681 2780 eo
703 2728 773 2779 nihil
794 2727 892 2778 habete
914 2727 1090 2788 ridebantur,
1108 2723 1179 2773 mul-

650 2811 708 2850 tum
737 2799 890 2849 dolebant:
911 2798 981 2847 sicut
1004 2794 1133 2845 Centurio
1155 2802 1180 2843 et

650 2871 695 2921 alii
720 2869 831 2929 milites,
853 2867 902 2933 qui
925 2868 1016 2916 Iesum
1041 2862 1181 2914 crucifixe·

651 2951 719 3002 rant,
743 2950 768 2991 et
791 2955 853 2990 eum
878 2950 1019 3004 quousque
1036 2935 1182 3000 expirasset

651 3011 851 3072 custodiebant;
873 3015 898 3058 el
922 3007 1008 3058 omnis
1031 3006 1108 3056 turba
1133 3019 1180 3055 eo·

651 3084 710 3133 rum
733 3081 779 3147 qui
792 3078 985 3131 adridendum
1003 3074 1180 3143 spectaculum

652 3154 726 3206 istud
746 3161 943 3210 convenerant,
968 3159 994 3200 et
1013 3148 1093 3198 simul
1113 3147 1181 3198 ade-

652 3232 723 3286 rant,
743 3231 768 3274 et
785 3224 911 3275 videbant
932 3236 992 3288 quae
1003 3221 1116 3287 fiebant,
1134 3218 1181 3284 qui

647 3302 760 3363 pectora
781 3309 841 3354 sua,
855 3293 883 3343 in
897 3293 1007 3359 signum
1021 3289 1182 3356 poenitentia

653 3378 678 3417 et
692 3366 788 3425 luctus,
800 3364 988 3430 percutientes,
1005 3377 1067 3412 cum
1076 3359 1184 3410 silentio

653 3437 866 3498 revertebantur,
887 3434 1008 3484 dolentes
1029 3434 1062 3482 de
1082 3430 1183 3482 Christi

654 3508 847 3576 persecutione.
863 3507 952 3567 Quod,
968 3505 1116 3556 secundum
1127 3504 1183 3553 Be·

655 3582 725 3644 dam,
749 3580 936 3647 percutiebant
966 3588 1089 3645 pectora,
1121 3575 1185 3643 quia

653 3649 816 3718 poenitentia
837 3658 918 3699 estet
936 3649 1022 3699 luctus
1041 3646 1183 3704 indicium,

654 3734 745 3792 potest
778 3721 920 3789 dupliciter
950 3721 1064 3788 intelligi
1093 3737 1100 3770 ι
1128 3718 1183 3768 sive
