2626 4328
224 260 272 310 DE
286 259 543 319 ASSUMPTIONE,
561 258 607 310 ET
623 257 740 310 LAUDE
755 260 883 310 BEATAE
899 261 1064 313 VIRGINIS.
1148 261 1201 333 795

83 378 144 426 haec
170 375 339 425 Ber-nardus
357 375 434 424 Unde
459 373 541 423 etiam
565 374 627 422 An-

81 450 179 500 selmus
200 466 209 498 .·
231 467 244 495 a
268 448 338 497 Cum
359 447 484 498 Christus
500 447 612 497 Matrem

81 521 109 570 in
129 535 244 585 regnum
268 535 348 569 suum
369 535 515 579 assumere,
538 530 565 570 et
589 518 614 569 ei

81 593 310 660 magnificentiam
328 594 425 660 'gloriae
452 593 614 644 decrevisset

80 660 335 730 ostendere,'cujus,
351 680 453 731 precor,
470 664 613 729 dignitatis

79 749 105 788 et
126 737 238 788 honoris
260 737 434 803 apparatibus
458 735 614 787 intendebat

78 819 135 860 tota
151 807 233 875 curia,
241 807 428 873 Angelorum?
443 806 549 868 Quibus
565 822 613 858 vo·

78 879 157 930 cibus
168 878 357 929 exsultationis
368 876 557 944 atque'salutis
569 892 615 926 re-

80 950 212 1002 sonabant
232 949 358 999 universa
372 950 542 999 tabernacula
562 963 614 998 an-

79 1020 220 1086 tiquorum
239 1020 356 1079 Patrum,
380 1019 432 1085 ipsi
446 1018 526 1070 curiae
549 1028 615 1068 tunc

81 1107 166 1156 nuper
179 1089 392 1140 associatorum?
406 1090 484 1140 Certe
497 1089 617 1140 credide-

80 1164 132 1213 rim
143 1179 238 1213 omnes
259 1163 334 1212 illius
348 1163 438 1228 patriae
457 1162 528 1213 cives
541 1161 614 1212 iesti-

80 1234 148 1284 viori
163 1235 253 1293 solito,
269 1246 295 1285 et
317 1234 485 1285 sublimioris
505 1233 611 1284 decoris

81 1305 168 1355 nitore
179 1307 211 1355 ad
230 1307 374 1356 adventurn
392 1306 486 1375 Matris
499 1303 611 1354 Domini

80 1377 122 1428 sui
146 1376 299 1443 praeparari,
315 1393 344 1426 ac
360 1393 428 1428 nova
447 1377 565 1443 quadam
588 1385 614 1426 et

81 1448 209 1498 ineffabili
239 1449 413 1514 jucunditatis
434 1448 539 1514 gratia,
564 1463 614 1514 pro

81 1530 161 1570 tantae
175 1520 212 1570 rei
228 1520 423 1585 exspectatione
436 1519 613 1584 conjubilare.

81 1593 114 1643 Et
143 1593 208 1659 quid
242 1592 391 1642 nimirum?
422 1594 481 1656 Ipse
510 1592 613 1654 Jesus,

81 1664 153 1714 Deus
165 1675 191 1714 et
207 1664 341 1714 Dominus
355 1662 482 1713 omnium
496 1701 503 1727 ,
525 1663 613 1714 Filius

79 1738 166 1803 ipsius
206 1738 364 1789 castissimae
402 1738 552 1804 Virginis,
587 1748 614 1788 et

79 1809 202 1859 Dominae
215 1824 315 1868 rerum,
331 1809 388 1873 ipse
402 1809 426 1860 ei
439 1809 509 1860 sicut
523 1807 611 1859 unicae

80 1894 136 1930 suae
156 1879 250 1939 Matri,
275 1889 348 1929 totus
372 1879 488 1931 festinus
518 1894 613 1929 occur·

72 1968 136 2005 rere
150 1952 264 2014 volebat,
277 1969 310 2002 ne
325 1964 350 2003 et
366 1953 466 2019 aliquis
480 1953 513 2002 de
525 1950 610 2002 farni-

80 2024 193 2073 liaribus
208 2024 264 2074 suis
278 2040 307 2075 se
321 2039 336 2074 a
350 2026 414 2074 tanti
441 2022 534 2090 gaudii
556 2023 612 2072 im-

81 2096 221 2145 mensitate
231 2096 409 2146 subtraheret.
420 2096 519 2162 Utique
529 2095 614 2145 moris

81 2165 151 2216 inter
174 2166 300 2217 homines
325 2183 383 2217 esse
405 2167 498 2227 scitur,
511 2181 613 2217 unum-

78 2253 213 2302 quemque
233 2239 333 2288 bonum
349 2253 457 2289 servum
482 2237 614 2302 cujusque

80 2308 253 2373 praepotentis
282 2308 413 2369 Domini,
444 2325 476 2359 eo
512 2307 612 2372 majori

79 2380 177 2444 gaudio
192 2379 220 2429 in
234 2380 348 2431 adventu
361 2381 440 2431 amici
455 2380 498 2430 sui
516 2381 613 2431 exsul·

80 2459 150 2510 tare,
171 2466 226 2516 quo
249 2451 340 2517 ipsum
364 2451 508 2501 dominum
531 2466 611 2502 suum

79 2523 218 2587 cognoscit
228 2525 416 2575 adventantem
428 2523 546 2574 amicum
560 2539 615 2574 ma-

81 2592 122 2658 gis
134 2608 230 2644 amare.
242 2595 311 2645 Cum
324 2611 386 2645 vero
401 2595 434 2645 de
445 2595 561 2646 adventu
573 2610 615 2660 pa-

81 2675 188 2714 rentum
202 2665 306 2715 domini
322 2666 363 2715 sui
379 2665 482 2732 agitur,
495 2667 528 2716 de
543 2669 614 2732 quo·

80 2749 141 2783 rurn
163 2735 271 2800 speciali
295 2734 440 2785 dilectione
456 2737 548 2786 nullus
560 2735 614 2787 ulla

80 2804 249 2855 dubitatione
274 2816 388 2866 tenetur,
416 2805 462 2857 ille
482 2805 613 2857 nimirum

81 2877 167 2942 magis
183 2875 288 2928 felicem
303 2894 330 2928 se
341 2878 465 2938 aestimat,
482 2879 531 2944 qui
552 2894 613 2927 ma-

78 2947 128 3011 jori
143 2947 228 3012 jubilo
242 2961 268 2999 et
281 2949 411 3000 festiviori
428 2964 544 3000 occursu
562 2951 613 2999 lae-

80 3020 145 3069 titiae
160 3018 236 3069 frena
250 3021 358 3070 relaxat.
373 3021 400 3070 Si
418 3036 482 3086 ergo
500 3021 557 3069 haec
576 3019 612 3070 ita

79 3105 108 3140 se
126 3091 227 3141 habent
240 3093 308 3157 apud
326 3091 462 3150 homines,
478 3091 578 3156 quibus
590 3089 613 3140 si

79 3176 133 3227 qua
148 3160 256 3212 bonitas
278 3173 327 3222 est,
348 3162 428 3227 longe
450 3171 541 3211 tamen
565 3177 612 3212 su·

80 3246 225 3296 pernotum
249 3232 349 3283 civium
379 3232 491 3283 bonitati
522 3232 614 3298 impar

81 3312 130 3362 est,
138 3307 336 3371 contempletur
350 3305 442 3356 animo
454 3304 502 3371 qui
517 3314 613 3371 potest,

81 3389 137 3440 quo
151 3375 259 3439 gaudio,
276 3391 329 3440 qua
345 3376 497 3438 festivitate,
512 3375 614 3442 quibus

80 3448 256 3498 concentibus
270 3449 387 3513 jubilant
404 3464 500 3500 omnes
515 3449 610 3499 beato-

81 3533 142 3569 rum
162 3519 306 3585 spirituum
329 3521 446 3580 ordines,
463 3520 573 3586 quando
588 3529 614 3569 et

80 3590 190 3667 unicqm
206 3604 319 3640 matrem
336 3591 444 3642 Domini
456 3591 498 3641 sui
512 3591 614 3642 adven-

81 3673 146 3723 tare,
175 3672 200 3714 et
229 3663 318 3729 ipsum
346 3664 492 3714 Dominum
524 3664 611 3714 Deum

79 3750 160 3785 suum
183 3735 207 3785 ei
224 3735 352 3785 videbant
365 3734 441 3784 omni
460 3733 547 3800 gloria
562 3749 612 3787 sua

79 3806 236 3857 decoratum
251 3807 318 3857 vclle
332 3820 479 3856 occurrere.
493 3806 613 3871 Stipatus

81 3877 173 3944 itaque
188 3878 262 3929 mille
274 3878 405 3940 millibus,
418 3878 473 3929 imo
486 3877 614 3930 innume·

670 372 797 424 rabilium
831 376 996 440 Angelorum
1026 375 1201 441 agminibus,

670 447 742 497 Deus
757 447 816 513 ipse
829 447 893 498 huic
908 448 1039 514 piissimae
1053 450 1131 500 Matri
1146 466 1201 501 suae

668 518 701 567 de
724 518 776 568 hoc
799 521 902 569 mundo
925 521 1051 586 migranti
1076 522 1201 584 occurrit,

668 603 781 656 eamque
794 605 874 655 super
895 607 991 642 omnes
1015 592 1098 642 coelos
1127 595 1202 643 exal·

667 668 759 722 tatam,
773 672 875 710 cunctae
897 677 988 711 secum
1008 672 1135 712 creaturae
1150 678 1200 728 pe-

668 731 745 781 renni
760 731 818 796 jure
829 732 1031 784 dominaturam
1050 733 1079 784 in
1100 735 1201 793 throno

667 804 760 870 gloriae
775 806 925 858 collocavit.
942 808 966 858 0
985 807 1044 858 dies
1062 808 1129 858 tanti
1153 824 1202 859 oc·

667 894 762 930 cursus
784 879 913 944 gloriosa,
929 892 955 932 et
975 881 1041 932 felix
1064 882 1133 932 dies.
1145 891 1200 932 tam

667 952 799 1017 praeclarae
836 953 1022 1004 exaltationis!
1064 956 1143 1005 Beata
1176 964 1202 1006 et

666 1021 780 1072 celebris
794 1022 861 1081 dies,
877 1033 931 1073 tam
954 1024 1081 1074 sublimis
1095 1024 1201 1091 glorifi-

666 1093 780 1143 cationis
808 1093 922 1157 festiva,
951 1105 978 1145 et
1005 1095 1080 1145 omni
1111 1095 1202 1147 seculo

666 1165 847 1217 admirabilis!
874 1167 937 1217 Dies
965 1167 1040 1217 enim
1075 1169 1121 1218 illa
1145 1185 1201 1218 non

667 1239 755 1289 solum
770 1249 805 1298 te,
820 1240 946 1299 Domina,
965 1240 1136 1291 ineffabiliter
1151 1257 1200 1291 su-

667 1310 799 1370 blimavit,
820 1312 866 1360 sed
887 1312 985 1362 coelum
1009 1311 1099 1377 ipsum
1127 1311 1200 1377 quod

667 1381 830 1446 penetrasti,
847 1397 964 1432 necnon
982 1393 1078 1432 cuncta
1093 1397 1154 1447 quae
1170 1382 1200 1432 in

666 1467 697 1502 eo
714 1462 779 1502 sunt
796 1467 864 1502 nova
877 1451 1100 1502 etinaestimabili
1116 1451 1201 1518 gratia

665 1523 809 1574 decoravit.
826 1524 901 1574 Nova
920 1524 1030 1589 quidem
1046 1523 1131 1590 gratia
1144 1539 1198 1576 coe-

665 1594 725 1643 lum
749 1593 890 1656 decoravit,
912 1593 976 1659 quia
998 1591 1117 1659 priorem
1140 1594 1202 1659 glo-

666 1663 733 1714 riam
760 1663 816 1727 ejus
843 1679 875 1714 ex
901 1663 1044 1729 praesentia
1065 1672 1119 1723 tua,
1133 1664 1202 1730 ultra

666 1750 748 1801 quarn
761 1734 814 1784 dici
829 1734 916 1800 possit
936 1745 983 1785 aut
997 1735 1120 1800 cogitari,
1136 1750 1198 1786 ma·

665 1807 808 1876 gnificavit.
835 1809 904 1858 Nam
920 1819 966 1866 tu,
982 1808 1109 1867 Domina,
1134 1807 1199 1859 illuc

664 1879 822 1940 ascendens,
849 1895 918 1930 nova
938 1878 1006 1930 illud
1028 1894 1058 1930 ac
1084 1880 1199 1945 praecel-

666 1949 731 2000 lenti
762 1949 894 2001 virtutum
927 1960 1035 2000 tuarum
1071 1949 1201 2015 dignitate

666 2019 788 2081 irradias,
800 2020 987 2086 immensaque
998 2019 1202 2073 miserationum

666 2100 692 2141 et
712 2091 859 2156 gratiarum
880 2093 940 2142 luce
975 2092 1130 2156 perlustras.
1148 2091 1202 2141 Ea-

666 2161 728 2210 dem
742 2177 853 2228 quoque
867 2163 925 2212 dies
945 2161 984 2211 tui
1000 2176 1137 2220 ascensus,
1155 2176 1201 2210 eos

666 2234 715 2298 qui
736 2234 809 2285 cives
828 2235 889 2284 coeli
914 2234 947 2283 ab
973 2232 1052 2284 initio
1074 2243 1202 2283 creaturae

667 2319 726 2354 esse
751 2315 928 2365 meruerunt,
961 2305 1042 2354 solito
1071 2303 1201 2354 festiviori

667 2375 853 2426 exsultationis
879 2375 977 2442 gaudio
1005 2375 1105 2426 induit.
1130 2373 1201 2434 Quia

667 2462 784 2513 namque
798 2464 846 2514 per
857 2448 1007 2514 gloriosum
1029 2446 1147 2514 fructum
1160 2445 1196 2496 fe-

667 2521 761 2571 cundae
784 2521 947 2588 virginitatis
962 2532 1025 2582 tuae,
1046 2520 1138 2570 vident
1157 2534 1203 2570 se-

667 2594 1202 2661 mirutamcivitatemsuamreintegrari3

667 2681 728 2717 vere
743 2665 772 2716 in
786 2677 833 2718 tuo
848 2668 975 2726 adventu,
990 2682 1133 2734 perquem
1149 2677 1204 2716 tan·

668 2749 726 2790 tum
764 2741 867 2792 bonum
901 2753 1081 2800 meruerunt,
1111 2738 1201 2805 gaudii

667 2810 710 2861 sui
725 2812 885 2878 magnitudo
896 2812 955 2877 jure
966 2811 1060 2861 debuit
1074 2825 1204 2875 augmen-

668 2884 728 2936 tari.

698 2969 716 3018 4
736 2954 906 3004 Exsunrarro
919 2969 1015 3004 ranan
1036 2967 1070 3001 ar
1086 2967 1153 3002 utus
1168 2951 1198 3001 B.

668 3025 773 3074 Mamm
788 3052 819 3062 -
841 3025 953 3075 Terram
976 3023 1058 3074 etiam
1072 3022 1131 3073 dies
1152 3039 1202 3073 ex-

667 3095 803 3147 altationis
823 3106 885 3155 tuae,
907 3112 923 3146 o
945 3094 1102 3146 beatissima
1116 3093 1200 3144 femi-

668 3183 773 3228 narum,
792 3169 861 3220 mira
879 3167 964 3234 gratia
990 3166 1121 3232 irrigavit,
1136 3166 1201 3232 quia

667 3242 733 3291 dum
750 3251 793 3301 te,
811 3242 941 3308 quamde
957 3257 986 3292 se
1003 3250 1029 3291 et
1045 3239 1115 3290 inse
1131 3239 1201 3290 alio-

667 3327 728 3361 rum
767 3310 911 3362 hominum
943 3313 1002 3376 lege
1034 3308 1202 3375 progenitam

667 3381 750 3444 novit,
765 3396 853 3446 usque
870 3382 903 3431 ad
918 3380 1053 3432 Creatoris
1074 3378 1198 3429 omniurn
1269 3385 1275 3398 ’

667 3453 798 3503 thronum
819 3452 929 3502 exaltari
950 3451 1133 3517 recognoscit;
1148 3467 1200 3502 an-

666 3525 749 3591 tiquae
762 3523 960 3574 maledictionis
976 3537 1100 3588 poenam,
1115 3538 1198 3589 quam

667 3595 695 3645 in
711 3605 819 3660 peccato
836 3595 986 3659 primorum
999 3592 1118 3644 filiorum
1134 3609 1201 3643 suo-

667 3681 728 3716 rum
751 3680 779 3715 se
800 3664 897 3715 merito
916 3665 1051 3731 excepisse
1077 3664 1199 3721 sciebat,

666 3737 719 3801 jam
748 3750 795 3801 per
816 3745 895 3786 tantae
922 3735 1117 3786 benedictionis
1145 3745 1198 3785 tuae

666 3807 868 3868 adundantiam,
884 3823 942 3859 sese
958 3809 1068 3859 evadere
1084 3805 1199 3857 indubi-

666 3889 755 3930 tanter
775 3877 907 3929 credebat.
925 3877 999 3938 Quid
1017 3876 1134 3942 amplius
1154 3874 1200 3932 di·
