2626 4328
92 311 143 364 530

379 311 553 363 sncuttoAE
576 310 699 362 PARTlS
715 312 834 363 CAPUT
849 312 930 363 LXll.

91 427 172 488 mitti,
190 437 215 478 et
239 426 341 478 ibidem
356 425 472 477 accusari
487 434 514 476 et
534 425 623 477 fatuus
643 427 771 492 reputari,
792 441 822 478 ac
836 425 938 492 sperni,
960 435 987 477 et
1007 425 1036 476 in
1056 434 1131 477 veste
1149 426 1205 478 alba

91 497 167 549 illudi
184 498 328 564 pertulisti,
344 497 508 563 tandemque
520 497 559 549 sic
574 497 671 548 illusus
689 509 716 549 et
731 499 760 548 in
773 508 849 549 veste
870 498 932 548 alba
945 497 1067 559 indutus,
1086 498 1120 548 ad
1136 498 1208 549 Pila·
1258 492 1260 499 '

91 582 148 622 tum
164 589 193 623 es
209 573 347 634 remissus,
373 572 414 623 iac
429 587 480 636 me,
497 587 598 639 quaeso,
613 570 726 638 injurias
736 584 763 624 et
778 572 895 624 convitia
908 572 1039 638 patienter
1050 582 1077 624 et
1089 573 1208 639 gauden-

91 657 131 697 ter
146 662 195 712 pro
209 646 248 697 tui
264 644 383 696 nominis
397 645 482 712 gloria
492 647 613 706 tolerare,
627 645 694 697 etin
714 657 860 712 conspectu
872 655 920 696 tuo
939 661 1000 696 cum
1014 646 1114 712 gaudio
1125 662 1206 714 appa·

92 734 157 784 rere,
171 735 200 770 ac
214 719 320 770 vultum
334 729 413 769 tuum
427 718 631 770 desiderabilem
643 733 749 784 semper
763 719 904 785 respicere.
922 719 1019 769 Amen.

502 1121 669 1192 CAPUT
693 1121 797 1192 LXII

324 1366 377 1433 De
405 1365 541 1446 Tertia,
568 1364 605 1433 in
627 1363 798 1434 Passione
820 1362 976 1431 Domini.

131 1630 138 1661 1
168 1613 293 1668 Priasus,
311 1626 399 1661 sersus
416 1611 554 1662 Cnarsrurr
568 1627 628 1660 asse

97 1699 275 1745 rusocsurnu,
291 1698 372 1733 ornus
385 1699 490 1733 rnurnr
504 1699 539 1733 υτ
550 1699 628 1733 resurr

16 1786 21 1796 .
98 1771 221 1804 mannan.
244 1783 275 1793 -
304 1755 377 1805 Hora
399 1750 476 1806 teriia
498 1754 629 1821 cogitabis

99 1836 211 1876 moestus
232 1835 258 1875 et
279 1825 365 1876 tristis
389 1825 504 1891 qualiter
520 1825 629 1875 reducto

97 1895 215 1948 Domino
230 1896 263 1947 ad
279 1897 404 1958 Pilatum,
422 1897 461 1949 illi
486 1913 565 1948 canes
581 1897 629 1948 lae-

99 1981 186 2020 rantes
199 1971 233 2020 de
254 1970 353 2020 foedere
368 1970 482 2020 Herodis
499 1980 525 2020 et
541 1968 628 2029 Pilati,

98 2054 160 2090 curn
182 2040 290 2090 audacia
311 2055 407 2106 magna
432 2050 630 2106 prosequuntur

98 2111 281 2161 accusationes
302 2127 373 2172 suas,
399 2110 523 2178 quamvis
543 2124 630 2176 neque

100 2183 211 2244 Pilatus,
234 2198 322 2250 neque
345 2184 464 2235 Herodes
487 2182 630 2248 diligenter

100 2268 161 2305 eum
186 2255 375 2322 interrogando
400 2266 426 2306 et
452 2254 630 2305 examinando

99 2324 251 2376 invenirent
279 2326 308 2376 in
334 2341 366 2377 eo
394 2341 500 2376 causam
526 2324 630 2375 mortis.

102 2395 179 2446 Unde
201 2397 233 2446 ad
262 2397 475 2462 exprobrandam
502 2395 630 2445 duritiam

99 2465 254 2515 ludaeorum
270 2477 295 2517 et
309 2467 459 2517 Gentilium
476 2465 576 2516 Pilatus
590 2464 630 2514 ia-

100 2546 171 2586 tetur
190 2553 239 2587 nec
255 2545 298 2598 se,
320 2554 368 2589 nec
387 2538 531 2598 Herodem,
545 2552 632 2604 neque

99 2607 128 2656 in
152 2609 305 2670 occidendo,
330 2626 417 2677 neque
434 2611 461 2659 in
483 2610 630 2669 illudendo,

100 2679 128 2728 in
147 2678 256 2729 Christo
277 2696 384 2730 causam
401 2696 448 2730 seu
469 2680 571 2746 aliquid
588 2680 628 2739 di·

100 2766 185 2816 gnum
202 2761 289 2802 morte
303 2751 445 2802 invenisse.
465 2752 517 2801 Ubi
532 2750 607 2801 Beda
622 2768 631 2801 :

101 2843 114 2870 α
128 2823 184 2874 Hoc
200 2825 314 2875 dicendo
328 2825 431 2875 Pilatus
442 2823 557 2873 absolvit
573 2823 632 2889 qui·

99 2895 160 2944 dem
175 2896 275 2957 lesum,
293 2912 375 2963 quem
394 2895 516 2962 probavit
535 2894 631 2944 inson-

99 2975 167 3029 tem;
195 2968 241 3017 sed
267 2983 348 3033 quem
370 2965 484 3017 absolvit
510 2963 629 3030 iudicio,

101 3038 234 3104 crucifigit
260 3039 422 3090 ministerio.
451 3035 538 3098 Audi,
564 3051 631 3086 caece

100 3107 199 3167 Judaee,
214 3109 285 3170 audi,
300 3109 416 3161 crudelis
432 3122 541 3175 pagane.
559 3107 631 3157 Pila-

101 3188 144 3228 tus
171 3181 229 3246 ipse
252 3181 349 3233 fatetur
373 3197 460 3248 neque
482 3195 520 3241 se,
544 3194 631 3245 neque

103 3249 238 3300 Herodem
266 3252 380 3318 dignum
406 3250 472 3318 quid
496 3259 583 3300 morte
601 3249 630 3299 in

100 3320 210 3371 Christo
233 3323 383 3388 reperisse3
410 3324 455 3374 sed
478 3330 582 3371 tantum
603 3319 630 3370 in

100 3390 246 3442 occidendo
271 3395 312 3444 vel
338 3394 475 3444 illudendo
497 3391 629 3451 innoxio,

98 3463 192 3514 alienae
229 3466 394 3516 crudelitatis
433 3466 631 3530 obtemperasse

101 3535 265 3586 clamoribus
280 3553 286 3586 :
301 3556 314 3584 n
330 3538 386 3588 haec
400 3537 486 3588 Beda.
503 3538 630 3602 Magnum

99 3604 251 3656 dimittendi
273 3607 366 3658 lesum
382 3608 502 3659 studium
523 3607 630 3672 gerebat

98 3677 211 3730 Pilatus.
226 3680 277 3730 Sed
290 3691 389 3746 quanto
399 3680 531 3731 curiosius
541 3677 630 3729 dimit-

98 3762 153 3803 tere
166 3753 271 3818 quaerit,
289 3763 363 3804 tanto
377 3753 578 3804 criminosiores
596 3752 628 3801 ad

99 3833 214 3874 mortem
230 3824 286 3889 ejus
301 3824 412 3876 invenit.
423 3825 462 3875 Et
473 3838 532 3875 cnm
545 3836 628 3873 accu-

96 3899 222 3960 saretur,
250 3895 385 3946 Dominus
408 3893 589 3956 mendaciter,
609 3907 628 3943 a

682 1611 850 1675 principibus
871 1612 1039 1662 sacerdotum
1057 1618 1083 1662 et
1098 1611 1214 1662 seniori-

684 1681 741 1742 bus,
770 1681 837 1732 nihil
863 1683 1010 1749 respondit,
1041 1698 1089 1733 nec
1113 1682 1148 1732 ad
1173 1680 1215 1733 sui

683 1753 891 1817 excusationem,
907 1768 955 1803 nec
973 1755 1004 1803 ad
1023 1754 1159 1803 dictorum
1171 1767 1217 1803 re·

684 1823 853 1887 futationem,
876 1840 924 1875 nec
941 1841 971 1876 ac
993 1824 1142 1875 dicentium
1161 1823 1216 1875 im·

684 1895 911 1960 properationem
940 1896 986 1946 sed
1007 1895 1094 1962 magis
1107 1907 1217 1945 accusa·

685 1966 773 2017 tiones
795 1967 908 2018 viriliter
932 1967 1063 2018 sustinuit
1077 1977 1103 2017 et
1123 1965 1216 2018 tacuit.

686 2039 728 2102 Et,
756 2045 826 2101 tunc,
849 2056 909 2090 cum
932 2040 971 2090 sic
991 2049 1162 2090 accusaretur
1182 2038 1216 2088 ab

685 2109 734 2168 eis,
750 2110 824 2160 dixit
841 2110 884 2161 illi
896 2111 1006 2161 Pilatus
1027 2128 1035 2160 .·
1057 2111 1122 2161 Non
1136 2109 1217 2160 andis

685 2188 786 2248 quanta
800 2181 944 2232 adversum
959 2189 983 2232 te
996 2183 1089 2233 dicunt
1101 2182 1219 2232 testimo·

686 2255 757 2306 nia?
783 2256 854 2316 ldeo,
882 2258 1029 2306 seeundum
1047 2255 1218 2322 chrysosto-

685 2343 771 2390 mum,
797 2327 848 2378 hoc
877 2328 991 2388 dicebat,
1023 2326 1088 2393 quia
1109 2325 1218 2377 volebat

685 2400 798 2452 liberare
827 2416 900 2464 eum,
919 2401 985 2451 dum
1010 2415 1039 2450 se
1062 2399 1218 2450 excusando

686 2473 867 2539 responderet.
886 2472 938 2522 Sed
952 2471 1086 2522 Dominus
1102 2485 1154 2521 non
1170 2483 1217 2521 re·

686 2540 793 2610 spondit
807 2543 832 2594 ei
849 2543 886 2594 ad
904 2543 986 2593 ullum
1000 2542 1115 2603 verbnm,
1135 2541 1175 2591 ita
1187 2546 1218 2591 ut

686 2615 832 2678 miraretur
854 2615 964 2665 Praeses
987 2613 1160 2673 vehementer,
1184 2610 1218 2661 de

686 2685 743 2749 ejus
770 2684 898 2750 patientia
918 2695 944 2734 et
965 2683 1122 2744 constantia,
1144 2681 1218 2749 quod

686 2754 731 2805 ille
747 2770 828 2821 quem
853 2755 880 2804 in
905 2755 975 2821 Lege
999 2755 1116 2821 peritum
1136 2763 1164 2805 et
1184 2753 1218 2804 ad

686 2826 779 2876 omnia
792 2826 952 2890 respondere
972 2835 1110 2891 potentem
1123 2823 1219 2875 audie·

686 2906 735 2954 rat,
752 2895 822 2945 nihil
843 2896 1025 2961 responderet,
1040 2905 1066 2945 et
1080 2894 1155 2959 quod
1169 2907 1218 2944 ex·

687 2966 791 3016 hibitus
814 2964 847 3016 ad
875 2965 1012 3016 criminale
1034 2963 1175 3029 judicium,
1191 2969 1219 3013 et

687 3047 759 3088 stans
773 3046 833 3088 ante
848 3046 972 3096 mortem,
986 3048 1047 3101 quae
1069 3034 1141 3098 apud
1154 3047 1218 3082 om-

687 3123 733 3158 nes
756 3107 884 3158 homines
908 3106 1057 3156 aestimatur
1077 3102 1217 3163 terribilis,

688 3181 745 3246 ipse
765 3179 994 3245 imperturbabilis
1012 3185 1172 3228 remaneret.
1186 3176 1218 3226 ln

688 3253 739 3302 hoc
762 3262 853 3301 autem
880 3251 957 3300 docet
978 3249 1163 3300 accusationes
1191 3255 1219 3297 et

687 3320 887 3371 criminationes
909 3320 1040 3387 patienter
1055 3334 1114 3370 esse
1131 3316 1219 3369 susti·

688 3391 797 3449 nendas‚
812 3391 864 3441 hoc
880 3391 952 3440 enim
967 3390 1053 3456 magis
1065 3389 1218 3440 mirabilem

687 3462 750 3512 facit
771 3464 929 3512 Sanctorum
946 3461 1113 3527 patientiam,
1135 3473 1218 3526 quam

687 3534 816 3586 defensio.
835 3534 910 3584 Unde
932 3533 1114 3584 Ambrosius:
1133 3550 1148 3579 α
1166 3532 1218 3581 Ac·

688 3616 797 3656 cusatur
814 3605 947 3655 Dominus
961 3614 986 3654 et
998 3613 1074 3665 tacet,
1090 3603 1155 3670 quia
1168 3602 1218 3652 de·

687 3676 810 3727 fensione
835 3691 889 3725 non
921 3673 1039 3740 indiget;
1064 3689 1113 3724 nec
1137 3687 1219 3724 accu-

686 3748 821 3799 sationem
846 3746 957 3796 tacendo
984 3744 1147 3804 confirmat,
1171 3743 1217 3795 sed

685 3818 799 3884 despicit
825 3832 880 3867 non
903 3815 1058 3866 refellendo.
1084 3814 1219 3865 Ambiunt

685 3889 802 3952 defendi,
827 3887 875 3956 qui
901 3887 996 3940 timent
1017 3886 1101 3939 vinci.
1120 3885 1217 3938 Melies
