2626 4328
369 317 415 368 DE
430 317 553 381 SEXTA,
571 317 605 368 ΙΝ
624 316 791 370 PASSIONE
806 319 944 371 DOMINI.

96 430 249 483 tentionem
277 432 440 492 Judaeorum,
468 431 568 482 factum
593 442 633 483 est

97 502 131 562 ei,
149 502 183 551 ad
202 501 382 568 ignominiam
397 514 423 553 et
442 502 629 568 opprobrium,

97 581 128 622 ut
141 571 247 622 scilicet
269 586 348 622 causa
361 573 455 622 mortis
470 573 536 637 ejus,
552 573 632 623 simi-

95 642 129 692 lis
144 642 309 707 iudicaretur
332 658 418 693 causae
437 643 533 694 mortis
546 644 632 694 latro-

96 730 175 775 num,
204 730 234 764 ac
262 715 395 780 particeps
426 714 454 765 in
485 715 631 765 malefactis

95 799 192 834 eorum
205 784 350 846 videretur,
364 797 390 836 et
402 801 496 835 eorum
508 785 632 836 societate

97 858 284 910 infamaretur.
305 860 357 910 Sed
377 860 399 911 si
420 860 452 911 ad
472 860 630 926 mysterium

96 931 261 994 attendatur,
273 931 325 981 hoc
334 932 518 982 adclaritatem
530 931 630 982 Christi

96 1001 222 1068 pertinet,
248 1017 312 1051 nam
334 1018 381 1069 per
402 1004 452 1052 hoc
472 1003 630 1066 ostenditur,

95 1072 171 1138 quod
191 1087 239 1138 per
258 1073 411 1124 Passionem
424 1089 500 1124 suam
515 1074 632 1124 mereba-

95 1153 142 1194 tur
152 1142 321 1208 judiciariam
335 1155 500 1210 potestatem.
511 1144 631 1194 Medium

95 1214 173 1265 enim
201 1223 293 1265 tenere
320 1217 426 1282 proprie
455 1215 571 1282 pertinet
595 1214 628 1265 ad

89 1287 222 1353 iudicem.
263 1289 342 1339 Unde
379 1290 591 1357 chrysostomus
621 1303 630 1340 .·

95 1359 225 1410 «Pariter
248 1360 406 1427 crucifigunt
427 1362 552 1423 latrones,
574 1375 629 1410 non

94 1440 225 1497 tanquam
241 1431 343 1482 inimici
357 1434 503 1490 latronum,
520 1430 630 1497 partici-

93 1515 144 1566 pes
157 1501 233 1552 enim
247 1512 323 1552 erant
335 1503 443 1553 sceleris
458 1517 569 1564 eorum;
584 1502 629 1552 sed

94 1581 126 1620 ut
156 1570 318 1623 infamarent
352 1574 501 1625 Dominum
528 1588 628 1634 suum,

94 1645 169 1711 quod
185 1661 242 1695 non
257 1645 314 1697 sine
326 1663 404 1698 causa
419 1648 562 1699 crucifixus
577 1656 628 1710 est,

95 1715 145 1766 sed
160 1717 238 1780 quasi
256 1717 304 1782 qui
320 1717 486 1769 facinorosus
503 1718 629 1769 inventus

94 1788 141 1838 sit.
158 1807 172 1834 n
188 1789 267 1839 Unde
285 1799 312 1840 et
322 1792 482 1842 Ambrosius
495 1809 503 1842 .·
516 1810 529 1837 n
542 1791 630 1850 Quam

1160 321 1211 390 575
1247 394 1249 399 Α

685 433 801 494 sultavit,
816 436 957 487 damnatus
971 445 1018 487 est.
1033 436 1091 486 lam
1106 437 1215 504 signifi-

685 504 767 563 cabat,
788 505 854 571 quid
873 506 989 557 facturus
1005 516 1045 557 est
1056 506 1089 556 de
1106 507 1174 559 vivis
1190 518 1216 558 et

684 577 799 628 mortuis
827 595 833 628 :
863 580 931 630 alios
953 580 1091 646 positurus
1121 591 1162 632 est
1183 581 1215 631 ad

684 647 833 712 dexteram3
855 649 922 700 alios
944 651 976 700 ad
1001 650 1148 702 sinistram.
1165 651 1216 702 Ju-

683 717 828 779 dicabatur,
841 729 866 769 et
880 721 1009 784 iudicium
1022 721 1172 771 minabatur
1183 738 1189 771 :
1200 740 1214 769 n

684 789 740 839 haec
764 791 943 856 Augustinus.
968 792 1005 841 Ex
1031 791 1081 842 hoc
1103 791 1215 844 articulo

683 859 864 910 crucifixionis
888 861 1022 912 latronum
1043 877 1106 912 cum
1130 862 1216 913 Chri·

682 939 724 979 sto
738 931 853 981 trahitur
874 931 1083 993 documentum,
1097 933 1170 998 quod
1188 942 1216 983 et

682 1014 731 1049 nos
746 1015 808 1049 cum
824 1000 933 1050 Christo
950 1001 1071 1068 crucifigi
1083 1002 1214 1053 debemus

683 1070 712 1120 in
733 1072 822 1121 medio
838 1072 981 1122 latronum.
1004 1073 1074 1123 Nam
1092 1074 1161 1124 sicut
1176 1073 1215 1124 ibi

683 1153 747 1193 sunt
774 1154 828 1194 tres
854 1144 996 1194 crucifixi:
1016 1145 1070 1196 duo
1089 1147 1215 1207 latrones,

682 1227 709 1268 et
723 1219 828 1269 medius
842 1221 935 1282 Jesus;
961 1220 998 1270 sic
1014 1220 1042 1270 in
1062 1220 1141 1271 nobis
1162 1237 1218 1271 mo·

682 1288 773 1338 taliter
792 1289 969 1356 crucifigenda
987 1298 1051 1339 sunt
1072 1290 1133 1349 tria,
1149 1290 1217 1341 scili-

682 1368 742 1409 cet:
758 1375 818 1410 caro
839 1370 864 1410 et
886 1361 1014 1419 mundus,
1028 1360 1074 1426 qui
1088 1375 1136 1426 per
1147 1361 1215 1412 duos

682 1431 807 1496 latrones,
824 1443 850 1482 et
863 1432 975 1498 spiritus
993 1443 1090 1492 noster,
1108 1431 1155 1499 qui
1169 1448 1216 1498 per

681 1503 773 1553 lesum
789 1505 953 1570 designatur.
964 1505 1032 1555 Caro
1048 1503 1209 1570 crucifigen-

682 1575 715 1625 da
729 1585 778 1636 est,
794 1575 862 1625 sicut
882 1577 950 1626 latro
971 1577 1070 1636 dexter,
1085 1584 1115 1624 ut
1129 1575 1214 1641 spiri-

682 1645 722 1694 tui
739 1645 897 1711 subjiciatur
911 1656 937 1696 et
957 1646 980 1696 ei
999 1645 1157 1709 consentiat,
1172 1660 1215 1696 se-

683 1718 802 1767 cundum
817 1717 884 1768 illud
898 1717 1021 1783 Apostoli
1036 1717 1111 1779 :Qui
1125 1723 1214 1767 autem

684 1795 745 1839 suut
767 1790 877 1853 Christi,
901 1805 1008 1843 caruem
1032 1805 1108 1841 suam
1133 1790 1217 1841 cruci·

96 1863 269 1914 exsecrabilis
288 1865 316 1914 in
335 1865 403 1915 facto
430 1865 561 1932 iniquitas
581 1867 630 1915 Ju-
676 1860 803 1926 fixerunt
821 1878 879 1914 cum
901 1863 1016 1914 uitiiset
1031 1864 1214 1928 concupiscen-

94 1934 228 1995 daeorum‚
244 1945 275 1986 ut
289 1938 367 2003 quasi
387 1938 518 1989 latronem
539 1938 630 1989 cruci-

94 2005 211 2072 figerent
238 2009 362 2058 omnium
394 2009 628 2075 Redemptoreml

95 2078 156 2144 Ipse
171 2093 234 2128 vero
247 2078 298 2129 hoc
314 2079 445 2144 permisit,
460 2090 559 2131 etcum
574 2095 631 2146 pec-

93 2147 233 2198 catoribus
246 2149 333 2199 voluit
351 2149 478 2215 crucifigi,
495 2160 525 2201 ut
538 2158 630 2200 osten-

92 2216 169 2268 deret
194 2233 223 2268 se
248 2234 297 2284 pro
323 2220 506 2284 peccatoribus
526 2221 579 2286 pati
604 2229 630 2270 et

94 2287 181 2351 mori;
208 2297 236 2338 et
260 2299 291 2338 ut
315 2289 472 2356 impleretur
494 2291 631 2358 Scriptura

93 2358 180 2419 lsaiae,
202 2375 264 2425 quae
289 2361 335 2411 diu
360 2371 421 2412 ante
447 2363 573 2414 dixerat:
590 2364 630 2414 Et

92 2442 155 2480 cum
171 2430 314 2482 sceleratis
337 2439 477 2499 reputatus
495 2439 543 2484 est.
562 2435 629 2484 Cum

683 1932 745 1993 tiis;
758 1933 878 1984 mundus
892 1933 960 1984 sicut
971 1934 1038 1984 latro
1053 1934 1171 1994 sinister,
1184 1940 1214 1982 ut

684 2003 755 2053 bono
788 2004 924 2055 insultans
959 2006 1145 2072 relinquatur,
1176 2020 1215 2055 se·

683 2074 800 2124 cundum
826 2074 894 2125 illud
918 2076 1036 2139 ejusdem
1062 2075 1214 2141 Apostoli·:

682 2143 755 2194 Milri
781 2146 896 2195 muudus
926 2146 1078 2212 crucifixus
1102 2151 1159 2209 est,
1190 2150 1216 2195 et

682 2226 734 2279 ego
766 2215 871 2266 mundo.
902 2215 962 2265 Istis
997 2214 1148 2266 latronibus
1186 2215 1215 2264 in

685 2283 763 2333 nobis
788 2284 929 2344 crucifixis,
958 2285 1069 2350 spiritus
1094 2284 1124 2333 in
1154 2299 1216 2334 me·

682 2355 728 2404 dio
755 2356 926 2423 crucifigatur
947 2372 1009 2408 cum
1037 2357 1163 2418 Christo,
1185 2366 1216 2407 ut

682 2426 751 2476 dicat
769 2442 830 2477 cum
845 2430 974 2494 Apostolo
997 2446 1004 2480 :
1029 2429 1138 2480 Christo
1157 2442 1216 2480 con-

92 2499 196 2566 iru‘quis
211 2516 275 2566 ergo
289 2508 429 2569 reputatus
442 2509 483 2553 est
493 2503 522 2552 in
533 2513 627 2563 morte,
675 2496 757 2562 fixus
774 2513 831 2549 sum
851 2501 933 2550 cruci·
955 2500 1020 2551 Vivo
1045 2507 1132 2551 autem
1154 2499 1215 2566 jam

92 2581 127 2622 ut
147 2571 259 2637 iniquos
276 2573 392 2624 vivificet
407 2575 435 2624 in
453 2575 629 2626 resurrectio-

93 2655 130 2692 ne
145 2658 152 2691 :
168 2661 183 2690 n
198 2642 257 2692 haec
271 2644 438 2695 Ambrosius.
454 2646 554 2696 Pendet
565 2662 628 2712 ergo

92 2714 233 2766 Dominus
247 2716 318 2768 inter
331 2718 399 2768 duos
411 2719 537 2780 latrones,
551 2720 627 2787 quasi

92 2785 150 2836 dux
165 2795 192 2836 et
208 2787 336 2853 magister
351 2789 497 2840 criminum
520 2790 548 2840 in
567 2807 628 2842 me-

92 2855 141 2906 dio
161 2855 274 2907 locatus.
300 2860 331 2908 ln
349 2860 400 2910 hoc
420 2870 510 2911 autem
524 2872 627 2927 myste-

92 2929 167 2980 rium
200 2929 290 2981 finalis
320 2932 411 2997 judicii
450 2934 626 3000 designatur,

91 3001 205 3067 quando
228 3001 316 3051 veniet
338 3002 425 3053 Filius
445 3003 584 3065 hominis,¹
601 3016 627 3057 et

90 3073 255 3137 judicandos
285 3084 383 3126 statuet
408 3093 415 3126 ε
438 3077 498 3137 hos,
528 3077 628 3130 scilicet

90 3158 188 3209 agnos,
211 3161 228 3195 a
245 3145 364 3209 dextris3
385 3156 411 3196 et
429 3147 505 3208 alios,
528 3148 629 3200 scilicet

91 3213 201 3276 haedos,
217 3230 232 3264 a
248 3215 374 3267 sinistris.
392 3217 469 3267 Unde
484 3217 628 3286 Hierony-

91 3299 154 3336 mus
170 3301 178 3337 :
195 3303 210 3331 u
225 3286 294 3336 Cum
310 3286 410 3353 iniquis
425 3287 527 3339 Veritas
542 3291 629 3356 depu-

93 3363 160 3414 tata,
179 3371 267 3405 unum
285 3357 394 3423 reliquit
413 3357 565 3420 sinistrum,
586 3361 629 3411 al-

90 3434 184 3476 terum
199 3427 347 3492 assumpsit
364 3427 497 3489 dextrum,
512 3429 581 3481 sicut
600 3431 629 3482 in

91 3495 137 3546 die
162 3496 256 3562 judicii
282 3497 369 3548 faciet.
385 3499 526 3550 Confessio
542 3502 630 3553 brevis

90 3564 177 3616 vitam
188 3566 331 3633 acquisivit
340 3570 458 3634 longam,
469 3580 495 3621 et
510 3571 631 3637 blasphe-

91 3636 150 3686 mia
165 3635 242 3686 finita
265 3653 343 3704 poena
356 3639 480 3704 plectitur
494 3652 600 3693 aeterna.
615 3661 629 3691 r>

92 3705 175 3757 Unde
196 3718 222 3757 et
242 3710 436 3774 Augustinus:
454 3729 468 3759 n
481 3713 541 3777 lpsa
555 3728 628 3773 crux,

92 3776 116 3826 si
132 3778 266 3842 attendas,
283 3779 401 3830 tribunal
415 3780 475 3832 fuit.
493 3783 522 3832 ln
539 3784 630 3834 medio

92 3846 171 3897 enim
193 3845 287 3899 Judice
300 3849 457 3911 constituto,
477 3867 550 3902 unus
562 3853 630 3903 latro

95 3916 144 3982 qui
166 3918 288 3983 credidit,
302 3918 431 3971 liberatus
444 3929 499 3984 est;
519 3921 567 3988 qui
584 3922 631 3972 in·

682 2582 732 2618 uon
763 2583 825 2635 ego,
852 2570 918 2620 vivit
934 2585 997 2622 uero
1022 2571 1049 2621 iu
1077 2585 1118 2620 me
1135 2570 1216 2621 Clrrt'-

681 2646 748 2690 stus.
777 2643 824 2692 Est
850 2653 940 2693 autem
967 2643 1116 2704 sciendum,
1139 2641 1212 2709 quod

680 2713 748 2764 latro
783 2715 893 2766 sinister
926 2715 1070 2767 crucifixus
1102 2715 1213 2782 quidem

680 2785 740 2848 fuit,
755 2805 810 2838 non
829 2798 916 2840 tamen
939 2791 1063 2848 salvatus,
1086 2790 1132 2840 sed
1150 2801 1214 2854 per-

680 2860 780 2910 mansit
791 2860 820 2910 in
835 2859 945 2925 perfidia
956 2875 1018 2923 sua3
1035 2861 1072 2910 sic
1086 2859 1214 2916 mundus,

680 2930 742 2987 licet
755 2929 932 2994 crucifigatur,
947 2940 1066 2981 remanet
1079 2939 1167 2979 tamen
1182 2927 1212 2977 in

680 3000 851 3052 immunditia
864 3015 922 3051 sua.
938 3000 1006 3050 Caro
1020 3009 1109 3049 autem
1123 2996 1213 3048 cruci-

680 3073 732 3124 fixa
748 3073 863 3122 salvatur
882 3088 944 3122 cum
965 3071 1071 3136 spiritu,
1095 3070 1159 3137 quia
1181 3069 1210 3120 in

681 3144 872 3196 resurrectione
880 3159 927 3193 sua
935 3142 1136 3209 glorificabitur,
1145 3142 1216 3191 unde

681 3212 777 3266 latroni
798 3212 892 3263 dextro
906 3213 974 3263 dixit
994 3213 1071 3264 Jesus
1091 3229 1098 3263 :
1119 3211 1211 3263 Hodie

681 3298 779 3335 mecum
795 3282 851 3332 eris
865 3282 891 3332 iu
908 3283 1051 3349 paradiso.
1071 3283 1113 3334 Ad
1128 3282 1215 3347 maio·

682 3370 738 3405 rem
767 3363 856 3403 autem
879 3354 1040 3404 evidentiam
1068 3354 1213 3420 praedicto-

682 3441 760 3486 rum,
774 3424 913 3474 sciendum
928 3435 967 3475 est
981 3426 1053 3491 quod
1072 3441 1136 3476 crux
1150 3439 1211 3475 car-

683 3496 725 3547 nis
758 3505 798 3545 est
829 3495 903 3560 rigor
934 3495 1097 3562 disciplinae,
1137 3495 1213 3561 cujus

682 3576 798 3632 quatuor
812 3578 876 3616 sunt
889 3567 1015 3628 brachia,
1032 3568 1132 3618 scilicet
1146 3584 1154 3618 ι
1170 3565 1214 3616 vi-

682 3639 755 3705 gilia,
770 3638 943 3699 abstinentia,
958 3641 1085 3706 asperitas
1098 3639 1214 3690 vestium

683 3718 709 3759 et
727 3708 876 3775 disciplinae
901 3712 1050 3762 verberum.
1070 3712 1142 3762 Crux
1161 3725 1213 3760 au-

683 3791 748 3839 tem,
775 3795 829 3845 qua
853 3780 972 3830 mundus
986 3780 1159 3846 crucifigitur,
1176 3786 1217 3828 est

684 3861 823 3918 paupertas
838 3851 958 3916 spiritus,
969 3853 1045 3918 cuius
1057 3853 1137 3902 etiam
1150 3857 1217 3900 sunt

684 3933 800 3990 quatuor
831 3923 958 3986 brachia,
984 3924 1085 3976 scilicet
1111 3939 1118 3974 t
1145 3936 1214 3973 con·
