2626 4328
322 255 369 305 DE
383 253 507 314 SEXTA,
525 253 560 303 IN
580 253 746 304 PASSIONE
762 255 896 306 DOMINI.

55 372 187 440 patienter
210 383 376 438 supportare.
394 372 471 433 Item,
487 379 532 421 est
542 370 590 419 do-

55 453 218 494 cumentum
233 443 262 492 in
278 443 381 492 latrone
400 443 503 500 dextro,
516 439 589 506 quod

53 513 169 577 injurias
207 513 256 575 Dei
293 514 448 563 nullatenus
477 512 590 562 tolerare

52 585 202 644 debemus,
232 583 278 634 sed
298 583 492 648 reprehendere
520 581 590 630 sicut

53 653 116 704 fecit
128 655 200 704 latro
215 653 274 704 iste.
299 655 381 713 Item,
396 653 590 703 documentum

53 737 103 786 est,
117 736 360 793 quantumcunque
380 726 465 777 simus
475 727 589 775 scelera-

54 797 73 847 ti
98 808 263 863 peccatores,
287 796 320 847 de
340 797 387 847 Dei
403 805 493 846 tamen
513 794 591 844 mise-

54 867 173 918 ricordia
211 867 363 917 nullatenus
403 866 589 932 desperemus,

54 941 181 1006 exemplo
203 939 282 990 istius
306 940 461 1005 peccatoris,
476 939 533 1006 qui,
561 949 591 988 ut

54 1015 120 1065 dicit
141 1013 324 1079 Augustinus,
346 1029 393 1079 per
420 1029 505 1063 unum
529 1028 590 1063 ver-

55 1091 123 1140 bum
147 1086 234 1137 factus
253 1098 292 1137 est
313 1088 391 1136 heres
413 1086 537 1152 paradisi.
550 1085 591 1136 Ad

55 1156 284 1209 conformandum
301 1172 329 1206 se
345 1152 407 1206 huic
418 1157 541 1216 articulo,
557 1165 592 1206 at-

55 1232 150 1281 tendat
177 1231 262 1279 homo
284 1230 454 1288 documenta,
475 1239 501 1278 et
525 1238 591 1288 oret,

56 1300 173 1351 dicendo
188 1317 194 1348 :
207 1301 282 1363 Jasrr,
295 1300 341 1365 qui
362 1299 409 1348 tibi
426 1299 460 1348 ab
481 1313 532 1348 reno
548 1298 592 1347 la-

57 1380 166 1424 tronum
183 1373 333 1437 exprobari
350 1378 375 1422 et
386 1372 420 1421 ab
437 1371 492 1421 alio
514 1385 594 1421 vene-

56 1443 184 1494 rabiliter
204 1443 325 1509 corfiteri
348 1443 466 1504 voluisti,
485 1443 538 1508 sac
554 1457 594 1493 me

53 1530 109 1580 pro
118 1515 161 1566 tui
172 1515 286 1565 nominis
304 1515 397 1580 gloria
411 1514 593 1580 malignorum

57 1585 225 1651 improperia
245 1585 431 1650 aequanimiter
447 1585 594 1645 sustinere,·

57 1663 153 1708 etcum
167 1655 215 1707 illo
232 1657 336 1706 latrone
348 1656 493 1707 venerabili
504 1670 594 1721 para-

57 1727 117 1778 disi
134 1726 241 1793 gaudia
255 1727 407 1793 possidere.

92 1799 126 1850 25
156 1799 310 1850 Passenni
336 1801 366 1848 il.
396 1801 432 1850 M.
460 1798 596 1859 v.,Jom-

58 1889 102 1925 urs
128 1889 163 1923 rr
189 1889 339 1923 aurierunt.
376 1901 407 1911 -
440 1873 476 1922 Et
512 1872 597 1922 multa

58 1944 113 1994 alia
131 1943 250 1995 convitia
262 1943 387 1994 dicebant
400 1954 463 1993 tunc
481 1943 596 1992 maledi-

20 2069 24 2075 ,
60 2016 116 2080 cti,
141 2016 190 2082 qui
220 2016 330 2065 aderant
355 2016 455 2065 ibidem
478 2013 595 2063 Domino

59 2090 134 2147 Jesu,
149 2096 176 2137 et
190 2086 330 2137 faciebant.
349 2089 408 2152 Ipse
422 2102 484 2137 vero
498 2086 597 2135 docens

62 2176 115 2211 nos
129 2161 159 2210 in
173 2159 350 2210 tribulatione
372 2160 471 2209 habere
490 2157 597 2224 patien-

60 2232 128 2281 tiam
145 2239 171 2280 et
195 2230 429 2294 perseverantiam,
456 2231 598 2281 nihilomi-

61 2319 114 2354 nus
138 2304 323 2370 perseverabat
343 2314 369 2354 et
384 2305 556 2370 permanebat
570 2302 598 2353 in

60 2389 141 2428 cruce
155 2389 244 2439 usque
258 2374 286 2422 in
304 2373 397 2434 finem,
414 2385 443 2424 ut
459 2375 598 2425 diabolum

63 2459 176 2511 prorsus
190 2444 341 2494 destrueret
364 2455 391 2494 et
411 2445 497 2509 spolia
512 2460 561 2495 sua
574 2445 598 2496 ei

61 2513 188 2564 auferret.
207 2513 307 2564 Omnia
321 2524 410 2564 autem
427 2515 476 2564 ista
499 2500 599 2564 ‹lichn-

63 2597 109 2636 tur
121 2595 148 2636 et
160 2584 238 2644 fiunt,
255 2585 432 2635 moestissima
447 2585 531 2635 Matre
552 2600 600 2635 sua

62 2668 204 2723 prasente,
225 2671 287 2722 quae
315 2658 406 2707 stabat
425 2656 513 2722 juxta
537 2672 602 2708 crv-

63 2742 120 2780 cem
146 2744 209 2779 cum
231 2728 371 2780 sororibus
395 2728 451 2778 suis
466 2735 492 2779 et
505 2727 602 2779 Maria

63 2801 238 2867 liagdaleua
260 2811 287 2850 et
299 2802 400 2852 loanne
420 2817 426 2850 :
446 2802 521 2867 cujus
543 2802 602 2850 Ma-

62 2870 114 2920 tris
127 2871 283 2937 compassio
308 2872 425 2921 multum
445 2880 603 2937 augmenta·

64 2946 110 2993 bat
121 2943 193 2993 Filio
214 2944 384 3009 passionem3
402 2955 428 2994 et
443 2960 458 2994 e
476 2959 603 2994 converso

63 3016 124 3081 ipsa
148 3031 211 3065 cum
228 3015 298 3065 Filio
320 3015 349 3064 in
375 3031 451 3066 cruce
472 3014 605 3080 pendebat

64 3087 177 3138 mentali
192 3087 295 3147 dolore,
316 3096 342 3137 et
364 3087 455 3152 potius
481 3086 606 3152 elegisset

63 3173 128 3208 cum
143 3157 204 3223 ipso
224 3157 303 3216 mori,
320 3173 402 3223 quam
425 3157 543 3222 amplius
561 3156 605 3206 vi·

64 3244 137 3280 vere.
157 3226 420 3280 Unde'Bernardus
435 3245 442 3276 .·
459 3246 472 3275 a
487 3228 512 3278 Ο
536 3229 606 3278 bone

64 3300 150 3359 Jesu,
177 3314 275 3365 magna
300 3297 397 3363 pateris
425 3298 541 3350 exterius
576 3299 605 3350 in

64 3386 192 3436 corpore,
205 3371 252 3420 sed
268 3371 354 3420 multo
370 3371 470 3437 majora
491 3371 605 3422 interius

66 3445 95 3494 in
118 3443 218 3503 corde,
245 3458 278 3493 ex
303 3443 487 3508 compassione
515 3444 606 3494 Matris

65 3512 163 3565 omnia
188 3524 278 3564 tecum
306 3513 506 3579 participantis!
519 3533 533 3562 »
549 3515 607 3565 haec

68 3583 240 3635 Bernartius.
271 3584 399 3649 Undique
435 3593 500 3635 sunt
527 3599 608 3651 angu-

68 3657 152 3716 stiae,
179 3655 302 3722 undique
332 3666 394 3706 sunt
422 3666 557 3708 tormenta
580 3667 606 3708 et

68 3742 172 3793 poeuae3
198 3726 293 3777 sentiri
322 3737 478 3792 potuerunt,
507 3727 607 3778 narrari

70 3813 128 3848 non
143 3807 265 3863 possunt.
280 3798 373 3850 Stabat
391 3796 476 3847 Maria
490 3812 552 3847 cum
569 3813 608 3848 ce-

70 3869 137 3919 teris
158 3867 231 3932 juxta
252 3882 358 3918 crucem
374 3882 494 3934 corpore,
513 3868 560 3918 sed
581 3868 607 3918 in

139 3983 208 4034 Vtra
222 3984 286 4035 Jesu
298 3984 419 4046 Crrutsrr,
431 3999 518 4034 rouus
532 3983 576 4034 IV.

1121 258 1170 337 sse

643 384 720 420 cruce
734 380 790 420 tota
815 370 973 436 migraverat
989 381 1086 423 mente.
1112 374 1173 425 Non

643 441 775 491 avertebat
789 443 884 492 oculos
905 458 920 492 a
940 443 1020 503 Filio,
1034 444 1174 509 angustia-

644 511 722 560 batur
738 521 767 560 ut
783 511 848 577 ipse,
863 523 889 562 et
911 521 967 562 toto
990 514 1069 564 corde
1082 516 1174 567 orabat

644 581 749 631 Patrem
771 597 818 647 pro
833 599 874 640 eo,
898 594 924 633 et
943 583 1028 634 Filius
1049 577 1188 637 similiter

644 653 735 704 orabat
758 670 806 719 pro
837 657 929 707 Matre.
960 657 1036 707 Unde
1058 659 1175 710 Ambro-

644 727 701 778 sius
716 744 724 778 :
739 745 753 774 a
766 727 945 792 Fugientibus
956 731 1102 796 apostolis,
1118 733 1178 782 Ma-

644 800 684 849 ria
697 811 758 851 ante
771 816 878 850 crucem
897 802 993 862 stabat,
1012 814 1038 854 et
1052 805 1105 869 piis
1118 820 1175 870 spe·

644 871 730 921 ctabat
749 871 833 922 oculis
854 872 916 923 Filii
945 875 1056 926 vulnera
1080 892 1086 926 :
1112 877 1176 942 quia

645 944 811 1009 exspectabat
832 960 887 993 non
912 945 1032 1011 pignoris
1051 958 1176 1007 mortem,

645 1015 690 1064 sed
710 1014 803 1065 mundi
826 1016 955 1081 salutem3
986 1028 1033 1067 aut
1057 1017 1178 1076 fortasse,

645 1087 709 1155 quia
725 1101 883 1154 cognoverat
905 1105 952 1155 per
978 1091 1041 1141 Filii
1064 1103 1178 1142 mortem

647 1160 742 1209 mundi
761 1160 992 1225 redemptionem,
1018 1163 1078 1212 aula
1102 1178 1179 1229 rega-

646 1230 680 1280 lis
708 1230 818 1295 putabat
840 1246 868 1280 se
891 1240 916 1280 et
938 1247 986 1281 sua
1009 1243 1095 1282 morte
1131 1249 1179 1299 pu-

647 1301 717 1350 blico
746 1301 852 1351 muneri
886 1302 989 1368 aliquid
1017 1302 1178 1354 addituram.

647 1370 699 1421 Sed
721 1371 799 1421 lesus
822 1387 877 1420 non
892 1372 984 1437 egebat
1007 1373 1127 1438 adjutore
1146 1373 1180 1422 ad

648 1441 772 1491 omnium
787 1441 1009 1507 redemptionem.
1024 1462 1038 1489 n
1054 1443 1132 1494 Unde
1154 1453 1181 1493 et

649 1512 858 1577 chrysostomus
897 1531 905 1563 .·
941 1532 954 1560 a
979 1514 1008 1562 In
1052 1513 1180 1563 Passione

649 1584 749 1635 Christi
769 1584 823 1634 duo
843 1584 947 1635 videbis
967 1585 1060 1635 altaria
1074 1602 1081 1635 ι
1095 1600 1181 1634 unum

649 1657 677 1706 in
692 1667 798 1722 pectore
818 1657 917 1716 Mariae,
932 1656 1006 1707 aliud
1031 1657 1058 1707 in
1079 1657 1181 1708 Christi

649 1743 743 1791 carne3
760 1727 886 1778 Christus
906 1743 1023 1788 carnem,
1040 1728 1123 1778 Maria
1136 1727 1184 1777 im-

650 1800 766 1850 molabat
800 1800 929 1852 animam.
958 1801 1040 1866 Optat
1072 1801 1183 1866 quidem

650 1870 707 1936 ipsa
722 1870 754 1920 ad
765 1871 927 1936 sanguinem
942 1870 1004 1920 Filii
1017 1871 1114 1921 addere
1125 1887 1184 1921 san-

650 1942 761 2008 guinem
772 1943 862 1992 carnis
875 1957 940 2002 suae,
953 1951 1053 1992 etcum
1067 1942 1185 1993 Domino

649 2014 712 2063 Jesu
729 2013 862 2078 corporali
879 2023 966 2062 morte
991 2012 1184 2078 redemptionis

652 2094 749 2134 nostrae
783 2099 972 2134 consummare
1008 2084 1184 2149 mysterium

651 2155 696 2205 sed
726 2154 776 2203 hoc
807 2153 892 2203 solius
915 2153 1016 2203 summi
1040 2154 1185 2203 sacerdotis

651 2235 707 2275 erat
732 2223 903 2290 privilegium
924 2235 954 2274 ut
981 2239 1043 2273 cum
1058 2223 1185 2288 sanguine

652 2296 761 2345 intraret
785 2294 813 2345 in
837 2303 926 2344 sancta
946 2304 1109 2343 sanctorum.
1123 2293 1185 2342 Ideo

653 2382 699 2416 nec
724 2365 840 2431 Virgini,
861 2379 908 2414 nec
930 2364 1043 2428 Angelo,
1067 2379 1116 2414 nec
1134 2363 1183 2413 ulli

653 2437 759 2488 homini
772 2436 859 2502 potuit
872 2435 899 2484 in
910 2434 1076 2501 reparatione
1091 2433 1183 2484 homi-

654 2512 697 2560 nis
718 2524 775 2560 esse
799 2507 954 2558 communis
974 2507 1129 2559 auctoritas.
1155 2507 1185 2557 ln

654 2582 705 2631 hoc
723 2588 813 2631 autem
839 2577 998 2643 gravissime
1019 2577 1118 2644 patitur
1144 2576 1189 2644 pia

655 2653 748 2710 Mater,
773 2648 836 2716 quia
858 2648 930 2714 quod
946 2647 1031 2699 Filius
1053 2649 1112 2714 ejus
1127 2663 1190 2698 cor-

656 2738 729 2790 pore,
756 2722 813 2787 ipsa
836 2720 950 2771 sustinet
980 2719 1060 2770 corde
1080 2736 1086 2768 :
1106 2738 1119 2765 n
1132 2718 1189 2768 haec

657 2793 877 2861 Chrysottomua
908 2792 941 2841 Et
978 2791 1042 2856 quia
1072 2791 1190 2840 loannes

656 2864 823 2918 crucifixioni
835 2863 929 2922 astitit,
945 2863 1006 2913 ideo
1023 2876 1053 2912 ea
1073 2861 1117 2910 die
1133 2860 1190 2909 Pas-

658 2938 699 2988 sio
723 2935 872 2986 secundum
898 2933 989 2998 ipsum
1002 2931 1110 2996 legitur,
1126 2930 1188 2979 licet

658 3011 739 3062 etiam
767 3008 862 3058 merito
888 3015 1040 3071 postremus
1067 3004 1190 3068 legatur,

659 3081 723 3148 quia
753 3089 906 3145 postremus
945 3073 1062 3139 scripsit.
1088 3073 1192 3123 Omnes

659 3154 750 3220 igitur,
778 3159 804 3201 et
824 3149 942 3199 maxime
964 3146 1120 3212 Magdalena
1144 3160 1192 3195 sua

659 3226 756 3275 dilecta
787 3220 919 3285 discipula
947 3218 1118 3270 vehementer
1142 3217 1192 3267 fle-

660 3297 734 3353 bant,
758 3309 805 3344 nec
819 3290 952 3342 consolari
976 3291 1010 3339 de
1033 3304 1083 3339 suo
1096 3288 1193 3338 dilecto

660 3366 778 3417 Domino
790 3374 816 3414 et
832 3362 959 3427 Magistro
974 3370 1103 3425 poterant.
1115 3358 1193 3409 Com·

660 3439 829 3505 patiebantur
851 3435 979 3493 Domino,
1002 3441 1027 3482 et
1044 3431 1125 3482 etiam
1145 3431 1196 3480 Do·

661 3512 742 3562 minae
766 3519 792 3559 et
814 3505 945 3572 sibiipsis.
967 3506 1043 3569 Saepe
1065 3502 1104 3554 eis
1119 3503 1196 3552 dolor

662 3581 851 3640 renovabatur,
878 3576 942 3643 quia
968 3590 1075 3640 semper
1104 3571 1195 3623 Passio

660 3651 772 3703 Domini
788 3649 840 3710 sui,
853 3648 894 3699 vel
911 3647 940 3697 in
958 3645 1092 3708 convitiis,
1106 3643 1149 3695 vel
1166 3642 1195 3692 in

662 3723 746 3782 factis,
761 3720 916 3786 augebatur.
944 3716 1060 3768 Stabant
1077 3730 1095 3765 α
1116 3714 1197 3777 longe

662 3794 821 3860 aspicientes
843 3800 870 3841 et
891 3804 907 3839 a
926 3788 1002 3838 nullo
1025 3783 1196 3837 consolaban-

662 3875 715 3917 tur.
733 3865 881 3930 Oquantae
900 3873 979 3911 voces
996 3866 1022 3908 et
1036 3855 1126 3906 tristes
1140 3851 1198 3903 ulu-

1059 3985 1080 4038 (ὃ
