2626 4328
474 258 521 312 DE
540 255 784 315 PENTECoSTa.

71 384 122 436 alia
146 386 233 451 signa,
257 388 359 453 quibus
377 391 520 456 conjicitur
537 392 602 458 Spi-

70 457 154 506 ritum
166 459 295 508 Sanctum
308 476 354 511 eos
367 461 528 514 inhabitare.
548 463 602 513 Pri-

71 543 156 590 mum,
175 539 216 578 est
238 529 364 597 frequens
388 542 414 583 et
438 534 507 598 justa
534 550 601 584 con-

69 598 188 649 scientiae
203 601 375 665 examinatio,
391 619 444 653 non
462 605 551 654 solum
569 606 601 654 de

69 669 183 734 peccatis
199 672 367 731 mortalibus,
383 674 438 723 imo
452 675 491 725 'de
506 675 601 726 venia-

68 741 150 801 libus,
171 740 233 806 quia
257 742 326 793 sicut
349 744 465 810 Spiritus
489 746 601 795 Sanctus

67 812 214 878 opponitur
231 826 339 879 peccato
361 817 479 878 mortali,
494 818 532 868 ita
546 816 601 868 ler-

67 902 117 935 vor
130 886 255 947 caritatis,
272 889 320 954 qui
337 898 376 939 est
390 907 403 941 a
418 891 521 957 Spiritu
538 893 602 942 San·

66 968 119 1016 cto,
145 959 292 1023 opponitur
312 971 417 1025 peccato
438 962 546 1023 veniali,
572 974 601 1014 ut

67 1028 158 1092 ipsum
173 1030 207 1078 ab
223 1030 314 1081 anima
329 1033 452 1097 expellat,
470 1049 503 1084 ne
514 1033 600 1098 Spiri-

65 1100 105 1148 tui
122 1100 220 1150 Sancto
234 1101 383 1167 displiceat.
399 1131 429 1142 -
441 1105 598 1154 Secundum

65 1170 187 1235 signum,
207 1183 248 1222 est
271 1174 497 1239 concupiscentiae
518 1174 601 1225 dimi-

66 1241 152 1301 nutio,
177 1251 278 1308 quanto
302 1244 422 1294 enimin
446 1244 601 1310 proliciente

64 1312 162 1362 caritas
177 1328 284 1378 semper
305 1324 427 1381 augetur,
441 1324 514 1366 tanto
528 1331 600 1365 cora

63 1385 259 1450 temporalibus
282 1386 430 1452 elongatur.
461 1388 537 1438 Unde
562 1387 600 1438 sic

64 1459 129 1509 dicit
149 1461 344 1526 Augustinus:
361 1479 374 1507 u
387 1461 466 1521 Quod
482 1463 600 1513 caritatis

64 1546 210 1591 venenum,
229 1542 269 1582 est
290 1532 509 1597 concupiscentia
526 1543 598 1585 tem·

64 1602 209 1668 poraliurn‚
222 1612 247 1652 et
258 1603 455 1653 nutrimentum
471 1604 599 1664 caritatis,

63 1683 104 1724 est
124 1672 270 1723 diminutio
285 1673 448 1738 cupiditatis.
464 1694 477 1722 u
491 1704 521 1712 -
535 1677 601 1728 Ter.

61 1745 132 1796 tium
144 1745 263 1810 signum,
276 1755 315 1795 est
329 1744 452 1796 studiosa
462 1748 597 1798 mandato·

62 1833 124 1867 rum
152 1817 322 1877 observatio,
355 1817 420 1883 quia
438 1818 598 1868 observatio

62 1890 250 1939 mandatorum
275 1891 333 1939 sine
363 1905 424 1941 vera
454 1889 599 1942 dilectione

62 1978 120 2013 esse
146 1978 201 2012 non
223 1973 318 2028 potest.
346 1963 379 2013 Et
401 1963 477 2028 ponit
500 1964 532 2013 de
546 1964 598 2014 hoc

61 2033 216 2098 exemplum
267 2033 337 2083 idem
374 2035 547 2100 Augustinus
588 2049 597 2086 .·

62 2126 75 2152 u
89 2105 159 2166 Quis
173 2116 221 2175 est,
238 2105 337 2172 inquit,
359 2107 406 2172 qui
421 2107 486 2157 dicit
502 2124 508 2157 :
524 2106 597 2158 Dili-

60 2192 95 2242 go
123 2177 332 2241 Imperatorem.
359 2177 405 2227 sed
433 2177 478 2228 odi
507 2179 593 2243 legem

59 2246 152 2295 suam?
175 2247 202 2296 Si
233 2262 297 2312 ergo
329 2256 356 2297 te
385 2247 453 2298 dicis
483 2247 596 2313 diligere

57 2315 155 2376 Deum,
181 2317 307 2367 mandata
326 2317 384 2381 ejus
406 2318 519 2369 observa
546 2335 553 2368 ι
581 2337 595 2366 s

59 2385 118 2436 haec
131 2388 312 2452 Augustinus.

94 2473 109 2522 7
150 2458 213 2507 lratr
259 2474 349 2516 Quoto
385 2473 540 2509 rauraeros.
564 2487 594 2496 -

59 2529 156 2589 Quoad
167 2528 295 2594 perfectos
305 2540 393 2582 autem
406 2540 469 2580 sunt
481 2530 533 2580 alia
544 2531 595 2581 tria

59 2599 145 2663 signa,
159 2614 191 2648 ex
205 2600 306 2665 quibus
322 2600 517 2664 conjecturatur
529 2601 594 2666 Spi-

58 2672 127 2722 ritus
148 2674 262 2724 Sanctus
293 2690 338 2725 eos
363 2673 515 2739 replevisse.
532 2674 593 2725 Pri-

57 2760 134 2794 mum
149 2754 197 2803 est,
213 2745 313 2796 divinae
334 2745 456 2796 veritatis
473 2744 593 2797 manife-

58 2815 148 2872 statio,
170 2832 232 2865 cum
249 2816 321 2867 enirn
343 2817 461 2883 Spiritus
477 2818 591 2868 Sanctus

57 2887 93 2937 sit
107 2887 224 2952 Spiritus
243 2888 368 2951 veritatis,
390 2888 530 2955 proprium
551 2897 592 2939 est

57 2958 111 3008 sibi
137 2958 233 3008 docere
257 2973 368 3009 omnem
392 2959 549 3023 veritatem
565 2968 591 3010 et

57 3029 118 3079 ideo
135 3029 163 3078 in
183 3044 346 3096 quocunque
367 3028 449 3080 fuerit
471 3028 590 3094 Spiritus

56 3100 187 3160 Sanctus,
213 3114 260 3164 per
282 3101 387 3166 aliquas
412 3099 590 3150 revelationes

55 3172 212 3223 divinorum
226 3184 390 3225 secretorum
403 3189 432 3224 se
445 3173 549 3239 pandit,
564 3183 590 3225 et

55 3243 80 3292 ei
95 3251 224 3309 tanquam
239 3245 326 3296 amico
343 3254 444 3296 secreto
463 3260 590 3295 commu-

54 3313 134 3363 nicat.
144 3317 338 3366 -Secundum
352 3316 460 3382 signum
474 3325 526 3376 est,
545 3315 590 3365 ni-

54 3384 95 3434 hil
110 3384 204 3436 timere
223 3386 276 3437 nisi
292 3388 381 3437 solum
403 3387 506 3450 Deum;
521 3400 589 3451 per-

46 3456 128 3521 fecta
155 3458 230 3508 enirn
266 3458 370 3509 caritas
395 3458 480 3522 saras
507 3457 590 3508 mittit

52 3528 184 3591 timorem,
198 3530 256 3580 haee
267 3529 341 3580 enim
351 3529 420 3579 nihil
430 3528 534 3595 poenale
545 3528 590 3579 ha·

53 3601 108 3660 bet,
134 3601 216 3652 timor
241 3613 331 3652 autem
358 3616 465 3668 poenam
490 3601 587 3667 habet3

51 3675 126 3724 unde
137 3675 304 3741 Apostolus:
324 3675 375 3726 Ubi
389 3673 513 3741 Spiritus
527 3674 588 3726 Do·

51 3746 128 3810 mini,
149 3747 187 3798 ibi
213 3749 333 3812 libertas,
361 3745 473 3798 libertas
496 3757 586 3798 autem

52 3834 107 3867 non
139 3831 191 3871 stat
213 3836 276 3872 cum
303 3819 401 3871 timore
423 3819 526 3871 servili.
555 3832 587 3860 '-

51 3888 178 3941 Tertium
205 3892 314 3959 signum
350 3901 391 3944 est
416 3889 586 3944 desiderium

116 4006 185 4058 Vrsa
200 4008 263 4060 Jssu
278 4010 397 4074 Cumsrr,
409 4025 496 4062 rosus
515 4009 560 4062 tv.

1134 273 1186 340 775

654 381 849 443 dissolutionis,
864 393 894 433 ut
908 384 1034 436 videlicet
1049 386 1134 439 homo
1151 405 1184 442 ex

653 454 823 505 vehementia
850 455 936 505 divini
965 457 1067 509 amoris
1093 461 1183 526 cupiat

653 525 764 576 dissolvi
781 538 806 576 et
828 541 886 577 esse
908 544 970 578 cum
987 529 1104 592 Christo,
1118 533 1184 599 quia

654 597 771 663 Spiritus
794 600 906 651 Sanctus
922 602 991 653 levat
1011 615 1130 654 mentem
1155 607 1188 656 ad

654 668 817 720 desiderium
834 685 1022 736 supernorum.
1035 674 1110 724 Felix
1122 692 1187 742 ergo

653 738 752 798 anima,
767 753 826 806 quas
848 741 921 807 cupit
944 743 1056 794 dissolvi
1081 755 1107 795 ct
1131 762 1189 797 esse

653 824 715 859 cum
729 809 847 873 Christo,
862 812 992 877 quoniam
1005 813 1186 867 certissimum

653 881 733 932 habet
748 882 857 948 signum
879 884 952 949 quod
977 885 1097 951 Spiritus
1119 889 1188 939 San-

653 965 697 1003 tus
712 969 770 1004 eam
784 956 927 1022 repleverit

685 1023 701 1074 8
716 1026 790 1083 Iret«,
801 1042 893 1084 Quoto
904 1043 989 1079 onuas
1003 1045 1187 1091 cuiuscunque

652 1109 827 1147 srursrarus.
840 1125 870 1134 —
881 1099 980 1149 Praeter
998 1101 1121 1165 praedicta
1133 1117 1186 1153 au-

652 1178 707 1219 tem
717 1168 862 1235 signasunt
869 1171 920 1222 alia
929 1172 987 1230 tria,
997 1189 1043 1238 per
1054 1190 1114 1240 quae
1124 1175 1187 1241 quis

653 1250 739 1306 potest
764 1242 894 1306 conjicere
912 1259 940 1294 se
959 1244 1089 1309 Spiritum
1116 1248 1183 1297 San·

652 1320 724 1361 ctum
747 1311 855 1372 habere,
881 1313 941 1364 ideo
968 1315 1042 1366 enim
1069 1316 1186 1381 Spiritus

652 1382 765 1434 Sanctus
788 1383 817 1433 in
838 1385 937 1449 triplici
952 1385 1029 1452 signo
1052 1389 1185 1454 apparuit,

653 1455 756 1506 scilicet
782 1472 788 1506 :
814 1454 843 1506 in
868 1458 957 1522 specie
986 1459 1077 1519 nubis,
1105 1476 1186 1526 super

653 1524 792 1576 Christum
806 1527 1043 1594 transfiguratum
1059 1530 1087 1581 in
1099 1531 1186 1596 specie

652 1597 784 1649 columbae
807 1615 889 1679 super
902 1601 1041 1652 Christum
1063 1603 1184 1668 baptiza-

652 1676 730 1731 tum;
744 1677 770 1718 et
780 1667 807 1718 in
824 1669 912 1735 specie
928 1670 1009 1736 rgnis,
1021 1688 1102 1739 super
1116 1675 1187 1740 Apo·

652 1737 784 1788 stolorum
812 1741 956 1805 collegium
981 1755 1183 1809 congregatum.

653 1808 775 1860 Primum
798 1825 863 1877 ergo
886 1811 1007 1878 signum,
1028 1823 1069 1864 est
1094 1817 1185 1867 abun·

651 1877 742 1929 dantia
762 1881 951 1944 lacrymarum,
974 1879 1005 1934 et¹
1017 1883 1078 1935 ideo
1101 1900 1185 1953 appa-

650 1949 706 2000 ruit
728 1950 757 2000 in
781 1953 871 2018 specie
893 1954 985 2014 nubis,
1009 1955 1183 2020 sicutenim,

650 2022 809 2076 adveniente
822 2028 931 2088 Austro,
946 2028 1031 2080 nubes
1044 2032 1184 2082 resolvun-

650 2102 695 2143 tur
711 2095 739 2145 in
755 2096 859 2160 pluvias
868 2112 876 2160 ;
892 2098 932 2148 sic
947 2099 1104 2151 adveniente
1118 2103 1183 2167 Spi-

649 2165 704 2215 ritu
719 2167 826 2226 Sancto,
850 2179 953 2219 mentes
969 2171 1138 2222 resolvuntur
1152 2173 1181 2223 in

649 2239 791 2302 lacrymas.
801 2267 831 2278 -
841 2241 995 2291 Secundum
1008 2243 1128 2308 signum,
1141 2257 1182 2295 est

648 2307 774 2359 dimissio
790 2310 957 2375 injuriarum,
979 2311 1040 2362 ideo
1057 2315 1182 2378 apparuit

648 2378 676 2430 in
690 2382 778 2446 specie
791 2383 933 2444 columbae,
948 2400 1009 2450 quae
1025 2384 1088 2435 felle
1099 2395 1179 2437 caret.

648 2481 678 2492 ·-
691 2453 815 2505 Tertium
830 2455 950 2522 signum,
964 2467 1005 2506 est
1016 2457 1180 2508 desiderium

648 2540 838 2590 supernorum,
859 2526 920 2576 ideo
931 2528 1055 2592 apparuit
1069 2527 1098 2578 in
1115 2544 1180 2595 spe·

647 2596 687 2647 cie
702 2597 784 2664 ignis,
802 2598 873 2649 sicut
887 2599 962 2650 enim
976 2599 1046 2666 ignis
1070 2615 1178 2652 sursum

646 2669 748 2734 tendit;
761 2670 800 2721 sic
822 2670 941 2736 Spiritus
963 2673 1078 2724 Sanctus
1100 2675 1179 2724 corda

645 2757 757 2796 sursum
773 2745 875 2796 elevare
890 2744 961 2796 facit.

677 2831 694 2883 9
720 2816 842 2868 Houruas
867 2833 1002 2867 cannatas
1030 2831 1083 2867 sorr
1112 2833 1180 2868 suur

644 2888 769 2938 Srrrurus
789 2891 885 2940 Srucrr
904 2903 1026 2939 carneas.
1041 2917 1071 2927 -
1086 2889 1177 2939 Erant

643 2964 731 3008 autem
745 2959 838 3008 Judaei
849 2959 903 3009 uiri
915 2959 1041 3024 religiosi
1055 2959 1081 3008 in
1091 2959 1176 3010 Jeru-

643 3028 737 3091 salem,
754 3035 780 3079 et
805 3029 832 3078 in
851 3028 951 3080 Judoea
970 3029 1130 3092 habitantes,
1146 3040 1175 3081 et

644 3108 740 3164 praeter
754 3098 815 3149 illos
832 3099 911 3148 multi
925 3099 981 3158 alii,
993 3099 1048 3149 fere
1057 3113 1096 3150 ex
1106 3101 1178 3151 omni

642 3171 750 3222 natione
765 3185 825 3237 quae
839 3171 888 3221 sub
901 3171 968 3222 coelo
982 3177 1031 3233 est,
1047 3187 1177 3237 superve-

642 3245 765 3308 nientes,
781 3243 847 3310 quia
862 3243 957 3294 multis
974 3245 1174 3310 captivitatibus

641 3314 725 3366 Judaei
749 3314 863 3380 dispersi
886 3313 1001 3377 fuerant,
1029 3325 1055 3366 et
1082 3316 1174 3376 modo,

641 3385 784 3437 ordinante
814 3386 879 3445 Deo,
908 3387 942 3436 ad
972 3387 1046 3436 diem
1071 3385 1181 3439 festum*

640 3472 735 3508 omnes
756 3467 947 3508 convenerant.
971 3457 1074 3508 Audito
1107 3474 1172 3526 ergo

640 3528 745 3594 fragore
767 3537 793 3579 et
817 3544 886 3579 sono
907 3528 991 3592 venti,
1019 3529 1067 3595 qui
1090 3543 1172 3596 supra

640 3599 809 3650 coenaculum
837 3599 865 3649 in
899 3614 959 3650 aere
982 3611 1117 3662 sonuerat,
1144 3599 1173 3650 in

639 3679 744 3721 tantum
769 3670 843 3736 quod
860 3686 907 3736 per
924 3680 1008 3721 totam
1032 3670 1175 3723 Civitatem

639 3741 727 3792 audiri
746 3751 858 3807 poterat,
876 3750 1059 3793 convenerunt
1079 3754 1175 3792 omnes

639 3815 673 3866 ad
692 3814 850 3880 discipulos,
873 3826 900 3866 et
923 3815 1014 3866 mirati
1031 3824 1095 3868 sunt
1109 3812 1173 3878 quia

639 3887 768 3941 audiebat
793 3887 972 3955 unusquisque
999 3887 1094 3952 lingua
1122 3897 1173 3934 sua

1045 4016 1075 4052 21
