2626 4328
370 228 417 278 DE
430 226 547 278 SEXTA
562 226 597 278 IN
614 225 788 280 sessione:
803 229 943 283 uosllnl.

98 360 162 409 rao,
187 358 375 396 conraarrrrm
399 359 493 395 nonus.
508 371 539 382 -
555 343 633 404 Item,

99 420 220 470 latrones
247 419 294 484 qni
318 419 448 485 cruetfixi
473 423 552 468 erant
576 432 634 470 cum

99 505 139 556 eo,
156 491 297 541 illudendo
324 491 449 556 idipsum,
474 490 564 542 simile
577 490 632 540 im-

97 565 279 628 properium,
296 577 343 612 seu
370 562 451 612 verba
478 561 635 629 improperii

98 632 241 700 praemissa
255 633 474 698 improperabant
490 633 524 697 ei,
536 643 563 684 et
575 649 637 684 con·

97 701 265 754 vitiabantur
283 703 510 767 blasphemantes.
530 704 635 754 Secun-

98 772 167 824 dum
191 773 391 838 Augustinum,
423 775 477 824 duo
509 773 636 824 dicuntur

98 860 150 912 pro
162 861 232 905 uuo,
248 855 275 896 et
288 846 399 911 pluralis
416 861 465 912 pro
487 845 633 914 singulari,

98 919 153 980 vel,
178 919 330 970 secundum
350 919 561 988 Hieronymum,
576 917 635 985 pri-

99 1003 146 1040 me
163 1001 281 1055 uterque
305 990 509 1057 blasphemavit,
524 992 570 1043 sed
592 990 635 1042 vi-

99 1060 139 1113 sis
165 1061 253 1128 signis
280 1061 309 1112 in
335 1062 475 1113 elementis
508 1073 534 1114 et
556 1064 635 1114 rebus

98 1134 257 1195 insensatis,
280 1150 351 1184 unus
372 1134 400 1184 in
424 1135 563 1186 Christum
581 1151 636 1187 cre-

99 1203 179 1270 didit,
205 1215 232 1256 et
259 1204 377 1271 priorem
404 1207 574 1272 negationem
590 1223 634 1258 se-

99 1276 198 1344 quenti
218 1276 385 1328 confessione
399 1279 559 1330 emendavit.
575 1278 636 1330 Un-

99 1348 135 1399 de
161 1362 224 1398 cum
246 1362 322 1413 unus,
349 1349 396 1415 qui
420 1350 528 1400 Judaeos
554 1348 635 1400 fidem

100 1428 261 1486 respuentes
295 1420 399 1486 signat,
424 1421 652 1486 blasphemando.

100 1491 203 1543 diceret
221 1509 229 1543 :
247 1492 282 1543 Si
291 1499 323 1544 tu
341 1508 370 1544 es
395 1494 529 1557 Christus,
545 1494 572 1544 id
597 1505 637 1546 est

101 1563 172 1625 Rex,
194 1563 252 1614 sive
275 1564 396 1627 Messias,
418 1565 581 1631 salvumfac
595 1572 637 1617 te-

100 1635 245 1701 metipsum
269 1641 294 1686 et
321 1650 388 1699 nos,
417 1635 518 1686 scilicet
551 1637 637 1687 salute

100 1706 236 1772 corporali
260 1715 286 1756 et
318 1722 333 1757 a
357 1716 443 1756 morte
477 1706 635 1771 liberando,

102 1790 160 1827 non
181 1775 258 1825 enim
276 1777 385 1826 curabat
404 1777 437 1826 de
451 1776 536 1827 salute
556 1776 638 1843 spiri-

99 1846 179 1906 tuali,
203 1846 246 1896 vel
259 1845 356 1898 animae
378 1849 521 1898 commodo
528 1863 537 1912 ;
557 1847 636 1911 alter,

99 1918 150 1986 qui
165 1918 266 1970 Gentes
279 1919 360 1970 fidem
375 1930 518 1986 sequentes
538 1921 637 1988 signat,

99 1993 225 2058 increpat
251 2005 318 2057 eum,
356 1994 447 2044 dicem
465 1994 582 2060 :Neque
607 2001 637 2045 tu

100 2062 181 2114 times
203 2064 288 2116 Deum
310 2065 381 2129 quod
393 2065 420 2115 in
443 2067 536 2116 eadem
557 2066 637 2117 dam-

100 2135 211 2186 natione
224 2149 262 2200 es,
282 2136 383 2187 scilicet
411 2138 506 2188 mortis
520 2148 547 2188 et
559 2154 638 2204 poena

101 2205 199 2258 simili.
213 2207 298 2267 Quasi
312 2207 432 2259 diceret:
448 2209 522 2260 Licet
543 2208 638 2259 homi-

102 2291 154 2328 nes
182 2293 240 2328 non
271 2278 406 2338 timueris,
432 2288 523 2330 tamen
550 2279 636 2330 Deum

102 2346 202 2398 timere
219 2348 339 2409 deberes,
355 2349 473 2400 maxime
495 2349 525 2400 in
538 2349 639 2400 articu-

99 2418 133 2470 io
144 2419 243 2470 mortis
261 2418 292 2469 iu
317 2435 372 2486 quo
389 2436 462 2471 nunc
476 2436 513 2472 es.
539 2421 579 2472 Et
589 2436 639 2472 nos

102 2491 210 2558 quidem
231 2491 309 2558 juste
333 2492 362 2541 in
389 2491 439 2543 hac
464 2493 639 2544 damnatione

102 2577 211 2625 suenus,
231 2578 292 2613 nam
316 2564 402 2630 digna
422 2564 512 2630 sactis
531 2565 637 2632 suppli-

102 2632 154 2695 cia,
167 2644 194 2684 et
205 2635 354 2685 secundum
376 2634 508 2686 factorum
530 2646 639 2687 nostro-

102 2719 167 2755 rum
194 2704 357 2770 exigentiam
392 2706 544 2771 recipimus.
571 2705 640 2757 Ecce

101 2772 247 2826 confitetur
262 2777 368 2841 culpam
389 2792 477 2838 suam,
496 2787 527 2828 ut
549 2777 638 2828 dicat:

17 2842 23 2852 '
102 2845 278 2914 iniquitatem
302 2861 386 2897 meam
416 2863 468 2915 ego
490 2864 640 2916 cognosco;

104 2928 133 2969 et
159 2918 222 2968 ideo
259 2930 376 2968 meretur
416 2921 640 2971 misericordiam.

104 2989 258 3042 Confitetur
278 2989 358 3040 etiam
382 2991 484 3043 Christi
514 2991 641 3042 innocen-

103 3060 183 3121 tiam,
203 3060 297 3111 dicens
318 3078 325 3111 z
344 3063 401 3112 Hic
416 3077 479 3113 vero
493 3063 560 3113 nihil
577 3063 643 3112 mali

100 3134 202 3200 gessit,
229 3133 293 3200 quia
317 3142 457 3199 peccatum
486 3151 538 3186 non
560 3135 641 3200 fecit,

104 3212 133 3254 et
144 3203 206 3255 sine
233 3215 339 3270 peccato
353 3215 497 3273 oonceptus
515 3205 575 3256 fuit.
591 3205 643 3256 Ubi

106 3273 208 3340 quaerit
220 3276 412 3340 Augustinus:
426 3276 528 3336 «Quis,
540 3275 643 3342 inquit,

102 3341 186 3396 illum
207 3345 329 3407 docebat,
347 3347 399 3396 nisi
417 3347 464 3414 qui
481 3348 554 3413 juxta
566 3346 644 3397 illum

106 3416 263 3484 pendebat?
286 3416 348 3468 Erat
366 3418 440 3468 enim
461 3417 500 3468 illi
526 3417 596 3468 fixus
615 3415 644 3467 in

103 3487 260 3549 latere,sed
273 3487 393 3539 haerebat
406 3489 435 3538 in
448 3490 536 3540 corde.
556 3509 569 3537 u
586 3487 646 3539 Un-

103 3559 139 3610 de
152 3574 301 3610 conversus
315 3560 347 3611 ad
367 3561 468 3624 lesum,
493 3561 544 3628 qui
569 3559 646 3610 novit

91 3628 277 3698 precordia,
306 3633 374 3684 dixit
389 3651 395 3683 :
410 3633 546 3685 Memento
575 3632 628 3683 mei
635 3671 644 3695 ,

103 3702 242 3767 Domine,
264 3704 327 3755 dum
351 3706 456 3756 veneris
478 3706 505 3756 in
532 3718 646 3771 regnum

107 3782 194 3828 wara.
204 3776 346 3828 Manifeste
358 3786 431 3843 patet
446 3778 519 3844 quod
534 3792 589 3827 non
601 3775 646 3824 lo-

108 3847 243 3911 quebatur
266 3847 299 3900 de
318 3863 402 3915 regno
428 3848 580 3917 temporali,
598 3851 645 3901 sed

1167 234 1216 285 581

687 353 803 410 aeterno,
840 362 896 397 non
929 348 963 398 de
994 349 1138 415 praesenti,
1171 352 1219 402 sed

687 414 787 467 futuro.
807 418 904 485 Magna
926 417 992 469 fides
1012 420 1092 485 huius
1104 422 1217 473 latronis

687 488 760 539 fuit:
778 489 842 556 quia
866 505 921 539 non
951 490 1047 541 timore
1063 491 1217 543 Judaeorum

687 559 844 620 astantium,
854 577 902 610 nec
914 561 1015 627 proprii
1033 563 1135 613 doloris
1146 579 1219 615 acer-

688 630 778 690 bitate,
792 645 840 680 nec
865 631 929 681 socii
945 632 986 681 sui
1007 632 1221 698 blasphematio-

688 715 740 762 ne,
769 717 817 752 nec
842 703 929 753 carnis
952 704 1053 754 Christi
1076 717 1220 771 apparente

687 772 852 834 infirmitate,
870 789 919 842 nec¹
937 775 1129 840 Apostolorum
1157 775 1221 843 iuga

688 852 715 894 et
737 844 892 910 negatione,
914 845 1057 896 retrahitur
1071 862 1087 896 a
1100 847 1219 898 veritatis

688 931 735 966 seu
750 930 824 980 ,verae
852 914 913 966 fidei
935 916 1117 982 confessione3
1147 919 1218 970 unde

687 987 740 1039 fuit
773 987 796 1037 ei
824 987 948 1038 remissio
974 989 1057 1055 culpae
1082 1001 1108 1040 et
1136 992 1220 1043 totius

688 1075 782 1125 poenae.
817 1059 933 1124 Apparet
968 1059 1080 1125 quidem
1113 1062 1159 1113 hic
1184 1063 1219 1114 il-

688 1130 741 1181 lius
773 1128 909 1179 conversio
937 1131 1026 1194 quoad
1051 1132 1136 1196 plura,
1157 1133 1218 1183 Pri-

689 1219 750 1263 mo,
783 1202 871 1267 quoad
900 1200 1049 1272 profectum
1085 1204 1218 1264 caritatis,

672 1310 674 1315 .
689 1288 771 1339 quam
780 1272 905 1322 vivaciter
921 1271 950 1321 in
965 1283 1051 1323 morte
1067 1290 1114 1324 sua
1125 1277 1221 1336 tenuit,

689 1345 797 1395 fratrem
811 1353 837 1393 et
857 1344 1039 1394 conlatronem
1064 1361 1112 1410 pro
1134 1346 1218 1397 simili

689 1418 787 1470 scelere
814 1417 997 1478 morientem,
1020 1419 1054 1468 de
1078 1417 1219 1484 iniquitate

689 1507 738 1541 sua
752 1488 944 1555 redarguendo,
963 1499 989 1538 et
1002 1488 1026 1538 ei
1040 1489 1122 1539 vitam
1138 1506 1220 1556 quarn

689 1570 847 1629 cognoverat
876 1559 1057 1624 praedicando.
1077 1562 1221 1623 Secundo,

689 1633 779 1700 quoad
801 1631 863 1682 fidei
899 1641 924 1682 et
948 1646 1017 1681 verae
1045 1631 1222 1683 confessionis

689 1706 881 1767 sinceritatem,
900 1721 962 1756 eum
979 1721 1061 1771 quem
1075 1721 1166 1757 secum
1175 1722 1221 1772 pa-

689 1781 755 1830 riter
770 1778 932 1830 morientem
947 1777 1022 1838 vidit,
1034 1777 1122 1827 Deum
1134 1789 1161 1829 et
1170 1779 1222 1830 De-

690 1852 796 1902 minum
821 1862 996 1919 regnaturum
1027 1851 1168 1913 credendo,
1198 1861 1224 1901 et

690 1924 797 1991 publice
817 1923 994 1988 predicando.
1015 1920 1116 1982 Tertio,
1133 1924 1222 1988 quoad

689 1993 798 2060 justitiae
825 2003 851 2044 et
872 1992 990 2044 veritatis
1010 1993 1221 2058 propalationem

691 2065 831 2116 humiliter
843 2074 868 2113 et
881 2079 960 2114 verus
970 2063 1104 2128 poenitens
1118 2074 1220 2114 reatum

690 2151 772 2187 suum
792 2135 909 2194 fatendo,
925 2135 997 2184 unde
1017 2133 1064 2200 qui
1076 2133 1136 2184 ficte
1152 2150 1219 2184 con-

690 2206 789 2266 fitetur,
810 2206 852 2256 vel
872 2205 900 2255 in
928 2203 1096 2254 confessione
1121 2204 1221 2253 menti-

691 2292 745 2342 tur,
758 2278 908 2329 Dominum
921 2293 983 2327 curn
996 2277 1108 2327 sinistro
1119 2278 1222 2327 latrone

691 2351 856 2402 subsannare
877 2349 989 2399 videtur.
1006 2348 1116 2407 Quart0,
1134 2348 1223 2413 quoad

692 2422 749 2488 spei
768 2419 923 2470 firmitatem
943 2418 1019 2484 regni
1047 2419 1095 2468 Dei
1118 2419 1222 2469 aditum

692 2505 718 2544 et
729 2490 895 2544 consortium
917 2491 1089 2557 postulando,
1104 2507 1154 2542 nee
1164 2506 1226 2558 pno-

692 2575 751 2633 pter
768 2574 940 2631 peccatorum
961 2578 1074 2613 suorum
1089 2563 1225 2629 magnitu-

691 2639 785 2688 dinem
804 2635 846 2687 vel
866 2634 1070 2685 multitudinem
1084 2636 1225 2700 desperen-

693 2710 737 2760 do.
765 2706 818 2758 Iste
852 2707 920 2757 latro
948 2707 980 2756 de
1005 2708 1081 2756 nullo
1109 2706 1163 2757 nisi
1190 2707 1223 2755 de

693 2781 772 2832 corde
793 2788 818 2831 et
840 2779 932 2847 lingua
954 2794 983 2829 se
1008 2779 1097 2843 juvare
1112 2787 1223 2843 poterat,

693 2867 753 2920 quae
767 2851 824 2902 Deo
844 2851 960 2901 totaliter
983 2849 1077 2899 offerre
1099 2847 1223 2897 curavit:

694 2939 740 2973 cor
755 2922 866 2988 quidem
882 2921 912 2970 in
933 2919 1095 2969 contritione
1110 2927 1136 2968 et
1155 2917 1224 2966 inti·

695 3011 739 3046 ma
757 2993 952 3060 compassione,
973 2991 1047 3057 quia,
1076 2990 1225 3040 secundum

696 3066 832 3125 Glossam,
859 3065 919 3129 plus
942 3063 1080 3111 videbatur
1094 3058 1178 3126 affligi
1191 3074 1224 3108 ex

696 3135 798 3188 Christi
815 3132 1012 3200 compassione,
1029 3147 1112 3198 quam
1128 3146 1160 3180 ex
1175 3145 1224 3180 sua

696 3206 805 3275 proprie
832 3206 970 3272 passione,
992 3203 1048 3254 imo
1071 3203 1132 3268 plus
1151 3202 1227 3268 plan-

696 3296 763 3348 gens
801 3278 902 3330 Christi
934 3277 1120 3344 supplicium,
1144 3291 1227 3342 quam

697 3367 779 3403 suum
795 3350 949 3416 proprium;
966 3361 992 3400 et
1008 3350 1140 3414 linguam,
1151 3346 1230 3398 uteli-

697 3433 771 3473 ctum
798 3433 848 3482 est,
863 3421 890 3471 in
907 3419 1027 3471 veritatis
1048 3418 1230 3470 confessione.

698 3493 776 3544 Unde
795 3493 970 3558 Gregorius:
984 3509 999 3538 a
1018 3491 1049 3540 ln
1068 3506 1146 3540 cruce
1160 3487 1229 3539 clavi

698 3580 796 3615 manus
819 3563 954 3630 pedesque
976 3557 1131 3629 ligaverant,
1147 3559 1232 3610 nihii-

697 3635 788 3701 queei
802 3651 818 3685 a
830 3634 916 3701 poenis
937 3632 966 3682 in
987 3648 1018 3682 eo
1039 3633 1156 3683 liberum
1175 3627 1230 3679 nisi

698 3722 744 3756 cor
767 3716 794 3756 et
815 3706 908 3771 lingua
932 3712 1106 3755 remanserat.
1141 3697 1230 3765 lnspt-

698 3787 772 3827 rante
791 3775 859 3840 Deo,
878 3785 966 3826 totum
990 3773 1059 3825 illud
1082 3773 1107 3824 ei
1131 3766 1232 3821 obtulit

700 3850 773 3916 quod
797 3848 826 3900 in
858 3863 887 3900 se
922 3848 1039 3899 liberum
1065 3843 1177 3903 invenit,
1203 3847 1234 3890 ut
