2626 4328
196 205 242 254 DE
254 204 472 255 ,lscENsloltE
489 205 616 256 DOMINI
637 207 768 259 NOSTRI
781 211 864 262 JESU
881 214 1030 267 CHRISTI.

70 338 135 376 nam
150 321 279 387 praecellit
293 359 299 381 ,
313 320 382 372 sicut
398 330 477 387 caput
498 322 602 387 corpori

64 397 242 464 praeeminet,
264 394 336 460 quia,
354 395 504 447 secundum
519 395 602 447 Inno-

69 470 194 530 centium,
223 466 401 532 Evangelium
427 478 467 517 est
488 467 600 519 verbum

67 540 162 601 Verbi,
179 540 252 605 quod
267 545 326 589 erat
341 539 367 589 in
377 536 513 619 principio
528 540 601 607 apud

66 611 154 662 Deum
160 628 170 674 ,·
185 625 274 660 sermo
294 624 435 672 sermonis,
454 625 501 676 qur
523 625 599 662 are-

64 683 178 749 gatibus
191 683 298 734 sedibus
310 682 397 745 renit,·
411 682 541 752 sapientia
555 699 599 735 sa·

65 754 176 820 pientiae
190 768 252 819 quae
277 752 390 819 attingit
409 768 426 803 a
438 754 497 820 fine
517 769 599 820 usque

65 827 104 875 ad
111 824 196 890 finem
207 823 331 888 sortiter,
352 813 383 873 ei
404 823 522 889 disponit
539 840 598 880 om-

65 898 115 948 nia
143 897 271 948 suaviter.
298 896 460 962 Praedicate,
491 897 596 969 inquit,

64 968 257 1033 Evangetium,
269 967 339 1021 nihil
351 968 434 1029 aliud,
443 971 515 1023 omni
525 986 598 1026 eren

66 1046 149 1103 turae,
172 1040 198 1089 id
219 1048 259 1089 est
282 1039 403 1094 humano
422 1043 511 1108 generi
527 1059 534 1093 ε
549 1058 597 1097 seu

65 1112 250 1165 indifferenter
275 1122 314 1181 ¹et
349 1113 408 1167 sine
444 1111 597 1182 acceptione

65 1183 142 1234 omni
163 1182 285 1244 homini,
311 1199 360 1248 pro
386 1200 441 1254 quo
464 1185 531 1238 facta
557 1196 598 1239 est

63 1254 157 1308 omnis
167 1264 286 1305 creatura
292 1271 299 1318 3
318 1256 359 1309 vel
379 1256 439 1306 ideo
456 1257 530 1323 quod
544 1257 595 1311 ha-

64 1324 111 1374 bet
134 1325 318 1391 participium,
330 1337 356 1377 et
371 1327 594 1389 conveniendam.

59 1409 112 1456 seu
134 1395 235 1462 aliquid
258 1411 411 1461 commune,
435 1412 497 1449 cum
519 1398 595 1453 omni

61 1476 191 1526 creatura,
206 1467 278 1520 unde
298 1468 427 1518 ethome
450 1468 595 1521 microcos-

62 1553 135 1597 mus,
149 1537 178 1588 id
195 1548 236 1588 est
250 1538 341 1588 minor
355 1540 474 1591 mundus
486 1539 594 1603 dicitur,

59 1609 139 1676 quasi
158 1626 269 1663 omnem
281 1621 429 1662 creaturam
443 1612 593 1673 continens,

62 1682 113 1735 Per
126 1696 183 1732 esse
193 1682 277 1742 enim,
292 1683 417 1736 convenit
427 1700 489 1739 cum
502 1685 593 1739 inani-

62 1753 163 1823 matis;
182 1771 229 1821 per
244 1755 343 1816 vivere,
360 1772 423 1807 cum
437 1758 593 1823 vegetabili-

62 1826 114 1876 bus
139 1836 166 1878 et
188 1828 305 1894 plantis;
332 1844 379 1895 per
400 1830 509 1891 sentire,
531 1848 592 1884 cum

59 1897 227 1951 animalibus
235 1916 243 1963 ;
269 1915 315 1966 per
338 1900 506 1968 intelligere,
530 1918 592 1957 cum

61 1970 190 2034 Angelis,
219 1970 279 2021 ideo
302 1971 458 2036 designatur
481 1973 593 2027 nomine

61 2040 152 2092 omnis
168 2051 302 2095 creaturae.
325 2043 400 2104 Item,
423 2044 506 2098 homo
521 2045 592 2098 dici·

60 2120 108 2164 tur
129 2112 220 2167 omnus
244 2123 371 2176 creatura,
395 2115 460 2180 quia
483 2127 592 2183 propter

61 2198 124 2233 eum
147 2182 236 2234 omnis
257 2194 376 2236 creatura
398 2187 494 2239 mundi
514 2187 590 2239 vide·

60 2261 105 2302 tur
119 2268 176 2304 esse
187 2255 325 2319 producta,
337 2271 433 2310 sumus
443 2257 517 2312 enim
527 2274 582 2325 quo

60 2326 206 2377 dammodo
220 2326 284 2379 finis
292 2327 425 2382 omnium.
440 2331 499 2392 Vel.
516 2332 591 2385 omni

59 2402 201 2459 creature,
216 2397 258 2447 cui
273 2399 472 2463 praedicandum
487 2412 545 2466 est;
565 2413 591 2456 et

58 2470 147 2521 multa
173 2469 201 2523 in
228 2472 373 2538 scripturis
400 2473 589 2540 inveniuntur,

59 2540 162 2606 quibus
184 2542 239 2594 haec
260 2560 316 2595 una
336 2546 524 2602 determinatio
537 2548 591 2604 tuf-

58 2610 139 2663 ficere
159 2622 262 2678 potest:
278 2617 357 2682 quale
377 2626 417 2669 est
429 2617 497 2669 illud
522 2633 528 2669 ε
551 2620 600 2675 Er*

57 2695 111 2747 ego
134 2683 159 2732 si
183 2684 323 2736 exaltatus
342 2685 427 2750 suero
453 2702 471 2737 a
495 2693 588 2752 terra.

57 2752 147 2805 omnia
163 2754 268 2804 traham
282 2756 320 2806 ad
331 2757 475 2824 memsam,
489 2759 591 2815 scilicet

56 2822 201 2887 trahenda;
222 2834 249 2875 et
262 2825 329 2875 illud
345 2843 352 2879 ι
371 2828 482 2880 Caritas
500 2831 589 2882 omnia

57 2894 152 2956 credit,
169 2895 280 2957 scilicet,
302 2898 445 2963 credenda3
461 2900 499 2952 ite
518 2901 588 2953 dici·

57 2972 121 3013 tur:
141 2965 177 3016 Ut
191 2965 228 3015 sit
241 2967 315 3017 Deus
337 2969 426 3019 omnia
451 2970 477 3020 in
501 2971 589 3024 omni-

60 3033 118 3097 bus,
140 3033 223 3086 idest
244 3037 390 3102 unicuique
408 3039 586 3106 nuncianum

55 3112 85 3154 et
99 3103 166 3157 illud
181 3122 188 3154 :
204 3106 300 3159 Omnia
313 3122 482 3177 quaecumque
496 3110 589 3162 audivi

54 3190 75 3226 a
86 3177 172 3231 Patre
180 3194 245 3242 meo,
256 3187 319 3232 nota
326 3180 386 3245 feci
400 3184 483 3244 voltis,
496 3182 589 3235 omnia

56 3246 161 3300 scilicet
177 3250 210 3300 ad
226 3252 379 3302 salutemet
394 3251 588 3308 beatitudinem

55 3320 244 3386 pertinentia;
273 3334 299 3374 et
327 3324 366 3378 sic
392 3325 421 3376 in
451 3326 513 3379 aliis
538 3343 588 3379 suo

54 3391 139 3443 modo
161 3393 279 3459 accipere
294 3395 402 3461 poteris.
422 3397 480 3451 Hoc
495 3409 588 3452 autem

55 3461 130 3528 quod
143 3462 176 3515 de
193 3465 339 3531 Evangelio
360 3467 529 3532 predicando
543 3467 588 3519 di-

53 3532 135 3596 citur,
159 3534 280 3588 fiendum
293 3547 351 3591 etat
370 3548 432 3603 post
455 3539 588 3604 receptio-

54 3617 119 3655 nem
147 3614 173 3658 et
203 3605 436 3661 confirmationem
471 3607 588 3675 Spiritus

54 3673 156 3735 Sancti,
170 3676 235 3741 quia
248 3687 309 3728 ante
322 3693 374 3727 non
395 3687 478 3736 eraut,
491 3693 587 3733 secun-

54 3742 124 3795 dum
139 3746 296 3797 mandatum
310 3745 423 3812 Christi,
437 3747 472 3801 ab
483 3747 588 3803 ,Jerusa-

54 3812 109 3867 lem
131 3815 283 3871 discessuri.
304 3818 334 3868 ln
351 3817 403 3870 hoc
417 3817 498 3871 etiam
514 3819 587 3887 quod

1133 221 1189 289 ⁴745

656 323 688 373 de
703 324 847 392 Evangelio
868 330 995 381 omnibus
1018 334 1188 398 praedicando

656 395 807 459 mandatur,
829 399 983 451 Judaeorum
1010 405 1141 469 abjecti0,
1163 419 1190 463 et

654 466 781 517 Gentium
807 471 900 523 electio
918 474 1088 538 apertissime
1105 493 1187 532 mon·

653 545 761 589 stratur.
780 539 833 600 Qui
849 557 912 610 ergo
926 544 1001 608 prius
1013 546 1116 597 dixerat
1131 565 1137 598 ε
1154 549 1186 607 In

652 609 723 659 viam
747 612 871 666 Gentium
896 631 929 667 ne
951 618 1088 680 abieritis,
1116 637 1188 679 nune

651 679 716 731 dicit
753 700 759 732 :
802 685 959 741 Praedicate
1004 690 1186 756 Evangelium

651 752 723 802 omni
748 761 889 818 creaturae,
912 757 939 811 id
962 769 1003 809 est
1031 762 1106 811 omni
1133 778 1185 818 na-

651 822 740 875 tioni:
759 826 848 891 primo
862 829 963 892 Judaeo,
979 835 1096 884 secundo
1115 835 1187 887 Gen·

650 895 690 947 tili
706 913 712 946 z
730 898 794 967 quia
807 900 865 952 ruit
877 916 968 953 omnes
988 905 1105 957 immines
1126 909 1185 960 sat-

650 984 697 1021 vos
704 970 781 1053 fieri,
797 974 872 1029 etad
885 977 1049 1044 agnitionem
1062 981 1185 1039 veritatis

650 1055 747 1096 ventre.

681 1110 695 1162 3
723 1113 820 1169 Nutu
844 1129 923 1168 entus
942 1131 1000 1167 erue
1026 1134 1101 1180 siun,
1123 1137 1184 1181 Qun

649 1200 736 1235 rnuuu
754 1201 782 1237 ur
799 1201 883 1239 otene
907 1204 1018 1241 osrannr
1043 1208 1137 1243 nasus.
1153 1224 1183 1238 μ-

649 1251 751 1308 Deinde
772 1257 885 1307 salutem
914 1260 1097 1324 promittendo
1122 1279 1183 1318 cre-

648 1325 788 1389 dentibus,
809 1338 835 1379 et
860 1328 1064 1381 damnationem
1101 1348 1182 1390 com-

648 1395 777 1448 minando
809 1397 980 1467 incredulis,
1008 1402 1150 1466 subjunxit
1171 1423 1181 1462 t

648 1468 703 1529 Qui
728 1470 892 1533 crediderit,
922 1471 974 1527 fide
1007 1473 1121 1531 formata
1155 1488 1182 1533 et
1208 1479 1211 1495 '

647 1554 694 1603 per
723 1540 894 1597 ditectionem
920 1556 1057 1610 operante,
1079 1546 1182 1603 scilicet

646 1626 693 1676 per
708 1626 745 1673 se,
758 1621 788 1662 ut
805 1612 834 1668 'tn
846 1613 953 1677 adultis,
966 1616 1008 1667 vel
1024 1633 1070 1683 per
1085 1618 1179 1684 aliurn,

645 1690 676 1730 ut
694 1681 723 1733 in
740 1684 873 1751 parvulis5
893 1691 919 1736 et
940 1686 1093 1755 bapttaatus
1109 1688 1181 1755 sue-

645 1755 691 1815 rit,
712 1755 852 1825 Baptismo
875 1773 953 1823 aquae
974 1759 997 1809 si
1020 1759 1077 1814 fieri
1101 1772 1179 1829 pote-

645 1825 689 1886 rit,
700 1826 793 1881 salvus
806 1827 867 1892 erit,
882 1838 980 1883 aeterna
992 1832 1077 1886 salute
1093 1848 1109 1885 a
1124 1849 1181 1903 pec·

645 1895 712 1950 catis
751 1905 779 1949 et
810 1897 899 1963 poenis
939 1899 1078 1957 liberante.
1118 1903 1179 1962 Non

645 1967 719 2017 enim
743 1966 846 2022 sufficit
872 1967 938 2024 fides
959 1971 1061 2038 absque
1084 1974 1179 2040 Bapti-

644 2053 704 2089 smo
725 2052 866 2118 perquem
880 2040 980 2106 aliquis
993 2042 1181 2110 incorporatur

643 2106 763 2168 Christ0,
780 2123 804 2158 si
816 2109 886 2158 adsit
900 2109 1012 2161 facultas
1031 2114 1178 2178 recipiendi

643 2181 812 2247 BaptIsmum
842 2181 875 2237 ab
903 2183 1004 2250 aliquo.
1031 2186 1178 2238 Si·autem

642 2268 697 2303 non
718 2252 789 2307 adsit
814 2252 934 2314 facultas,
962 2256 1062 2307 sufficit
1087 2258 1177 2323 bapti-

643 2339 721 2374 smus
739 2324 890 2391 sanguinis,
908 2326 981 2376 utin
1002 2329 1176 2396 Martyribus,

642 2394 689 2461 qui
704 2411 752 2461 pro
767 2394 875 2450 Christo
891 2397 1090 2455 interficiuntur
1102 2410 1177 2457 ante·

642 2481 724 2532 quam
742 2464 799 2518 sint
822 2465 946 2531 baptizati
956 2483 964 2534 3
990 2471 1031 2525 vel
1046 2469 1176 2537 flaminis,

642 2548 673 2588 ut
686 2537 715 2590 in
730 2537 894 2592 habentibus
907 2539 989 2593 fidem
1003 2537 1114 2603 Christi,
1129 2543 1178 2599 de

642 2608 823 2661 siderantibus
844 2609 981 2677 baptizari,
1004 2614 1050 2663 sed
1073 2630 1177 2680 praeter

643 2680 756 2735 niuntut
790 2689 877 2735 morte
911 2692 1054 2750 antequam
1091 2685 1178 2751 possit

641 2752 759 2821 impleri.
786 2752 836 2805 Per
871 2752 939 2807 alios
972 2770 1035 2820 ergo
1072 2757 1176 2823 parvuli

641 2824 754 2876 credunt
779 2822 808 2873 in
823 2823 952 2885 Ecclesia,
968 2825 1038 2877 sicut
1058 2841 1090 2877 ex
1113 2825 1175 2880 aliis

641 2893 754 2949 trahunt
765 2903 877 2959 peccata,
893 2904 955 2959 quae
972 2895 1025 2944 illis
1043 2895 1071 2949 in
1085 2895 1175 2964 Bapti-

641 2980 701 3018 smo
715 2964 1067 3019 remittunturconfessione
1078 2964 1175 3021 aliena.

642 3036 721 3087 Pium
741 3047 781 3087 est
802 3035 888 3096 enim,
915 3047 945 3087 ut
972 3035 998 3089 id
1029 3037 1102 3102 quod
1127 3052 1175 3102 pat

640 3107 759 3160 alienum
783 3116 920 3175 peccatum
945 3106 1106 3167 amiserunt,
1127 3121 1176 3172 per

640 3175 760 3230 alienum
782 3175 923 3241 auxilium,
939 3185 969 3227 ut
995 3176 1121 3227 Ecclesiae
1148 3185 1175 3229 et

641 3245 817 3310 patrinorum,
831 3246 860 3295 in
879 3247 979 3312 quibus
1000 3247 1106 3297 credere
1131 3246 1176 3296 dn

640 3325 747 3376 cuntur,
761 3331 917 3382 recuperare
931 3328 957 3371 et
978 3317 1094 3382 recipere
1110 3331 1174 3382 pos-

641 3387 705 3442 sint.
720 3387 774 3448 Qui
795 3401 858 3438 vero
875 3402 926 3439 non
949 3388 1102 3451 crediderit,
1129 3403 1176 3454 per

640 3473 678 3518 se,
701 3457 742 3508 vel
769 3472 815 3521 per
830 3456 924 3518 alium,
944 3458 1174 3523 condemnabitur,

641 3540 741 3581 aeterna
762 3529 944 3590 damnatione,
971 3546 1019 3596 per
1047 3529 1175 3586 meritum

640 3602 750 3669 justitie
769 3599 935 3655 infidelitatis
958 3618 1023 3653 suae.
1039 3603 1100 3652 Nou
1116 3602 1174 3654 ait:

641 3675 687 3740 qui
703 3672 851 3740 baptizatus
864 3688 918 3723 non
936 3671 1026 3734 fuerit,
1042 3674 1107 3740 quia
1128 3688 1175 3740 per

640 3744 721 3795 fidem
732 3742 947 3808 sineBaptismo,
957 3744 1174 3804 salvaturhomn.

639 3833 703 3871 cum
717 3833 780 3871 eum
794 3816 913 3869 excludit
927 3818 1057 3871 articulus
1079 3831 1173 3873 necet-
