2626 4328
151 301 204 354 630

151 418 263 484 gratiam
277 429 304 470 et
314 418 458 484 puritatem
480 417 646 478 innovatum,
658 427 684 467 et

150 491 184 542 ab
201 490 276 541 omni
305 500 435 541 vetustate
455 488 557 555 peccati
582 504 683 555 purga·

152 574 220 625 tum,
237 565 397 630 priusquam
415 563 448 612 ad
466 562 571 628 Corpus
582 562 683 613 Christi

151 636 264 698 accedat,
280 633 308 684 in
332 649 387 700 quo
409 634 488 684 corde
505 633 585 684 etiam
608 633 683 699 ponit

151 721 214 756 eum
227 705 334 770 quando
344 705 377 755 de
389 705 449 771 ipso
463 704 561 770 jugiter
575 703 683 770 cogitat,

150 777 215 844 quia
233 787 442 826 monumentum
466 776 581 835 dicitur,
605 775 682 841 quasi

152 865 267 900 monens
290 861 420 902 mentem.
441 851 607 915 Sumpturus
635 847 684 914 igi-

151 934 194 973 tur
219 922 434 983 Eucharistiam,
470 921 559 972 videat
587 930 618 970 ut
637 935 683 970 cor

149 1009 231 1044 suum
253 992 288 1044 sit
311 994 388 1060 quasi
414 996 621 1043 monumentum
638 1005 683 1040 no

149 1081 224 1124 vum,
242 1064 270 1115 in
293 1080 347 1130 quo
362 1066 478 1127 locetur,
494 1073 520 1114 et
534 1061 610 1128 quasi
623 1062 683 1111 hor·

149 1148 193 1186 tus
205 1136 233 1186 in
245 1152 300 1202 quo
320 1137 465 1187 delectetur
476 1150 483 1198 ;
502 1150 534 1184 ne
548 1135 577 1183 in
590 1147 683 1182 monu-

149 1217 241 1258 mento
271 1223 320 1258 suo
349 1207 419 1258 alius
447 1206 551 1272 positus
577 1203 623 1267 sit,
640 1205 681 1254 vel

148 1279 217 1329 circa
234 1279 285 1328 hoc
301 1278 449 1345 quidquam
477 1277 573 1330 inutile
593 1286 679 1330 excre-

147 1352 223 1413 verit,
240 1353 313 1418 quod
331 1352 390 1412 erit,
407 1351 429 1402 si
445 1352 514 1402 bene
528 1369 575 1419 per
590 1353 681 1420 poeni-

147 1425 258 1474 tentiam
280 1425 441 1473 mundatum
458 1423 540 1474 fuerit
560 1434 586 1475 et
600 1425 682 1474 inno-

147 1505 249 1556 vatum,
264 1495 384 1561 alioquin
401 1512 455 1545 non
480 1496 586 1561 poterit,
607 1497 636 1548 in
650 1515 681 1549 eo

147 1548 229 1631 digne
248 1566 360 1631 sepelire
375 1565 523 1616 Christum.
551 1567 602 1616 Per
626 1584 681 1618 mo·

148 1646 310 1685 numentum
324 1645 413 1685 autem
434 1635 578 1700 lapideum,
594 1637 623 1687 in
639 1654 682 1703 pe·

147 1715 187 1755 tra
223 1705 358 1765 excisum,
394 1705 550 1771 designatur
591 1709 681 1758 cordis

146 1777 289 1837 stabilitas,
305 1777 368 1843 quia
385 1777 464 1828 debet
481 1777 510 1826 in
527 1778 599 1828 bono
616 1795 680 1844 pro-

145 1850 234 1914 posito
249 1865 307 1900 esse
324 1848 449 1913 firmum;
466 1861 493 1901 et
506 1850 567 1900 fidei
585 1852 680 1901 solidi-

142 1935 193 1984 tas,
210 1923 239 1973 in
257 1939 311 1990 qua
328 1923 398 1989 apud
423 1925 568 1974 Ecclesiam
585 1926 679 1990 sepul·

142 2005 187 2046 tus
212 2006 252 2046 est
280 1996 421 2056 Christus,
461 1997 513 2047 hoc
541 2007 582 2048 est
613 1998 679 2048 fides

144 2065 255 2126 Christi,
271 2081 352 2132 supra
368 2083 450 2132 quam
469 2077 570 2132 petram
593 2069 680 2119 aedifi·

145 2146 202 2186 cata
216 2147 255 2186 est
276 2136 404 2186 Ecclesia.
425 2137 475 2187 Sed
491 2153 539 2202 pro
556 2138 678 2188 custodia

145 2207 270 2256 omnium
297 2207 494 2271 praedictorum,
513 2208 591 2258 debet
605 2208 679 2258 adhi-

147 2278 203 2328 beri
219 2277 409 2344 longanimitas
424 2279 637 2344 perseverantiae,
648 2290 680 2330 ut

146 2364 224 2398 mens
241 2347 346 2413 Corpus
369 2348 470 2398 Christi
492 2349 631 2414 recipiens,
650 2349 678 2399 in

146 2418 282 2484 praedictis
318 2419 521 2470 conditionibus
559 2419 679 2470 intendat

145 2489 261 2540 finaliter
286 2506 468 2555 perseverare;
483 2501 510 2541 et
527 2490 590 2540 hoc.
603 2491 677 2541 desi-

145 2573 243 2627 gnatur
258 2577 306 2626 per
320 2577 415 2612 saxum
432 2563 502 2612 ostio
517 2579 678 2613 monumen·

145 2632 165 2681 ti
196 2634 363 2683 advolutum.
393 2634 439 2683 llle
462 2633 556 2693 etiam,
572 2634 677 2699 sepulto

145 2703 254 2754 Christo
275 2703 303 2753 in
320 2703 399 2753 corde
420 2719 479 2763 suo,
495 2703 613 2754 advolvit
628 2720 677 2769 pro

144 2778 267 2826 clausura
315 2773 431 2840 lapidem
476 2789 605 2839 magnum
644 2776 677 2824 ad

144 2847 255 2909 ostium,
272 2846 318 2912 qui
334 2861 363 2896 se
376 2845 475 2895 claudit
491 2861 525 2895 ne
540 2845 625 2910 possit
639 2846 679 2896 in-

145 2916 218 2983 gredi
240 2927 392 2982 peccatum3
414 2925 440 2966 et
468 2916 544 2982 ponit
563 2916 678 2983 diligens

145 2990 313 3039 obstaculum
337 2988 556 3052 contrapeccati
579 2989 678 3040 recidi-

143 3077 219 3122 vum,
244 3077 278 3112 ne
302 3062 426 3113 Christus
450 3076 512 3110 eum
530 3060 634 3112 deserat
652 3071 679 3112 et

144 3134 289 3201 relinquat,
304 3136 389 3186 donec
412 3134 503 3200 ipsum
524 3149 540 3184 a
562 3135 678 3185 mortuis

145 3222 281 3273 resurgere
301 3206 388 3259 faciat.
406 3208 484 3259 Unde
496 3208 678 3259 Ambrosius:

146 3277 225 3327 «Cui
254 3276 435 3342 pulcherrime
460 3277 527 3343 lapis
551 3279 678 3328 admotus

144 3355 193 3406 est,
209 3362 241 3396 ne
255 3356 371 3411 pateret;
386 3346 544 3413 quicunque
557 3348 629 3398 enim
649 3348 676 3398 in

143 3430 172 3466 se
187 3416 339 3468 humaverit
359 3417 510 3478 Christum,
533 3418 679 3484 diligenter

143 3487 276 3538 custodiat
298 3504 331 3539 ne
354 3504 417 3539 eum
432 3489 533 3554 perdat,
550 3505 583 3540 ne
598 3489 678 3556 perfi-

143 3558 195 3610 diae
211 3559 246 3609 sit
265 3560 438 3626 ingressus.»
455 3560 534 3612 Unde
546 3572 572 3612 et
592 3561 678 3612 Hila-

143 3631 203 3682 rius
215 3648 251 3681 :a
267 3631 303 3682 Et
326 3635 391 3700 quia
414 3632 484 3683 nihil
505 3643 602 3700 praeter
615 3648 677 3684 eum

143 3711 265 3770 oporteat
276 3701 305 3752 in
326 3715 432 3771 pectora
447 3714 541 3755 nostra
554 3715 678 3771 penetra-

87 3815 89 3819 .
143 3790 180 3835 re,
205 3771 274 3838 lapis
298 3775 368 3826 ostio
389 3775 547 3833 advolvitur,
562 3785 592 3825 ut
607 3774 678 3825 nihil

141 3847 244 3913 absque
270 3860 302 3896 eo
326 3846 466 3898 inferatur.
483 3846 606 3898 »Voluit
626 3861 676 3897 au-

141 3925 198 3971 tem
214 3918 341 3970 Christus
356 3919 385 3968 in
399 3928 577 3969 monumento
597 3917 676 3984 justi,

436 301 608 354 SECUNDAE
624 301 750 353 PARTIS
765 302 883 356 CAPUT
899 307 990 361 LXVI.

736 417 838 470 scilicet
856 421 965 488 Joseph,
980 423 1099 489 sepeliri,
1128 426 1161 476 ad
1177 434 1265 479 osten-

736 491 856 541 dendum
876 494 948 558 quod
974 509 1028 543 non
1054 495 1201 560 requiescit
1215 497 1264 549 nisi

736 560 764 609 in
775 562 856 612 corde
865 563 938 628 justi,
951 573 977 614 et
992 566 1066 630 quod
1079 581 1136 616 non
1150 568 1265 634 amplius

736 646 905 700 peccatorum
920 639 1054 689 consortia
1067 641 1184 701 volebat,
1204 641 1265 708 quia

735 707 852 772 amplius
875 724 924 773 pro
947 710 1014 776 ipsis
1038 727 1092 761 non
1120 712 1265 765 moriturus

734 787 799 828 erat.
828 779 906 830 Unde
938 781 1117 832 Ambrosius:
1130 800 1144 829 a
1158 783 1265 849 Mystioe

734 858 823 900 autern
843 850 930 915 justus
950 852 1051 903 Christi
1070 868 1170 919 corpus
1190 870 1264 922 sepe·

735 918 767 969 lit
773 934 781 982 ;
795 920 856 970 talis
879 921 953 971 enim
968 933 1008 973 est
1024 922 1127 973 Christi
1143 927 1264 990 sepultu-

735 1005 772 1050 ra,
787 991 835 1056 qui
845 992 965 1046 fraudem
975 993 1203 1062 iniquitatemque
1213 1012 1263 1048 non

735 1062 858 1114 habebat.
872 1064 885 1114 J
889 1075 964 1114 ustus
979 1075 1068 1114 autem
1081 1081 1182 1132 corpus
1192 1067 1264 1118 Chri·

733 1133 768 1183 sti
779 1133 865 1198 operit
879 1134 1005 1197 sindone;
1020 1135 1087 1186 vesti
1108 1147 1134 1186 et
1159 1146 1189 1187 tu
1208 1138 1262 1188 Do-

734 1205 803 1256 mini
819 1206 923 1272 Corpus
939 1207 1023 1272 gloria
1045 1223 1104 1268 sua,
1119 1219 1150 1259 ut
1170 1210 1264 1277 etipse

734 1278 772 1328 sis
797 1279 893 1343 justus.
917 1280 989 1328 Bene
1009 1289 1099 1329 autem
1120 1279 1150 1330 in
1168 1295 1263 1332 monu-

733 1361 826 1400 mento
852 1351 978 1415 conditur
998 1351 1078 1416 justi,
1102 1362 1133 1402 ut
1157 1353 1263 1418 justitiae

734 1423 899 1474 habitatione
921 1424 1069 1490 requiescat
1084 1441 1091 1474 ε
1104 1443 1118 1472 o
1129 1424 1189 1475 haec
1198 1427 1265 1476 Am-

733 1492 849 1545 brutius.

764 1563 779 1613 6
799 1566 951 1615 Ssruncnm
970 1566 1095 1615 Donrrucr
1122 1581 1214 1617 nonus
1232 1581 1264 1614 ar

732 1650 816 1686 sirus.
834 1664 866 1674 —
892 1637 931 1687 De
949 1647 1127 1686 monumento
1156 1636 1264 1687 Domini

732 1706 826 1770 fertur,
846 1708 918 1773 quod
948 1707 1047 1756 domus
1075 1722 1123 1756 seu
1140 1709 1264 1773 spelunca

732 1775 814 1827 fuerit
839 1778 963 1837 rotunda,
985 1778 1018 1828 de
1033 1777 1186 1842 subiacente
1201 1794 1264 1845 rupe

732 1849 830 1912 excisa3
855 1849 998 1901 eratenim
1024 1850 1092 1915 lapis
1114 1865 1163 1900 seu
1186 1866 1263 1917 rupes

732 1921 840 1986 grandis
868 1922 895 1970 in
921 1920 1010 1980 horto,
1037 1920 1066 1970 in
1087 1921 1166 1985 cujus
1184 1922 1264 1972 latere

731 2002 786 2043 erat
818 2004 1027 2043 monumentum
1057 1992 1180 2044 excisum
1217 2008 1263 2045 seu

732 2063 865 2128 spelunca,
895 2063 996 2112 habens
1021 2072 1081 2112 octo
1107 2064 1190 2127 pedes
1209 2063 1265 2113 lon-

731 2134 878 2199 gitudinis,
908 2143 934 2184 et
960 2134 1071 2183 totidem
1099 2132 1262 2192 latitudinis,

732 2213 758 2254 et
791 2213 870 2254 tantae
906 2203 1076 2267 altitudinis,
1111 2214 1143 2254 ut
1183 2204 1264 2254 homo

731 2275 801 2326 intro
824 2274 991 2335 consistens,
1026 2285 1052 2326 et
1083 2275 1109 2325 in
1133 2274 1191 2340 ejus
1218 2289 1264 2341 pa·

730 2346 851 2396 vimento
872 2356 959 2396 rectus
991 2356 1073 2404 stans,
1104 2344 1149 2395 vix
1176 2354 1264 2412 posset

730 2434 813 2468 manu
839 2427 947 2469 extensa
973 2419 1078 2467 culmen
1111 2417 1262 2483 attingere;

731 2491 872 2542 introitum
884 2491 1006 2556 patulum
1016 2491 1120 2541 habens
1130 2491 1163 2540 ad
1173 2490 1265 2541 Orien-

731 2574 795 2623 tem,
813 2563 856 2614 cui
872 2564 938 2629 lapis
956 2563 999 2612 ille
1016 2577 1130 2627 magnus
1151 2563 1263 2614 advolu-

731 2649 774 2688 tus
790 2647 870 2703 atque
889 2636 1028 2702 appositus
1045 2644 1101 2685 erat
1117 2650 1167 2701 pro
1182 2635 1262 2686 ostio.

731 2709 760 2757 ln
775 2709 851 2772 cujus
872 2707 1041 2758 monumenti
1056 2717 1130 2772 parte
1147 2707 1263 2773 Aquilo·

731 2779 789 2828 nari
813 2778 987 2844 sepulchrum
1011 2776 1132 2837 Domini,
1148 2777 1201 2828 hoc
1225 2786 1264 2829 est

729 2847 805 2897 locus
817 2846 953 2896 Dominici
972 2847 1101 2912 corporis,
1117 2848 1151 2898 de
1171 2847 1262 2898 eadem

730 2928 805 2984 petra
837 2928 877 2970 est
902 2919 1025 2980 excisus,
1053 2929 1158 2986 septem
1183 2919 1264 2986 pedes

730 2998 756 3040 et
771 2988 891 3040 medium
912 2991 1015 3040 habens
1034 2990 1224 3056 longitudinis,
1238 2999 1264 3041 et

730 3075 745 3111 a
759 3070 846 3111 cetero
861 3061 1013 3125 pavimento
1032 3060 1113 3110 altius
1125 3061 1262 3124 eminens;

730 3142 784 3184 tres
801 3133 904 3198 palmos
921 3141 946 3182 et
965 3131 1085 3182 medium
1100 3131 1205 3182 habens
1222 3131 1264 3183 al-

731 3202 863 3262 titudinis,
882 3203 1056 3268 eiusdemque
1068 3202 1187 3253 existens
1201 3200 1265 3253 lati-

728 3273 833 3323 tudinis
856 3274 933 3338 cujus
957 3283 998 3323 est
1022 3272 1186 3323 altitudinis.
1209 3271 1263 3334 Qui

729 3343 854 3394 videlicet
872 3344 947 3394 locus
964 3359 1020 3394 non
1040 3345 1165 3409 desuper,
1182 3342 1230 3394 sed
1248 3357 1264 3393 a

730 3413 811 3464 latere
825 3414 974 3464 meridiano
992 3429 1039 3480 per
1055 3423 1144 3464 totum
1158 3423 1201 3464 est
1214 3426 1264 3480 pa·

729 3487 813 3535 tulus.
835 3485 911 3536 Unde
934 3485 997 3535 inde
1018 3482 1183 3534 inferebatur
1204 3498 1265 3534 cor·

731 3572 791 3624 pus,
804 3566 834 3608 ut
847 3567 918 3608 esset
930 3557 1007 3623 quasi
1021 3556 1204 3622 sarcophagus
1215 3570 1264 3606 su·

731 3630 883 3697 perpositus
897 3629 1074 3681 fundamento
1085 3638 1111 3679 et
1120 3627 1265 3679 inclinatus

730 3715 810 3767 super
834 3700 920 3760 latus,
943 3709 1094 3765 aperturam
1119 3696 1224 3748 habens
1250 3711 1267 3748 a

731 3775 821 3833 latere,
837 3781 863 3823 et
883 3787 938 3822 non
961 3771 1094 3837 superius.
1111 3769 1192 3821 Color
1215 3784 1266 3820 au·

731 3855 785 3895 tem
801 3843 923 3909 eiusdem
942 3840 1114 3894 monumenti
1131 3855 1162 3892 ac
1182 3838 1286 3892 loculi·

731 3913 883 3968 rubicundo
902 3921 928 3965 et
942 3913 1004 3966 albo
1015 3913 1116 3966 dicitur
1128 3924 1187 3964 esse
1201 3925 1267 3979 per-
