2626 4328
101 239 151 290 552

99 361 180 416 runt,
196 362 223 402 ct
240 351 300 401 ideo
316 351 389 416 quod
404 349 538 416 petierunt
551 365 627 400 acce-

99 431 204 489 perunt.
231 440 245 470 n
274 422 333 471 Hoc
358 421 429 470 idem
454 419 535 469 etiam
559 419 628 470 iacto

99 495 214 546 clamant
227 491 311 543 nostri
326 488 465 556 pontifices
477 499 504 540 et
516 488 626 556 praelati,

98 581 146 616 seu
158 565 251 628 curati,
266 563 313 630 qui
325 576 388 612 suas
402 561 527 611 ecclesias
540 561 632 611 dimit-

98 645 185 687 tentes
204 635 330 699 ingerunt
344 647 373 682 se
392 631 508 697 negotiis
522 642 628 698 tempo-

99 706 201 757 ralibus
222 703 397 770 principatus,
420 702 461 753 vel
479 702 564 768 regni.
579 703 629 752 Per

99 779 151 828 hoc
169 786 258 828 autem
282 775 379 824 iterum
399 774 484 824 Judaei
504 774 629 825 timorem

101 851 185 900 Pilato
210 848 375 914 ingerebant.
407 847 441 898 Ut
468 846 541 897 enim
564 847 630 898 dicit

99 922 277 988 Augustinus,
290 919 458 986 apertissime
471 929 562 970 eontra
572 920 630 970 (ἔω

99 1008 185 1043 sarem
200 991 291 1042 venire
304 991 447 1053 videretur,
463 988 484 1039 si
497 1005 586 1055 regem
601 1005 630 1040 se

100 1080 156 1114 non
172 1064 269 1114 habere
285 1062 336 1113 nisi
350 1063 482 1113 Caesarem
500 1059 631 1126 profiten-

99 1136 181 1196 tibus,
202 1135 286 1185 alium
304 1149 394 1200 regem
408 1134 487 1183 vellet
499 1132 627 1198 ingerere,

98 1207 259 1258 dimittendo
272 1207 447 1274 impunitum,
463 1221 545 1272 quem
562 1221 628 1272 pro-

99 1292 158 1346 pter
172 1280 223 1332 hos
242 1295 325 1332 ausus
337 1279 369 1330 ei'
378 1279 542 1330 tradiderant
556 1278 629 1330 occi-

98 1353 226 1402 dendum.
570 1366 580 1381 ’

129 1421 163 1472 26
180 1423 343 1473 Documra
352 1435 405 1470 nuo
415 1435 449 1469 ax
462 1433 630 1470 aonucrrom:

99 1494 211 1544 Cnarsrr
232 1509 266 1542 an
288 1505 431 1550 rnrnuuan,
455 1505 538 1540 serus
562 1505 628 1540 coa-

95 1577 271 1612 aomrnrroms
287 1576 321 1609 ετ
339 1575 445 1609 orario.
464 1588 494 1597 -
516 1559 555 1609 Ex
573 1575 628 1626 quo

94 1626 210 1684 ¹articulo
222 1631 392 1683 adductionis
405 1631 508 1682 Christi
524 1631 557 1681 ad
578 1632 629 1681 tri-

97 1706 181 1756 bunal
210 1705 355 1756 habentur⁴
373 1704 427 1755 duo
459 1704 627 1755 documenta.

99 1776 230 1835 Primum,
245 1774 317 1840 quod
333 1790 383 1825 nos
396 1773 525 1824 debemus
538 1774 628 1824 tribu-

98 1847 143 1896 nal
157 1846 186 1896 in
203 1856 292 1895 mente
306 1856 398 1895 nostra
417 1845 587 1906 constituere,
603 1854 629 1895 et

98 1916 136 1966 ibi
165 1916 264 1983 judicio
285 1925 378 1976 astare,
405 1916 474 1966 sicut
503 1915 628 1967 Christus

100 1987 174 2038 stetit
187 1996 248 2036 ante
264 1986 383 2037 tribunal
397 1996 504 2052 propter
522 2001 580 2046 nos,
598 1996 629 2037 ut

99 2071 151 2107 nos
163 2055 315 2106 districtum
329 2055 381 2105 Dei
391 2056 519 2121 judicium
537 2056 628 2122 possi-

98 2144 161 2179 mus
176 2128 323 2194 declinare3
338 2127 411 2192 juxta
426 2128 492 2178 illud
509 2129 628 2194 Aposto-

97 2203 115 2252 li
140 2219 148 2252 :
172 2202 206 2254 Si
222 2203 395 2270 nosmetipsos
409 2203 625 2270 dijudicaremus,

97 2286 149 2323 uon
165 2273 254 2338 utique
267 2272 459 2339 iudicaremur.
480 2301 511 2311 -
523 2273 627 2323 Secun-

97 2343 163 2393 dum
179 2353 228 2403 est,
238 2344 311 2409 quod
326 2353 446 2409 tempore
460 2343 627 2394 adversitatis

95 2410 228 2475 judicium
249 2413 297 2464 Dei
312 2430 374 2464 cum
389 2413 515 2480 patientia
529 2413 627 2464 subea-

96 2497 173 2542 mus,
203 2482 273 2533 sicut
299 2484 433 2534 Dominus
463 2493 554 2534 noster
579 2499 627 2549 pro

96 2553 177 2603 nobis
191 2555 287 2605 ductus
302 2566 363 2607 ante
374 2557 493 2607 tribunal
507 2555 628 2606 hominis

97 2623 246 2685 obmutuit,
261 2634 288 2676 et
304 2643 358 2676 non
375 2628 480 2693 aperuit
492 2643 522 2677 os
536 2643 627 2688 suum,

95 2709 157 2745 cum
178 2695 254 2745 omni
274 2697 403 2762 patientia
423 2698 535 2748 subiens
553 2698 626 2764 judi-

95 2764 176 2816 cium.
195 2765 251 2816 Nos
264 2766 365 2832 quippe
377 2776 499 2833 tempore
507 2767 627 2818 adversi-

98 2836 168 2897 tatis,
187 2837 264 2902 quasi
278 2847 341 2888 ante
356 2837 473 2890 tribunal
487 2837 537 2888 Dei
550 2837 628 2889 sisti-

95 2926 173 2976 mur;
188 2911 262 2962 unde
283 2912 438 2978 Apostolus,
465 2921 528 2978 post
546 2913 627 2964 verba

96 2982 272 3049 praeallegata,
300 2982 394 3033 subdit
418 2998 425 3031 ε
452 2983 519 3033 Cum
538 2989 626 3033 autem

94 3054 269 3120 iudicamur,
304 3055 403 3106 scilicet
435 3056 627 3122 temporalibus

95 3127 194 3190 poenis,
205 3143 224 3177 a
235 3129 352 3179 Domino
367 3128 538 3194 corripimur,
552 3129 626 3195 quia,

94 3205 125 3245 ut
149 3198 213 3248 dicit
236 3199 345 3262 Glossa,
363 3216 440 3266 poena
464 3199 523 3266 ipsa
548 3201 627 3250 nobis

94 3270 204 3336 propria
229 3282 272 3322 est
293 3273 427 3338 purgatio,
446 3279 476 3323 ut
501 3287 626 3324 naucum

94 3340 141 3390 hoc
156 3343 254 3393 mundo
268 3343 432 3394 damnemur.
452 3344 536 3405 Quasi
551 3345 626 3395 dice-

93 3420 134 3459 ret
149 3427 156 3461 :
172 3412 233 3462 ldeo
253 3423 293 3463 est
307 3414 410 3465 bonum
425 3414 469 3465 hic
484 3430 532 3480 per
544 3414 626 3481 puni-

93 3481 194 3531 tionem
209 3485 384 3550 temporalem
399 3485 510 3550 judicari
530 3501 547 3536 a
559 3486 624 3546 Deo,

91 3564 121 3605 ut
146 3554 191 3606 hic
210 3559 324 3624 correpti
342 3575 397 3609 non
420 3560 580 3610 damnemur
595 3559 623 3609 in

90 3623 191 3688 judicio
210 3626 310 3680 futuro.
331 3630 372 3680 ad
398 3630 623 3681 conformandum

90 3712 119 3746 se
146 3697 210 3748 huic
233 3701 362 3764 articulo,
393 3703 511 3754 attendat
539 3703 623 3753 homo

91 3768 251 3821 documenta
270 3772 324 3838 jam
349 3772 493 3840 praemissa,
518 3783 544 3824 et
565 3783 624 3825 oret

91 3850 181 3891 mente
197 3841 291 3896 devota
306 3862 313 3896 :
327 3845 403 3908 Jesu,
425 3844 470 3910 qui
487 3851 550 3896 ante
569 3845 623 3897 tri-

384 191 559 287 SECUNDAE
574 233 698 284 PARTlS
713 233 832 286 CAPUT
848 235 927 285 LXII.

682 349 764 400 bunai
783 350 871 400 Pilati
893 349 1004 412 adduci,
1023 355 1049 399 et
1063 349 1091 399 in
1104 349 1211 417 judicio

681 422 743 472 sisti
753 422 873 486 coluisti,
892 423 928 473 da
944 421 1008 471 milti
1019 427 1081 472 ante
1094 421 1210 473 tibunal

681 493 777 544 mentis
803 508 868 544 meae
891 492 1076 553 conscenda-e,
1100 497 1130 542 et
1154 506 1211 557 arag

681 563 768 629 ipsum
789 565 822 614 de
844 564 931 626 culpis
955 562 1023 614 meis
1041 563 1212 615 comciemia

682 636 833 687 testimonio
854 635 988 685 districtis
999 634 1147 701 judicare3
1161 634 1211 701 ju-

682 706 779 757 dicium
807 720 909 772 quoque
935 712 1007 756 num
1034 705 1063 756 ia
1089 705 1213 756 aduena

682 779 888 849 impatienter
909 778 952 828 iric
967 778 1066 840 sabbe,
1088 783 1119 828 ut
1133 777 1213 849 jaat-

682 848 727 899 cio
752 855 796 899 tuo
824 855 946 899 extremo
973 848 1078 899 valeam
1102 862 1211 901 soeuras

681 925 783 970 astare.

712 1005 747 1056 ²7
765 990 899 1040 Carisius
922 1005 1065 1040 nauanrua
1087 1005 1124 1040 ao
1143 1004 1210 1042 ntr-

681 1079 740 1113 απ.
769 1089 801 1102 ··-
822 1063 874 1112 Sed
901 1062 1002 1114 Pilatus
1028 1062 1127 1114 timore
1150 1078 1210 1114 moa

680 1135 811 1199 vincitur;
831 1145 857 1184 et
879 1149 894 1184 a
915 1135 1022 1186 tramite
1042 1134 1164 1186 veritatis
1185 1143 1211 1186 et

681 1205 790 1270 justitiae
806 1206 987 1270 detorquetur.
1014 1207 1121 1256 Petente
1141 1205 1210 1257 eadm

681 1287 737 1327 tota
750 1277 904 1327 Judaeorum
915 1276 1089 1327 multitudine
1102 1277 1212 1328 vocibus

682 1347 797 1413 magnis,
823 1359 852 1397 ut
876 1347 1084 1412 crucifigeretur,
1103 1347 1209 1398 tandem

682 1421 768 1471 miser
779 1435 880 1486 preses
893 1421 994 1470 Pilatus
1006 1430 1098 1471 motus
1115 1421 1211 1472 timore

681 1491 864 1556 Imperatoris,
888 1500 913 1540 et
934 1489 1023 1540 favore
1042 1489 1148 1540 tuamet
1161 1505 1210 1557 po-

681 1565 749 1630 puli,
769 1564 811 1614 cui
828 1565 886 1630 ipse
905 1574 1024 1629 praeerat,
1037 1572 1064 1614 et
1082 1579 1099 1613 a
1113 1563 1212 1630 quibam

682 1633 808 1699 pecunias
825 1635 947 1699 sperabat
963 1633 1049 1682 levare
1060 1643 1155 1684 comta
1167 1633 1212 1698 ju-

681 1704 800 1762 dicium,
828 1715 854 1753 et
879 1714 970 1754 contra
996 1703 1213 1765 conscientiam,

664 1816 669 1828 ,
681 1789 736 1840 qua
748 1775 887 1825 Christum
903 1775 1075 1824 innocentem
1092 1783 1211 1838 noverat,

681 1855 707 1895 et
726 1845 755 1894 in
774 1860 829 1911 quo
854 1847 927 1895 nulla
951 1859 1029 1895 causa
1051 1854 1118 1905 erat,
1139 1843 1210 1895 decit

681 1917 840 1967 sententiam
855 1915 1069 1966 crudelissimam
1080 1916 1116 1966 de
1126 1923 1210 1966 morte

681 1987 844 2044 innocentis,
859 1999 886 2037 et
901 2002 949 2052 per
961 1985 1122 2037 sententiam
1136 1985 1209 2037 diffi-

681 2058 802 2118 nitivam,
817 2059 932 2108 tradidit
944 2059 1044 2121 Jesum,
1063 2064 1092 2109 ut
1101 2058 1210 2110 raucid-

680 2134 799 2194 geretur,
816 2129 916 2193 judicio
942 2137 968 2179 et
982 2137 1114 2194 potestate
1137 2129 1210 2180 Pne-

681 2201 756 2252 sidis.
789 2202 850 2250 Non
878 2201 945 2251 dixit
979 2201 1150 2267 Evangelista
1180 2210 1210 2252 ut

680 2270 865 2337 crucifigerent
885 2287 964 2334 eum3
980 2271 1027 2321 sed
1048 2277 1078 2322 at
1100 2271 1211 2340 ⁰·th-

680 2349 809 2410 geretur,
840 2358 887 2407 per
920 2341 1045 2392 Praesidis
1070 2340 1211 2406 judiciuma

680 2414 732 2464 Sed
745 2413 808 2463 ideo
821 2413 875 2462 iltis
885 2412 1013 2462 traditum
1027 2411 1105 2473 dixit,
1120 2421 1153 2464 ut
1164 2426 1216 2463 eos-

680 2487 793 2539 crimine
818 2487 987 2552 implicatos,
1014 2501 1106 2552 aquo
1128 2486 1209 2538 alierri

680 2576 738 2611 esse
762 2561 934 2617 conabantur,
959 2559 1129 2624 ostenderet3
1155 2575 1211 2610 noa

680 2631 753 2682 enirn
769 2632 869 2680 Pilatus
883 2631 934 2679 hoc
949 2628 1055 2688 iaceret,
1070 2629 1125 2680 nisi
1143 2630 1210 2681 utid

680 2702 752 2767 quod
769 2716 814 2750 eos
828 2715 924 2764 cupere
940 2699 1061 2749 cernebat
1076 2699 1211 2766 impleret.

680 2772 777 2836 Itaque
796 2770 895 2820 Pilatus
926 2769 1088 2821 ambitiosus
1117 2771 1210 2823 nolens

679 2842 805 2891 amittere·
829 2841 1027 2906 principatum,
1052 2856 1210 2908 quanquam

680 2910 882 2976 pronuntiasset
905 2911 1046 2961 Christum
1080 2910 1211 2963 iunocen-

680 2992 745 3044 tem,
773 2999 802 3034 ac
834 2999 882 3048 per
909 2999 972 3034 eum
998 2983 1210 3048 dimittendum

679 3055 773 3105 volens
802 3063 891 3103 tamen
921 3055 954 3104 ad
991 3055 1214 3120 complacendum

680 3125 841 3177 clamoribus
866 3124 959 3190 populi
991 3124 1160 3188 satisfacere,
1184 3125 1213 3176 id

680 3207 720 3248 est
746 3212 840 3247 eorum
863 3197 1029 3247 voluntatem
1056 3195 1157 3259 facere,
1186 3208 1214 3248 et

680 3288 734 3323 non
763 3272 835 3337 quod
863 3282 918 3320 erat
945 3271 1074 3337 placitum
1101 3273 1159 3323 Deo
1185 3283 1213 3324 et

678 3341 803 3408 justitiae3
820 3342 976 3407 timensque
990 3358 1023 3393 ne
1039 3352 1212 3394 accusaretur

678 3417 711 3467 de
738 3416 851 3468 Caesaris
875 3416 1040 3478 rebellione,
1066 3432 1132 3468 curn
1157 3417 1211 3469 hoc

679 3487 785 3537 nullum
816 3488 963 3552 suspicans·
988 3487 1156 3553 periculum,
1184 3488 1207 3539 si

679 3557 848 3607 innocentem
868 3573 1010 3623 pauperem
1033 3557 1115 3608 morti
1129 3558 1209 3624 adju-

677 3628 785 3688 dicaret,
800 3629 917 3679 maxime
939 3629 1003 3694 quia
1027 3629 1209 3680 contradictor

677 3698 775 3766 aliquis
792 3717 846 3751 non
860 3700 1012 3767 apparebat,
1026 3700 1139 3766 protulit
1150 3716 1209 3752 aen·

676 3771 796 3831 tentiam,
809 3783 835 3820 et
846 3769 971 3836 iudicavit
982 3785 1044 3820 eum
1054 3770 1091 3821 ob
1099 3771 1209 3838 culpam

676 3843 790 3898 affectati
811 3845 886 3910 regni
909 3859 967 3896 esse
985 3843 1206 3911 crucifigendum.
