<?xml version="1.0" encoding="UTF-8"?>
<!DOCTYPE html PUBLIC "-//W3C//DTD XHTML 1.0 Transitional//EN"
    "http://www.w3.org/TR/xhtml1/DTD/xhtml1-transitional.dtd">
<html xmlns="http://www.w3.org/1999/xhtml" xml:lang="en" lang="en">
 <head>
  <title>
</title>
<meta http-equiv="Content-Type" content="text/html;charset=utf-8" />
  <meta name='ocr-system' content='tesseract 3.04.00' />
  <meta name='ocr-capabilities' content='ocr_page ocr_carea ocr_par ocr_line ocrx_word'/>
</head>
<body>
  <div class='ocr_page' id='page_1' title='image "./vitajesuchristi00rigogoog_0149.png"; bbox 0 0 2626 4328; ppageno 0'>
   <div class='ocr_carea' id='block_1_1' title="bbox 149 260 201 330">
    <p class='ocr_par' dir='ltr' id='par_1_1' title="bbox 149 260 201 330">
     <span class='ocr_line' id='line_1_1' title="bbox 149 260 201 330; baseline -0.058 0"><span class='ocrx_word' id='word_1_1' title='bbox 149 260 201 330; x_wconf 78' lang='lat'>⁵94</span> 
     </span>
    </p>
   </div>
   <div class='ocr_carea' id='block_1_2' title="bbox 96 371 681 2503">
    <p class='ocr_par' dir='ltr' id='par_1_2' title="bbox 96 371 681 2503">
     <span class='ocr_line' id='line_1_2' title="bbox 96 371 678 433; baseline -0.01 -6"><span class='ocrx_word' id='word_1_2' title='bbox 96 388 107 405; x_wconf 80' lang='lat'>‘</span> <span class='ocrx_word' id='word_1_3' title='bbox 150 385 237 427; x_wconf 89' lang='lat' dir='ltr'>stente</span> <span class='ocrx_word' id='word_1_4' title='bbox 261 375 288 425; x_wconf 90' lang='lat' dir='ltr'>in</span> <span class='ocrx_word' id='word_1_5' title='bbox 313 374 466 433; x_wconf 83' lang='lat' dir='ltr'><strong>Occidente,</strong></span> <span class='ocrx_word' id='word_1_6' title='bbox 490 382 516 423; x_wconf 93' lang='lat' dir='ltr'>et</span> <span class='ocrx_word' id='word_1_7' title='bbox 539 372 577 422; x_wconf 90' lang='lat' dir='ltr'>sic</span> <span class='ocrx_word' id='word_1_8' title='bbox 599 371 678 422; x_wconf 90' lang='lat' dir='ltr'>orbes</span> 
     </span>
     <span class='ocr_line' id='line_1_3' title="bbox 148 443 678 510; baseline -0.009 -14"><span class='ocrx_word' id='word_1_9' title='bbox 148 456 234 496; x_wconf 87' lang='lat' dir='ltr'>totum</span> <span class='ocrx_word' id='word_1_10' title='bbox 262 455 327 496; x_wconf 91' lang='lat' dir='ltr'>sunt</span> <span class='ocrx_word' id='word_1_11' title='bbox 353 447 386 495; x_wconf 91' lang='lat' dir='ltr'>ad</span> <span class='ocrx_word' id='word_1_12' title='bbox 409 443 554 510; x_wconf 87' lang='lat' dir='ltr'>pristinum</span> <span class='ocrx_word' id='word_1_13' title='bbox 578 451 678 492; x_wconf 90' lang='lat' dir='ltr'>statum</span> 
     </span>
     <span class='ocr_line' id='line_1_4' title="bbox 147 510 678 582; baseline -0.006 -17"><span class='ocrx_word' id='word_1_14' title='bbox 147 516 279 581; x_wconf 90' lang='lat' dir='ltr'>restituti;</span> <span class='ocrx_word' id='word_1_15' title='bbox 306 517 378 566; x_wconf 92' lang='lat' dir='ltr'>unde</span> <span class='ocrx_word' id='word_1_16' title='bbox 402 525 473 582; x_wconf 91' lang='lat' dir='ltr'>patet</span> <span class='ocrx_word' id='word_1_17' title='bbox 499 513 580 564; x_wconf 89' lang='lat' dir='ltr'>etiam</span> <span class='ocrx_word' id='word_1_18' title='bbox 604 510 678 562; x_wconf 85' lang='lat' dir='ltr'>defe-</span> 
     </span>
     <span class='ocr_line' id='line_1_5' title="bbox 149 583 678 651; baseline -0.009 -15"><span class='ocrx_word' id='word_1_19' title='bbox 149 597 224 636; x_wconf 89' lang='lat' dir='ltr'>ctum</span> <span class='ocrx_word' id='word_1_20' title='bbox 242 597 268 636; x_wconf 88' lang='lat' dir='ltr'>et</span> <span class='ocrx_word' id='word_1_21' title='bbox 291 585 513 651; x_wconf 86' lang='lat' dir='ltr'>repugnationem</span> <span class='ocrx_word' id='word_1_22' title='bbox 534 583 599 633; x_wconf 90' lang='lat' dir='ltr'>solis</span> <span class='ocrx_word' id='word_1_23' title='bbox 623 598 678 632; x_wconf 90' lang='lat' dir='ltr'>non</span> 
     </span>
     <span class='ocr_line' id='line_1_6' title="bbox 148 652 679 722; baseline -0.008 -16"><span class='ocrx_word' id='word_1_24' title='bbox 148 671 180 706; x_wconf 92' lang='lat' dir='ltr'>ex</span> <span class='ocrx_word' id='word_1_25' title='bbox 208 657 299 706; x_wconf 91' lang='lat' dir='ltr'>eadem</span> <span class='ocrx_word' id='word_1_26' title='bbox 327 666 409 722; x_wconf 85' lang='lat' dir='ltr'>parte,</span> <span class='ocrx_word' id='word_1_27' title='bbox 437 656 482 704; x_wconf 92' lang='lat' dir='ltr'>sed</span> <span class='ocrx_word' id='word_1_28' title='bbox 506 670 520 705; x_wconf 90' lang='lat' dir='ltr'>e</span> <span class='ocrx_word' id='word_1_29' title='bbox 547 652 679 704; x_wconf 87' lang='lat' dir='ltr'>contraria</span> 
     </span>
     <span class='ocr_line' id='line_1_7' title="bbox 149 725 676 792; baseline -0.006 -15"><span class='ocrx_word' id='word_1_30' title='bbox 149 729 297 778; x_wconf 90' lang='lat' dir='ltr'>secundum</span> <span class='ocrx_word' id='word_1_31' title='bbox 334 727 497 777; x_wconf 87' lang='lat' dir='ltr'><strong>diametrum</strong></span> <span class='ocrx_word' id='word_1_32' title='bbox 537 725 676 792; x_wconf 85' lang='lat' dir='ltr'>incepisse.</span> 
     </span>
     <span class='ocr_line' id='line_1_8' title="bbox 150 798 678 864; baseline -0.008 -16"><span class='ocrx_word' id='word_1_33' title='bbox 150 801 225 858; x_wconf 84' lang='lat' dir='ltr'><strong>Item,</strong></span> <span class='ocrx_word' id='word_1_34' title='bbox 242 799 295 848; x_wconf 84' lang='lat' dir='ltr'>iltae</span> <span class='ocrx_word' id='word_1_35' title='bbox 309 799 426 848; x_wconf 86' lang='lat' dir='ltr'>tenebrae</span> <span class='ocrx_word' id='word_1_36' title='bbox 445 798 591 864; x_wconf 86' lang='lat' dir='ltr'>palpabiles</span> <span class='ocrx_word' id='word_1_37' title='bbox 603 803 678 846; x_wconf 89' lang='lat' dir='ltr'>erant</span> 
     </span>
     <span class='ocr_line' id='line_1_9' title="bbox 148 869 678 938; baseline -0.008 -17"><span class='ocrx_word' id='word_1_38' title='bbox 148 881 174 921; x_wconf 87' lang='lat' dir='ltr'>ct</span> <span class='ocrx_word' id='word_1_39' title='bbox 190 872 320 931; x_wconf 82' lang='lat' dir='ltr'>obscurae,</span> <span class='ocrx_word' id='word_1_40' title='bbox 335 882 360 921; x_wconf 91' lang='lat' dir='ltr'>et</span> <span class='ocrx_word' id='word_1_41' title='bbox 380 873 463 938; x_wconf 88' lang='lat' dir='ltr'>nigrae</span> <span class='ocrx_word' id='word_1_42' title='bbox 482 871 549 922; x_wconf 91' lang='lat' dir='ltr'>sicut</span> <span class='ocrx_word' id='word_1_43' title='bbox 564 869 678 919; x_wconf 87' lang='lat' dir='ltr'>tenebrae</span> 
     </span>
     <span class='ocr_line' id='line_1_10' title="bbox 146 943 678 1009; baseline -0.002 -17"><span class='ocrx_word' id='word_1_44' title='bbox 146 943 256 1009; x_wconf 87' lang='lat' dir='ltr'>AEgypti</span> <span class='ocrx_word' id='word_1_45' title='bbox 269 945 320 994; x_wconf 91' lang='lat' dir='ltr'>sub</span> <span class='ocrx_word' id='word_1_46' title='bbox 334 944 484 1007; x_wconf 84' lang='lat' dir='ltr'>Pharaone3</span> <span class='ocrx_word' id='word_1_47' title='bbox 503 944 618 994; x_wconf 89' lang='lat' dir='ltr'>tenebrae</span> <span class='ocrx_word' id='word_1_48' title='bbox 629 958 678 992; x_wconf 89' lang='lat' dir='ltr'>au-</span> 
     </span>
     <span class='ocr_line' id='line_1_11' title="bbox 148 1013 678 1081; baseline 0.002 -18"><span class='ocrx_word' id='word_1_49' title='bbox 148 1023 202 1064; x_wconf 83' lang='lat' dir='ltr'>tem</span> <span class='ocrx_word' id='word_1_50' title='bbox 218 1030 250 1064; x_wconf 85' lang='lat' dir='ltr'>ex</span> <span class='ocrx_word' id='word_1_51' title='bbox 264 1015 355 1081; x_wconf 88' lang='lat' dir='ltr'>eclipsi</span> <span class='ocrx_word' id='word_1_52' title='bbox 376 1017 442 1066; x_wconf 91' lang='lat' dir='ltr'>solis</span> <span class='ocrx_word' id='word_1_53' title='bbox 462 1014 575 1065; x_wconf 88' lang='lat' dir='ltr'>naturali</span> <span class='ocrx_word' id='word_1_54' title='bbox 590 1013 678 1064; x_wconf 85' lang='lat' dir='ltr'>ferru-</span> 
     </span>
     <span class='ocr_line' id='line_1_12' title="bbox 147 1086 678 1154; baseline 0.002 -19"><span class='ocrx_word' id='word_1_55' title='bbox 147 1086 231 1152; x_wconf 87' lang='lat' dir='ltr'>gineae</span> <span class='ocrx_word' id='word_1_56' title='bbox 251 1099 313 1139; x_wconf 91' lang='lat' dir='ltr'>sunt</span> <span class='ocrx_word' id='word_1_57' title='bbox 326 1100 351 1138; x_wconf 90' lang='lat' dir='ltr'>et</span> <span class='ocrx_word' id='word_1_58' title='bbox 371 1104 454 1140; x_wconf 88' lang='lat' dir='ltr'>aereae</span> <span class='ocrx_word' id='word_1_59' title='bbox 474 1090 506 1139; x_wconf 93' lang='lat' dir='ltr'>ad</span> <span class='ocrx_word' id='word_1_60' title='bbox 522 1087 678 1154; x_wconf 87' lang='lat' dir='ltr'>aliquantu-</span> 
     </span>
     <span class='ocr_line' id='line_1_13' title="bbox 148 1159 679 1225; baseline 0.004 -19"><span class='ocrx_word' id='word_1_61' title='bbox 148 1159 204 1207; x_wconf 90' lang='lat' dir='ltr'>lum</span> <span class='ocrx_word' id='word_1_62' title='bbox 230 1159 315 1209; x_wconf 87' lang='lat' dir='ltr'>clarae.</span> <span class='ocrx_word' id='word_1_63' title='bbox 341 1159 416 1210; x_wconf 89' lang='lat' dir='ltr'>Patet</span> <span class='ocrx_word' id='word_1_64' title='bbox 438 1175 511 1225; x_wconf 91' lang='lat' dir='ltr'>ergo,</span> <span class='ocrx_word' id='word_1_65' title='bbox 537 1159 610 1225; x_wconf 90' lang='lat' dir='ltr'>quod</span> <span class='ocrx_word' id='word_1_66' title='bbox 633 1159 679 1208; x_wconf 90' lang='lat' dir='ltr'>illa</span> 
     </span>
     <span class='ocr_line' id='line_1_14' title="bbox 147 1230 677 1298; baseline 0.006 -19"><span class='ocrx_word' id='word_1_67' title='bbox 147 1230 255 1296; x_wconf 86' lang='lat' dir='ltr'>eclipsis</span> <span class='ocrx_word' id='word_1_68' title='bbox 276 1245 331 1281; x_wconf 91' lang='lat' dir='ltr'>non</span> <span class='ocrx_word' id='word_1_69' title='bbox 355 1233 443 1298; x_wconf 91' lang='lat' dir='ltr'>potuit</span> <span class='ocrx_word' id='word_1_70' title='bbox 462 1232 591 1282; x_wconf 90' lang='lat' dir='ltr'>naturalis</span> <span class='ocrx_word' id='word_1_71' title='bbox 611 1247 677 1292; x_wconf 90' lang='lat' dir='ltr'>esse,</span> 
     </span>
     <span class='ocr_line' id='line_1_15' title="bbox 147 1305 678 1368; baseline 0.002 -15"><span class='ocrx_word' id='word_1_72' title='bbox 147 1305 192 1354; x_wconf 89' lang='lat' dir='ltr'>sed</span> <span class='ocrx_word' id='word_1_73' title='bbox 223 1305 396 1368; x_wconf 84' lang='lat' dir='ltr'>miraculosa3</span> <span class='ocrx_word' id='word_1_74' title='bbox 427 1315 453 1355; x_wconf 93' lang='lat' dir='ltr'>et</span> <span class='ocrx_word' id='word_1_75' title='bbox 485 1305 536 1355; x_wconf 93' lang='lat' dir='ltr'>soli</span> <span class='ocrx_word' id='word_1_76' title='bbox 560 1305 678 1365; x_wconf 90' lang='lat' dir='ltr'>Christo,</span> 
     </span>
     <span class='ocr_line' id='line_1_16' title="bbox 149 1376 677 1441; baseline 0.002 -16"><span class='ocrx_word' id='word_1_77' title='bbox 149 1376 196 1441; x_wconf 91' lang='lat' dir='ltr'>qui</span> <span class='ocrx_word' id='word_1_78' title='bbox 214 1387 254 1426; x_wconf 89' lang='lat' dir='ltr'>est</span> <span class='ocrx_word' id='word_1_79' title='bbox 271 1392 350 1427; x_wconf 84' lang='lat' dir='ltr'>eausa</span> <span class='ocrx_word' id='word_1_80' title='bbox 370 1377 504 1436; x_wconf 91' lang='lat' dir='ltr'>omnium,</span> <span class='ocrx_word' id='word_1_81' title='bbox 527 1376 677 1426; x_wconf 87' lang='lat' dir='ltr'>manifesta.</span> 
     </span>
     <span class='ocr_line' id='line_1_17' title="bbox 149 1447 680 1512; baseline 0.002 -16"><span class='ocrx_word' id='word_1_82' title='bbox 149 1447 182 1496; x_wconf 81' lang='lat' dir='ltr'>Et</span> <span class='ocrx_word' id='word_1_83' title='bbox 197 1448 260 1512; x_wconf 91' lang='lat' dir='ltr'>quia</span> <span class='ocrx_word' id='word_1_84' title='bbox 276 1447 363 1497; x_wconf 92' lang='lat' dir='ltr'>tribus</span> <span class='ocrx_word' id='word_1_85' title='bbox 377 1447 452 1497; x_wconf 91' lang='lat' dir='ltr'>horis</span> <span class='ocrx_word' id='word_1_86' title='bbox 470 1457 603 1512; x_wconf 88' lang='lat' dir='ltr'>protensae</span> <span class='ocrx_word' id='word_1_87' title='bbox 617 1458 680 1497; x_wconf 92' lang='lat' dir='ltr'>sunt</span> 
     </span>
     <span class='ocr_line' id='line_1_18' title="bbox 150 1518 679 1583; baseline 0.004 -17"><span class='ocrx_word' id='word_1_88' title='bbox 150 1519 274 1577; x_wconf 89' lang='lat' dir='ltr'>tenebrae,</span> <span class='ocrx_word' id='word_1_89' title='bbox 288 1518 348 1567; x_wconf 91' lang='lat' dir='ltr'>ideo</span> <span class='ocrx_word' id='word_1_90' title='bbox 360 1518 408 1567; x_wconf 87' lang='lat' dir='ltr'>has</span> <span class='ocrx_word' id='word_1_91' title='bbox 421 1528 475 1567; x_wconf 90' lang='lat' dir='ltr'>tres</span> <span class='ocrx_word' id='word_1_92' title='bbox 489 1518 569 1567; x_wconf 90' lang='lat' dir='ltr'>horas</span> <span class='ocrx_word' id='word_1_93' title='bbox 580 1534 679 1583; x_wconf 85' lang='lat' dir='ltr'>reprae-</span> 
     </span>
     <span class='ocr_line' id='line_1_19' title="bbox 149 1590 677 1653; baseline 0 -14"><span class='ocrx_word' id='word_1_94' title='bbox 149 1601 287 1640; x_wconf 89' lang='lat' dir='ltr'>sentamus</span> <span class='ocrx_word' id='word_1_95' title='bbox 311 1590 428 1640; x_wconf 90' lang='lat' dir='ltr'>tenebris</span> <span class='ocrx_word' id='word_1_96' title='bbox 449 1591 530 1639; x_wconf 90' lang='lat' dir='ltr'>trium</span> <span class='ocrx_word' id='word_1_97' title='bbox 544 1591 677 1653; x_wconf 90' lang='lat' dir='ltr'>noctium;</span> 
     </span>
     <span class='ocr_line' id='line_1_20' title="bbox 148 1660 679 1725; baseline 0.008 -16"><span class='ocrx_word' id='word_1_98' title='bbox 148 1662 189 1710; x_wconf 81' lang='lat' dir='ltr'>rel</span> <span class='ocrx_word' id='word_1_99' title='bbox 207 1660 305 1725; x_wconf 87' lang='lat' dir='ltr'>potius,</span> <span class='ocrx_word' id='word_1_100' title='bbox 325 1662 353 1710; x_wconf 92' lang='lat' dir='ltr'>in</span> <span class='ocrx_word' id='word_1_101' title='bbox 375 1663 534 1711; x_wconf 84' lang='lat' dir='ltr'>memoriam</span> <span class='ocrx_word' id='word_1_102' title='bbox 548 1662 679 1714; x_wconf 88' lang='lat' dir='ltr'>triduanae</span> 
     </span>
     <span class='ocr_line' id='line_1_21' title="bbox 149 1731 679 1796; baseline 0.008 -18"><span class='ocrx_word' id='word_1_103' title='bbox 149 1731 292 1796; x_wconf 86' lang='lat' dir='ltr'>sepulturae</span> <span class='ocrx_word' id='word_1_104' title='bbox 312 1731 399 1781; x_wconf 89' lang='lat' dir='ltr'>tribus</span> <span class='ocrx_word' id='word_1_105' title='bbox 416 1731 540 1781; x_wconf 90' lang='lat' dir='ltr'>noctibus</span> <span class='ocrx_word' id='word_1_106' title='bbox 561 1732 679 1783; x_wconf 87' lang='lat' dir='ltr'>celebra-</span> 
     </span>
     <span class='ocr_line' id='line_1_22' title="bbox 149 1804 681 1871; baseline 0.002 -18"><span class='ocrx_word' id='word_1_107' title='bbox 149 1804 302 1868; x_wconf 91' lang='lat' dir='ltr'>mus,quasi</span> <span class='ocrx_word' id='word_1_108' title='bbox 313 1804 449 1854; x_wconf 90' lang='lat' dir='ltr'>triduanas</span> <span class='ocrx_word' id='word_1_109' title='bbox 458 1806 598 1871; x_wconf 83' lang='lat' dir='ltr'>exsequias</span> <span class='ocrx_word' id='word_1_110' title='bbox 605 1805 681 1856; x_wconf 91' lang='lat' dir='ltr'>Chri-</span> 
     </span>
     <span class='ocr_line' id='line_1_23' title="bbox 149 1876 678 1943; baseline 0.004 -17"><span class='ocrx_word' id='word_1_111' title='bbox 149 1876 183 1926; x_wconf 89' lang='lat' dir='ltr'>sti</span> <span class='ocrx_word' id='word_1_112' title='bbox 206 1876 316 1936; x_wconf 90' lang='lat' dir='ltr'>mortui,</span> <span class='ocrx_word' id='word_1_113' title='bbox 332 1877 395 1943; x_wconf 91' lang='lat' dir='ltr'>quia</span> <span class='ocrx_word' id='word_1_114' title='bbox 409 1893 457 1928; x_wconf 88' lang='lat' dir='ltr'>nec</span> <span class='ocrx_word' id='word_1_115' title='bbox 475 1878 537 1928; x_wconf 89' lang='lat' dir='ltr'>alibi</span> <span class='ocrx_word' id='word_1_116' title='bbox 553 1879 678 1928; x_wconf 88' lang='lat' dir='ltr'>monachi</span> 
     </span>
     <span class='ocr_line' id='line_1_24' title="bbox 150 1948 679 2011; baseline 0.006 -14"><span class='ocrx_word' id='word_1_117' title='bbox 150 1964 246 1999; x_wconf 89' lang='lat' dir='ltr'>novem</span> <span class='ocrx_word' id='word_1_118' title='bbox 271 1948 398 1999; x_wconf 90' lang='lat' dir='ltr'>lectiones</span> <span class='ocrx_word' id='word_1_119' title='bbox 418 1949 528 2010; x_wconf 87' lang='lat' dir='ltr'>faciunt,</span> <span class='ocrx_word' id='word_1_120' title='bbox 548 1951 599 2000; x_wconf 93' lang='lat' dir='ltr'>nisi</span> <span class='ocrx_word' id='word_1_121' title='bbox 625 1951 679 2011; x_wconf 94' lang='lat' dir='ltr'>hic,</span> 
     </span>
     <span class='ocr_line' id='line_1_25' title="bbox 149 2021 680 2087; baseline 0.004 -18"><span class='ocrx_word' id='word_1_122' title='bbox 149 2028 174 2069; x_wconf 92' lang='lat' dir='ltr'>et</span> <span class='ocrx_word' id='word_1_123' title='bbox 195 2034 244 2084; x_wconf 91' lang='lat' dir='ltr'>pro</span> <span class='ocrx_word' id='word_1_124' title='bbox 265 2021 388 2070; x_wconf 88' lang='lat' dir='ltr'>mortuis.</span> <span class='ocrx_word' id='word_1_125' title='bbox 406 2021 438 2070; x_wconf 86' lang='lat' dir='ltr'>Et</span> <span class='ocrx_word' id='word_1_126' title='bbox 452 2032 515 2071; x_wconf 92' lang='lat' dir='ltr'>tunc</span> <span class='ocrx_word' id='word_1_127' title='bbox 528 2022 607 2071; x_wconf 90' lang='lat' dir='ltr'>etiam</span> <span class='ocrx_word' id='word_1_128' title='bbox 622 2022 680 2087; x_wconf 92' lang='lat' dir='ltr'>pri-</span> 
     </span>
     <span class='ocr_line' id='line_1_26' title="bbox 150 2095 678 2157; baseline 0.006 -15"><span class='ocrx_word' id='word_1_129' title='bbox 150 2103 238 2143; x_wconf 85' lang='lat' dir='ltr'><strong>matus</strong></span> <span class='ocrx_word' id='word_1_130' title='bbox 261 2095 432 2144; x_wconf 89' lang='lat' dir='ltr'>tenebrarum</span> <span class='ocrx_word' id='word_1_131' title='bbox 458 2095 611 2145; x_wconf 90' lang='lat' dir='ltr'>insinuatus</span> <span class='ocrx_word' id='word_1_132' title='bbox 630 2105 678 2157; x_wconf 92' lang='lat' dir='ltr'>est,</span> 
     </span>
     <span class='ocr_line' id='line_1_27' title="bbox 149 2165 679 2233; baseline 0.009 -21"><span class='ocrx_word' id='word_1_133' title='bbox 149 2165 212 2229; x_wconf 91' lang='lat' dir='ltr'>quia</span> <span class='ocrx_word' id='word_1_134' title='bbox 225 2165 254 2214; x_wconf 89' lang='lat' dir='ltr'>in</span> <span class='ocrx_word' id='word_1_135' title='bbox 276 2165 330 2215; x_wconf 91' lang='lat' dir='ltr'>illis</span> <span class='ocrx_word' id='word_1_136' title='bbox 350 2166 445 2216; x_wconf 88' lang='lat' dir='ltr'>diebus</span> <span class='ocrx_word' id='word_1_137' title='bbox 459 2167 574 2216; x_wconf 84' lang='lat' dir='ltr'>tenebrae</span> <span class='ocrx_word' id='word_1_138' title='bbox 590 2182 679 2233; x_wconf 89' lang='lat' dir='ltr'>coepe-</span> 
     </span>
     <span class='ocr_line' id='line_1_28' title="bbox 149 2236 678 2303; baseline 0.009 -19"><span class='ocrx_word' id='word_1_139' title='bbox 149 2246 213 2285; x_wconf 91' lang='lat' dir='ltr'>runt</span> <span class='ocrx_word' id='word_1_140' title='bbox 237 2236 308 2287; x_wconf 91' lang='lat' dir='ltr'>diem</span> <span class='ocrx_word' id='word_1_141' title='bbox 337 2239 493 2303; x_wconf 84' lang='lat' dir='ltr'>praecedere.</span> <span class='ocrx_word' id='word_1_142' title='bbox 524 2239 574 2288; x_wconf 91' lang='lat' dir='ltr'>His</span> <span class='ocrx_word' id='word_1_143' title='bbox 598 2239 678 2289; x_wconf 90' lang='lat' dir='ltr'>etiam</span> 
     </span>
     <span class='ocr_line' id='line_1_29' title="bbox 150 2306 681 2375; baseline 0.011 -21"><span class='ocrx_word' id='word_1_144' title='bbox 150 2306 234 2368; x_wconf 92' lang='lat' dir='ltr'>horis,</span> <span class='ocrx_word' id='word_1_145' title='bbox 263 2307 364 2358; x_wconf 89' lang='lat' dir='ltr'>scilicet</span> <span class='ocrx_word' id='word_1_146' title='bbox 389 2324 406 2359; x_wconf 93' lang='lat' dir='ltr'>a</span> <span class='ocrx_word' id='word_1_147' title='bbox 436 2316 516 2359; x_wconf 84' lang='lat' dir='ltr'>sexta</span> <span class='ocrx_word' id='word_1_148' title='bbox 542 2310 681 2375; x_wconf 85' lang='lat' dir='ltr'>usquead</span> 
     </span>
     <span class='ocr_line' id='line_1_30' title="bbox 150 2382 680 2446; baseline 0.009 -19"><span class='ocrx_word' id='word_1_149' title='bbox 150 2393 245 2430; x_wconf 73' lang='lat' dir='ltr'>storiam</span> <span class='ocrx_word' id='word_1_150' title='bbox 260 2382 346 2446; x_wconf 88' lang='lat' dir='ltr'>magis</span> <span class='ocrx_word' id='word_1_151' title='bbox 364 2382 573 2432; x_wconf 82' lang='lat' dir='ltr'><strong>obtenebrantur</strong></span> <span class='ocrx_word' id='word_1_152' title='bbox 587 2383 680 2432; x_wconf 93' lang='lat' dir='ltr'>homi-</span> 
     </span>
     <span class='ocr_line' id='line_1_31' title="bbox 150 2452 680 2503; baseline 0.011 -6"><span class='ocrx_word' id='word_1_153' title='bbox 150 2464 197 2498; x_wconf 91' lang='lat' dir='ltr'>nes</span> <span class='ocrx_word' id='word_1_154' title='bbox 212 2452 454 2502; x_wconf 82' lang='lat' dir='ltr'>comessationibus</span> <span class='ocrx_word' id='word_1_155' title='bbox 466 2463 492 2502; x_wconf 91' lang='lat' dir='ltr'>et</span> <span class='ocrx_word' id='word_1_156' title='bbox 506 2453 680 2503; x_wconf 87' lang='lat' dir='ltr'>ebrietatibus</span> 
     </span>
    </p>
   </div>
   <div class='ocr_carea' id='block_1_3' title="bbox 145 2522 680 3943">
    <p class='ocr_par' dir='ltr' id='par_1_3' title="bbox 145 2522 680 3643">
     <span class='ocr_line' id='line_1_32' title="bbox 149 2522 680 2592; baseline 0.015 -25"><span class='ocrx_word' id='word_1_157' title='bbox 149 2522 275 2572; x_wconf 77' lang='lat' dir='ltr'>vacando.</span> <span class='ocrx_word' id='word_1_158' title='bbox 299 2524 322 2574; x_wconf 96' lang='lat' dir='ltr'>O</span> <span class='ocrx_word' id='word_1_159' title='bbox 340 2525 433 2590; x_wconf 90' lang='lat' dir='ltr'>quanti</span> <span class='ocrx_word' id='word_1_160' title='bbox 451 2535 477 2574; x_wconf 90' lang='lat' dir='ltr'>et</span> <span class='ocrx_word' id='word_1_161' title='bbox 493 2527 586 2592; x_wconf 90' lang='lat' dir='ltr'>quales</span> <span class='ocrx_word' id='word_1_162' title='bbox 600 2524 680 2575; x_wconf 90' lang='lat' dir='ltr'>etiam</span> 
     </span>
     <span class='ocr_line' id='line_1_33' title="bbox 150 2589 680 2656; baseline 0.015 -20"><span class='ocrx_word' id='word_1_163' title='bbox 150 2589 278 2653; x_wconf 84' lang='lat' dir='ltr'>religiosi,</span> <span class='ocrx_word' id='word_1_164' title='bbox 297 2591 340 2640; x_wconf 90' lang='lat' dir='ltr'>his</span> <span class='ocrx_word' id='word_1_165' title='bbox 361 2593 445 2656; x_wconf 92' lang='lat' dir='ltr'>horis,</span> <span class='ocrx_word' id='word_1_166' title='bbox 463 2595 581 2644; x_wconf 89' lang='lat' dir='ltr'>tenebris</span> <span class='ocrx_word' id='word_1_167' title='bbox 600 2595 680 2644; x_wconf 85' lang='lat' dir='ltr'>volu·</span> 
     </span>
     <span class='ocr_line' id='line_1_34' title="bbox 150 2662 679 2730; baseline 0.015 -22"><span class='ocrx_word' id='word_1_168' title='bbox 150 2670 253 2724; x_wconf 84' lang='lat' dir='ltr'>pratum</span> <span class='ocrx_word' id='word_1_169' title='bbox 287 2662 413 2712; x_wconf 88' lang='lat' dir='ltr'>effrenate</span> <span class='ocrx_word' id='word_1_170' title='bbox 441 2680 469 2714; x_wconf 90' lang='lat' dir='ltr'>se</span> <span class='ocrx_word' id='word_1_171' title='bbox 495 2667 679 2730; x_wconf 85' lang='lat' dir='ltr'>immergunt,</span> 
     </span>
     <span class='ocr_line' id='line_1_35' title="bbox 149 2732 680 2802; baseline 0.013 -22"><span class='ocrx_word' id='word_1_172' title='bbox 149 2732 213 2797; x_wconf 86' lang='lat' dir='ltr'>quia</span> <span class='ocrx_word' id='word_1_173' title='bbox 235 2748 264 2782; x_wconf 90' lang='lat' dir='ltr'>ea</span> <span class='ocrx_word' id='word_1_174' title='bbox 284 2750 344 2799; x_wconf 83' lang='lat' dir='ltr'>quae</span> <span class='ocrx_word' id='word_1_175' title='bbox 364 2735 490 2786; x_wconf 91' lang='lat' dir='ltr'>Christus</span> <span class='ocrx_word' id='word_1_176' title='bbox 506 2748 570 2786; x_wconf 92' lang='lat' dir='ltr'>tunc</span> <span class='ocrx_word' id='word_1_177' title='bbox 585 2753 680 2802; x_wconf 86' lang='lat' dir='ltr'>passus</span> 
     </span>
     <span class='ocr_line' id='line_1_36' title="bbox 149 2805 679 2873; baseline 0.008 -20"><span class='ocrx_word' id='word_1_178' title='bbox 149 2814 200 2863; x_wconf 91' lang='lat' dir='ltr'>est,</span> <span class='ocrx_word' id='word_1_179' title='bbox 224 2813 353 2870; x_wconf 90' lang='lat' dir='ltr'><strong>tanquam</strong></span> <span class='ocrx_word' id='word_1_180' title='bbox 375 2805 472 2870; x_wconf 84' lang='lat' dir='ltr'>ingrati</span> <span class='ocrx_word' id='word_1_181' title='bbox 489 2822 584 2872; x_wconf 88' lang='lat' dir='ltr'>parurn</span> <span class='ocrx_word' id='word_1_182' title='bbox 602 2807 679 2873; x_wconf 88' lang='lat' dir='ltr'>cogi-</span> 
     </span>
     <span class='ocr_line' id='line_1_37' title="bbox 149 2875 680 2939; baseline 0.008 -14"><span class='ocrx_word' id='word_1_183' title='bbox 149 2886 206 2926; x_wconf 92' lang='lat' dir='ltr'>tant</span> <span class='ocrx_word' id='word_1_184' title='bbox 229 2877 270 2926; x_wconf 87' lang='lat' dir='ltr'>vel</span> <span class='ocrx_word' id='word_1_185' title='bbox 295 2875 453 2928; x_wconf 90' lang='lat' dir='ltr'>attendunt!</span> <span class='ocrx_word' id='word_1_186' title='bbox 476 2877 546 2939; x_wconf 85' lang='lat' dir='ltr'>Tibi,</span> <span class='ocrx_word' id='word_1_187' title='bbox 567 2879 680 2929; x_wconf 83' lang='lat' dir='ltr'>Domine</span> 
     </span>
     <span class='ocr_line' id='line_1_38' title="bbox 148 2948 677 3015; baseline 0.004 -18"><span class='ocrx_word' id='word_1_188' title='bbox 148 2948 223 3008; x_wconf 81' lang='lat' dir='ltr'>Jesu,</span> <span class='ocrx_word' id='word_1_189' title='bbox 244 2949 366 2999; x_wconf 89' lang='lat' dir='ltr'>morienti</span> <span class='ocrx_word' id='word_1_190' title='bbox 386 2965 543 3015; x_wconf 83' lang='lat' dir='ltr'>compassus</span> <span class='ocrx_word' id='word_1_191' title='bbox 565 2956 606 3000; x_wconf 88' lang='lat' dir='ltr'>est</span> <span class='ocrx_word' id='word_1_192' title='bbox 628 2950 677 3011; x_wconf 90' lang='lat' dir='ltr'>sol,</span> 
     </span>
     <span class='ocr_line' id='line_1_39' title="bbox 145 3019 680 3084; baseline 0.007 -18"><span class='ocrx_word' id='word_1_193' title='bbox 145 3019 261 3083; x_wconf 79' lang='lat' dir='ltr'>proinde</span> <span class='ocrx_word' id='word_1_194' title='bbox 283 3035 382 3084; x_wconf 83' lang='lat' dir='ltr'>precor·</span> <span class='ocrx_word' id='word_1_195' title='bbox 404 3027 430 3071; x_wconf 88' lang='lat' dir='ltr'>et</span> <span class='ocrx_word' id='word_1_196' title='bbox 452 3022 617 3081; x_wconf 66' lang='lat' dir='ltr'>obsecrant</span> <span class='ocrx_word' id='word_1_197' title='bbox 639 3035 680 3070; x_wconf 90' lang='lat' dir='ltr'>me</span> 
     </span>
     <span class='ocr_line' id='line_1_40' title="bbox 150 3093 679 3159; baseline 0.008 -20"><span class='ocrx_word' id='word_1_198' title='bbox 150 3106 225 3155; x_wconf 80' lang='lat' dir='ltr'>quent</span> <span class='ocrx_word' id='word_1_199' title='bbox 248 3093 407 3144; x_wconf 82' lang='lat' dir='ltr'>rationalem</span> <span class='ocrx_word' id='word_1_200' title='bbox 422 3095 535 3145; x_wconf 86' lang='lat' dir='ltr'>condere</span> <span class='ocrx_word' id='word_1_201' title='bbox 550 3094 679 3159; x_wconf 82' lang='lat' dir='ltr'>dignatus</span> 
     </span>
     <span class='ocr_line' id='line_1_41' title="bbox 148 3162 680 3230; baseline 0.011 -22"><span class='ocrx_word' id='word_1_202' title='bbox 148 3173 185 3221; x_wconf 76' lang='lat' dir='ltr'>er,</span> <span class='ocrx_word' id='word_1_203' title='bbox 210 3162 250 3211; x_wconf 88' lang='lat' dir='ltr'>sic</span> <span class='ocrx_word' id='word_1_204' title='bbox 267 3162 364 3227; x_wconf 87' lang='lat' dir='ltr'>facias</span> <span class='ocrx_word' id='word_1_205' title='bbox 388 3171 432 3215; x_wconf 85' lang='lat' dir='ltr'>tua</span> <span class='ocrx_word' id='word_1_206' title='bbox 445 3166 548 3230; x_wconf 86' lang='lat' dir='ltr'>pietate</span> <span class='ocrx_word' id='word_1_207' title='bbox 564 3165 680 3229; x_wconf 82' lang='lat' dir='ltr'>compati</span> 
     </span>
     <span class='ocr_line' id='line_1_42' title="bbox 149 3231 679 3302; baseline 0.013 -24"><span class='ocrx_word' id='word_1_208' title='bbox 149 3231 198 3279; x_wconf 81' lang='lat' dir='ltr'>tibi</span> <span class='ocrx_word' id='word_1_209' title='bbox 219 3234 350 3294; x_wconf 86' lang='lat' dir='ltr'>morienti,</span> <span class='ocrx_word' id='word_1_210' title='bbox 372 3242 398 3285; x_wconf 86' lang='lat' dir='ltr'>et</span> <span class='ocrx_word' id='word_1_211' title='bbox 413 3251 465 3302; x_wconf 85' lang='lat' dir='ltr'>pro</span> <span class='ocrx_word' id='word_1_212' title='bbox 490 3235 565 3285; x_wconf 81' lang='lat' dir='ltr'>nobis</span> <span class='ocrx_word' id='word_1_213' title='bbox 590 3235 679 3302; x_wconf 80' lang='lat' dir='ltr'>impiis</span> 
     </span>
     <span class='ocr_line' id='line_1_43' title="bbox 149 3301 679 3373; baseline 0.011 -23"><span class='ocrx_word' id='word_1_214' title='bbox 149 3301 175 3349; x_wconf 90' lang='lat' dir='ltr'>in</span> <span class='ocrx_word' id='word_1_215' title='bbox 196 3305 284 3354; x_wconf 89' lang='lat' dir='ltr'>crucis</span> <span class='ocrx_word' id='word_1_216' title='bbox 298 3307 423 3371; x_wconf 81' lang='lat' dir='ltr'>squalore</span> <span class='ocrx_word' id='word_1_217' title='bbox 441 3307 567 3373; x_wconf 78' lang='lat' dir='ltr'>pendenti</span> <span class='ocrx_word' id='word_1_218' title='bbox 574 3324 584 3370; x_wconf 88' lang='lat'><strong><em>;</em></strong></span> <span class='ocrx_word' id='word_1_219' title='bbox 609 3312 637 3356; x_wconf 89' lang='lat' dir='ltr'>ut</span> <span class='ocrx_word' id='word_1_220' title='bbox 652 3307 679 3356; x_wconf 91' lang='lat' dir='ltr'>in</span> 
     </span>
     <span class='ocr_line' id='line_1_44' title="bbox 149 3375 680 3444; baseline 0.013 -21"><span class='ocrx_word' id='word_1_221' title='bbox 149 3375 205 3424; x_wconf 83' lang='lat' dir='ltr'>vita</span> <span class='ocrx_word' id='word_1_222' title='bbox 233 3392 291 3427; x_wconf 86' lang='lat' dir='ltr'>mea</span> <span class='ocrx_word' id='word_1_223' title='bbox 319 3394 369 3429; x_wconf 91' lang='lat' dir='ltr'>non</span> <span class='ocrx_word' id='word_1_224' title='bbox 394 3382 539 3444; x_wconf 79' lang='lat' dir='ltr'>gaudeam,</span> <span class='ocrx_word' id='word_1_225' title='bbox 568 3381 595 3429; x_wconf 88' lang='lat' dir='ltr'>in</span> <span class='ocrx_word' id='word_1_226' title='bbox 623 3379 680 3430; x_wconf 88' lang='lat' dir='ltr'>luce</span> 
     </span>
     <span class='ocr_line' id='line_1_45' title="bbox 148 3447 679 3516; baseline 0.015 -22"><span class='ocrx_word' id='word_1_227' title='bbox 148 3447 248 3512; x_wconf 73' lang='lat' dir='ltr'>gloriae</span> <span class='ocrx_word' id='word_1_228' title='bbox 270 3451 433 3515; x_wconf 84' lang='lat' dir='ltr'>temporalis,</span> <span class='ocrx_word' id='word_1_229' title='bbox 448 3465 529 3516; x_wconf 89' lang='lat' dir='ltr'>neque</span> <span class='ocrx_word' id='word_1_230' title='bbox 546 3453 614 3502; x_wconf 88' lang='lat' dir='ltr'>diem</span> <span class='ocrx_word' id='word_1_231' title='bbox 630 3453 679 3502; x_wconf 83' lang='lat' dir='ltr'>lto-</span> 
     </span>
     <span class='ocr_line' id='line_1_46' title="bbox 150 3517 679 3584; baseline 0.011 -19"><span class='ocrx_word' id='word_1_232' title='bbox 150 3517 247 3567; x_wconf 88' lang='lat' dir='ltr'>minum</span> <span class='ocrx_word' id='word_1_233' title='bbox 270 3520 426 3584; x_wconf 85' lang='lat' dir='ltr'>desiderem,</span> <span class='ocrx_word' id='word_1_234' title='bbox 442 3523 489 3572; x_wconf 87' lang='lat' dir='ltr'>sed</span> <span class='ocrx_word' id='word_1_235' title='bbox 513 3521 679 3573; x_wconf 83' lang='lat' dir='ltr'>tutamentis</span> 
     </span>
     <span class='ocr_line' id='line_1_47' title="bbox 148 3589 600 3643; baseline 0.015 -7"><span class='ocrx_word' id='word_1_236' title='bbox 148 3589 248 3638; x_wconf 72' lang='lat' dir='ltr'>ardore</span> <span class='ocrx_word' id='word_1_237' title='bbox 263 3591 410 3641; x_wconf 83' lang='lat' dir='ltr'>desiderem</span> <span class='ocrx_word' id='word_1_238' title='bbox 433 3593 501 3642; x_wconf 89' lang='lat' dir='ltr'>diem</span> <span class='ocrx_word' id='word_1_239' title='bbox 519 3599 600 3643; x_wconf 86' lang='lat' dir='ltr'>tunm.</span> 
     </span>
    </p>

    <p class='ocr_par' dir='ltr' id='par_1_4' title="bbox 147 3660 680 3943">
     <span class='ocr_line' id='line_1_48' title="bbox 181 3660 680 3724; baseline 0.006 -14"><span class='ocrx_word' id='word_1_240' title='bbox 181 3660 214 3711; x_wconf 82' lang='lat'>38</span> <span class='ocrx_word' id='word_1_241' title='bbox 231 3661 343 3720; x_wconf 84' lang='lat' dir='ltr'>qunro</span> <span class='ocrx_word' id='word_1_242' title='bbox 360 3664 680 3724; x_wconf 77' lang='lat' dir='ltr'>vanno,C1ratsrusQus-</span> 
     </span>
     <span class='ocr_line' id='line_1_49' title="bbox 149 3735 679 3784; baseline 0.002 -3"><span class='ocrx_word' id='word_1_243' title='bbox 149 3749 232 3782; x_wconf 82' lang='lat' dir='ltr'>nrrua</span> <span class='ocrx_word' id='word_1_244' title='bbox 253 3748 283 3784; x_wconf 76' lang='lat' dir='ltr'>ss:</span> <span class='ocrx_word' id='word_1_245' title='bbox 310 3752 327 3783; x_wconf 78' lang='lat' dir='ltr'>x</span> <span class='ocrx_word' id='word_1_246' title='bbox 352 3735 440 3783; x_wconf 73' lang='lat' dir='ltr'>Par-na</span> <span class='ocrx_word' id='word_1_247' title='bbox 457 3750 634 3784; x_wconf 78' lang='lat' dir='ltr'>nsnsurcrox.</span> <span class='ocrx_word' id='word_1_248' title='bbox 649 3762 679 3771; x_wconf 95' lang='lat'><em>-</em></span> 
     </span>
     <span class='ocr_line' id='line_1_50' title="bbox 149 3804 677 3871; baseline 0.004 -18"><span class='ocrx_word' id='word_1_249' title='bbox 149 3804 280 3862; x_wconf 88' lang='lat' dir='ltr'>Quartum</span> <span class='ocrx_word' id='word_1_250' title='bbox 298 3807 409 3857; x_wconf 87' lang='lat' dir='ltr'>verbum</span> <span class='ocrx_word' id='word_1_251' title='bbox 430 3805 490 3866; x_wconf 88' lang='lat' dir='ltr'>fuit,</span> <span class='ocrx_word' id='word_1_252' title='bbox 511 3807 584 3871; x_wconf 88' lang='lat' dir='ltr'>qood</span> <span class='ocrx_word' id='word_1_253' title='bbox 605 3806 677 3856; x_wconf 88' lang='lat' dir='ltr'>circa</span> 
     </span>
     <span class='ocr_line' id='line_1_51' title="bbox 147 3876 680 3943; baseline 0 -17"><span class='ocrx_word' id='word_1_254' title='bbox 147 3877 241 3926; x_wconf 84' lang='lat' dir='ltr'>lteram</span> <span class='ocrx_word' id='word_1_255' title='bbox 268 3892 364 3929; x_wconf 85' lang='lat' dir='ltr'>nonam</span> <span class='ocrx_word' id='word_1_256' title='bbox 394 3891 449 3943; x_wconf 86' lang='lat' dir='ltr'>prae</span> <span class='ocrx_word' id='word_1_257' title='bbox 477 3876 562 3927; x_wconf 89' lang='lat' dir='ltr'>nimia</span> <span class='ocrx_word' id='word_1_258' title='bbox 580 3876 680 3926; x_wconf 90' lang='lat' dir='ltr'>doloris</span> 
     </span>
    </p>
   </div>
   <div class='ocr_carea' id='block_1_4' title="bbox 425 255 979 310">
    <p class='ocr_par' dir='ltr' id='par_1_5' title="bbox 425 255 979 310">
     <span class='ocr_line' id='line_1_52' title="bbox 425 255 979 310; baseline -0.005 0"><span class='ocrx_word' id='word_1_259' title='bbox 425 256 598 310; x_wconf 85' lang='lat' dir='ltr'><strong>SECUNDAE</strong></span> <span class='ocrx_word' id='word_1_260' title='bbox 616 255 739 306; x_wconf 78' lang='lat' dir='ltr'>PARTIS</span> <span class='ocrx_word' id='word_1_261' title='bbox 756 255 874 307; x_wconf 82' lang='lat' dir='ltr'><strong>CAPUT</strong></span> <span class='ocrx_word' id='word_1_262' title='bbox 890 256 979 308; x_wconf 88' lang='lat' dir='ltr'>LXIll.</span> 
     </span>
    </p>
   </div>
   <div class='ocr_carea' id='block_1_5' title="bbox 731 371 1265 2945">
    <p class='ocr_par' dir='ltr' id='par_1_6' title="bbox 731 371 1265 2945">
     <span class='ocr_line' id='line_1_53' title="bbox 733 371 1256 440; baseline 0.002 -20"><span class='ocrx_word' id='word_1_263' title='bbox 733 372 858 438; x_wconf 86' lang='lat' dir='ltr'>angustia</span> <span class='ocrx_word' id='word_1_264' title='bbox 874 371 1001 424; x_wconf 84' lang='lat' dir='ltr'>clamavit</span> <span class='ocrx_word' id='word_1_265' title='bbox 1017 387 1080 425; x_wconf 87' lang='lat' dir='ltr'>voce</span> <span class='ocrx_word' id='word_1_266' title='bbox 1094 386 1204 440; x_wconf 82' lang='lat' dir='ltr'>magna,</span> <span class='ocrx_word' id='word_1_267' title='bbox 1218 372 1256 422; x_wconf 88' lang='lat' dir='ltr'>di·</span> 
     </span>
     <span class='ocr_line' id='line_1_54' title="bbox 732 444 1256 507; baseline 0 -14"><span class='ocrx_word' id='word_1_268' title='bbox 732 457 794 493; x_wconf 89' lang='lat' dir='ltr'>cens</span> <span class='ocrx_word' id='word_1_269' title='bbox 813 461 822 495; x_wconf 88' lang='lat'>.·</span> <span class='ocrx_word' id='word_1_270' title='bbox 842 445 899 507; x_wconf 87' lang='lat' dir='ltr'>Eli,</span> <span class='ocrx_word' id='word_1_271' title='bbox 921 445 977 507; x_wconf 89' lang='lat' dir='ltr'>Eli,</span> <span class='ocrx_word' id='word_1_272' title='bbox 992 445 1082 495; x_wconf 88' lang='lat' dir='ltr'>lamna</span> <span class='ocrx_word' id='word_1_273' title='bbox 1096 444 1256 496; x_wconf 80' lang='lat' dir='ltr'>sabacthani.</span> 
     </span>
     <span class='ocr_line' id='line_1_55' title="bbox 732 515 1258 582; baseline 0.002 -18"><span class='ocrx_word' id='word_1_274' title='bbox 732 515 767 564; x_wconf 91' lang='lat' dir='ltr'>Et</span> <span class='ocrx_word' id='word_1_275' title='bbox 791 517 864 582; x_wconf 90' lang='lat' dir='ltr'>quod</span> <span class='ocrx_word' id='word_1_276' title='bbox 888 516 1017 567; x_wconf 89' lang='lat' dir='ltr'>Hebraice</span> <span class='ocrx_word' id='word_1_277' title='bbox 1042 515 1120 577; x_wconf 82' lang='lat' dir='ltr'>dixit,</span> <span class='ocrx_word' id='word_1_278' title='bbox 1139 516 1258 582; x_wconf 81' lang='lat' dir='ltr'>Evange-</span> 
     </span>
     <span class='ocr_line' id='line_1_56' title="bbox 731 585 1258 652; baseline 0.006 -18"><span class='ocrx_word' id='word_1_279' title='bbox 731 585 794 636; x_wconf 91' lang='lat' dir='ltr'>lista</span> <span class='ocrx_word' id='word_1_280' title='bbox 821 587 940 652; x_wconf 86' lang='lat' dir='ltr'>exponit,</span> <span class='ocrx_word' id='word_1_281' title='bbox 968 587 1059 637; x_wconf 84' lang='lat' dir='ltr'>dicens</span> <span class='ocrx_word' id='word_1_282' title='bbox 1089 606 1096 637; x_wconf 76' lang='grc' dir='ltr'>ι</span> <span class='ocrx_word' id='word_1_283' title='bbox 1123 587 1174 637; x_wconf 85' lang='lat' dir='ltr'>hoc</span> <span class='ocrx_word' id='word_1_284' title='bbox 1195 592 1258 637; x_wconf 82' lang='lat' dir='ltr'>est:</span> 
     </span>
     <span class='ocr_line' id='line_1_57' title="bbox 731 657 1259 723; baseline 0 -16"><span class='ocrx_word' id='word_1_285' title='bbox 731 658 807 709; x_wconf 89' lang='lat' dir='ltr'>Deus</span> <span class='ocrx_word' id='word_1_286' title='bbox 827 672 908 721; x_wconf 87' lang='lat' dir='ltr'>meus,</span> <span class='ocrx_word' id='word_1_287' title='bbox 935 659 1010 722; x_wconf 86' lang='lat' dir='ltr'>cujus</span> <span class='ocrx_word' id='word_1_288' title='bbox 1031 673 1092 708; x_wconf 85' lang='lat' dir='ltr'>sunt</span> <span class='ocrx_word' id='word_1_289' title='bbox 1114 657 1202 707; x_wconf 92' lang='lat' dir='ltr'>Filius</span> <span class='ocrx_word' id='word_1_290' title='bbox 1217 671 1259 723; x_wconf 88' lang='lat' dir='ltr'>per</span> 
     </span>
     <span class='ocr_line' id='line_1_58' title="bbox 732 728 1259 796; baseline 0 -18"><span class='ocrx_word' id='word_1_291' title='bbox 732 738 855 780; x_wconf 90' lang='lat' dir='ltr'>naturam</span> <span class='ocrx_word' id='word_1_292' title='bbox 881 729 910 779; x_wconf 91' lang='lat' dir='ltr'>in</span> <span class='ocrx_word' id='word_1_293' title='bbox 935 739 1067 796; x_wconf 88' lang='lat' dir='ltr'>quantum</span> <span class='ocrx_word' id='word_1_294' title='bbox 1088 730 1171 791; x_wconf 87' lang='lat' dir='ltr'>Deus,</span> <span class='ocrx_word' id='word_1_295' title='bbox 1190 728 1259 778; x_wconf 80' lang='lat' dir='ltr'>Deus</span> 
     </span>
     <span class='ocr_line' id='line_1_59' title="bbox 732 798 1259 866; baseline -0.004 -16"><span class='ocrx_word' id='word_1_296' title='bbox 732 814 814 863; x_wconf 83' lang='lat' dir='ltr'>meus,</span> <span class='ocrx_word' id='word_1_297' title='bbox 828 801 903 860; x_wconf 86' lang='lat' dir='ltr'>cuius</span> <span class='ocrx_word' id='word_1_298' title='bbox 918 815 979 850; x_wconf 91' lang='lat' dir='ltr'>sum</span> <span class='ocrx_word' id='word_1_299' title='bbox 991 801 1011 849; x_wconf 92' lang='lat' dir='ltr'>F</span> <span class='ocrx_word' id='word_1_300' title='bbox 1014 800 1077 850; x_wconf 92' lang='lat' dir='ltr'>ilius</span> <span class='ocrx_word' id='word_1_301' title='bbox 1092 815 1140 866; x_wconf 89' lang='lat' dir='ltr'>per</span> <span class='ocrx_word' id='word_1_302' title='bbox 1153 798 1259 849; x_wconf 88' lang='lat' dir='ltr'>unionis</span> 
     </span>
     <span class='ocr_line' id='line_1_60' title="bbox 732 869 1260 939; baseline -0.004 -17"><span class='ocrx_word' id='word_1_303' title='bbox 732 872 843 939; x_wconf 85' lang='lat' dir='ltr'>gratiam</span> <span class='ocrx_word' id='word_1_304' title='bbox 860 872 888 922; x_wconf 94' lang='lat' dir='ltr'>in</span> <span class='ocrx_word' id='word_1_305' title='bbox 904 882 1036 938; x_wconf 90' lang='lat' dir='ltr'>quantum</span> <span class='ocrx_word' id='word_1_306' title='bbox 1059 871 1166 921; x_wconf 87' lang='lat' dir='ltr'>homo:</span> <span class='ocrx_word' id='word_1_307' title='bbox 1184 869 1260 921; x_wconf 79' lang='lat' dir='ltr'>etsie</span> 
     </span>
     <span class='ocr_line' id='line_1_61' title="bbox 733 942 1260 1010; baseline 0 -18"><span class='ocrx_word' id='word_1_308' title='bbox 733 943 881 1010; x_wconf 88' lang='lat' dir='ltr'>geminatio</span> <span class='ocrx_word' id='word_1_309' title='bbox 895 943 1028 1009; x_wconf 90' lang='lat' dir='ltr'>duplicem</span> <span class='ocrx_word' id='word_1_310' title='bbox 1052 942 1172 992; x_wconf 90' lang='lat' dir='ltr'>ostendit</span> <span class='ocrx_word' id='word_1_311' title='bbox 1185 951 1260 993; x_wconf 91' lang='lat' dir='ltr'>natu·</span> 
     </span>
     <span class='ocr_line' id='line_1_62' title="bbox 731 1013 1258 1080; baseline 0.004 -18"><span class='ocrx_word' id='word_1_312' title='bbox 731 1029 788 1063; x_wconf 89' lang='lat' dir='ltr'>ram</span> <span class='ocrx_word' id='word_1_313' title='bbox 809 1013 837 1063; x_wconf 93' lang='lat' dir='ltr'>in</span> <span class='ocrx_word' id='word_1_314' title='bbox 860 1030 902 1075; x_wconf 87' lang='lat' dir='ltr'>eo,</span> <span class='ocrx_word' id='word_1_315' title='bbox 926 1015 1019 1080; x_wconf 82' lang='lat' dir='ltr'>utquid</span> <span class='ocrx_word' id='word_1_316' title='bbox 1033 1013 1202 1078; x_wconf 84' lang='lat' dir='ltr'>dereliquisti</span> <span class='ocrx_word' id='word_1_317' title='bbox 1214 1027 1258 1074; x_wconf 85' lang='lat' dir='ltr'>me,</span> 
     </span>
     <span class='ocr_line' id='line_1_63' title="bbox 733 1083 1260 1151; baseline -0.002 -17"><span class='ocrx_word' id='word_1_318' title='bbox 733 1084 759 1134; x_wconf 93' lang='lat' dir='ltr'>id</span> <span class='ocrx_word' id='word_1_319' title='bbox 780 1095 822 1136; x_wconf 91' lang='lat' dir='ltr'>est</span> <span class='ocrx_word' id='word_1_320' title='bbox 841 1086 929 1151; x_wconf 91' lang='lat' dir='ltr'>poenis</span> <span class='ocrx_word' id='word_1_321' title='bbox 950 1096 976 1135; x_wconf 91' lang='lat' dir='ltr'>et</span> <span class='ocrx_word' id='word_1_322' title='bbox 995 1096 1082 1135; x_wconf 89' lang='lat' dir='ltr'>morte</span> <span class='ocrx_word' id='word_1_323' title='bbox 1097 1083 1260 1149; x_wconf 81' lang='lat' dir='ltr'>exposuisti?</span> 
     </span>
     <span class='ocr_line' id='line_1_64' title="bbox 734 1159 1261 1226; baseline -0.002 -17"><span class='ocrx_word' id='word_1_324' title='bbox 734 1161 792 1210; x_wconf 88' lang='lat' dir='ltr'>Hoc</span> <span class='ocrx_word' id='word_1_325' title='bbox 808 1176 863 1209; x_wconf 91' lang='lat' dir='ltr'>non</span> <span class='ocrx_word' id='word_1_326' title='bbox 875 1160 995 1226; x_wconf 90' lang='lat' dir='ltr'>loquitur</span> <span class='ocrx_word' id='word_1_327' title='bbox 1007 1159 1101 1218; x_wconf 90' lang='lat' dir='ltr'>deitas,</span> <span class='ocrx_word' id='word_1_328' title='bbox 1114 1174 1175 1224; x_wconf 87' lang='lat' dir='ltr'>quae</span> <span class='ocrx_word' id='word_1_329' title='bbox 1190 1171 1261 1224; x_wconf 83' lang='lat' dir='ltr'>passa</span> 
     </span>
     <span class='ocr_line' id='line_1_65' title="bbox 734 1228 1261 1297; baseline -0.002 -17"><span class='ocrx_word' id='word_1_330' title='bbox 734 1248 787 1281; x_wconf 92' lang='lat' dir='ltr'>non</span> <span class='ocrx_word' id='word_1_331' title='bbox 809 1231 869 1292; x_wconf 91' lang='lat' dir='ltr'>fuit,</span> <span class='ocrx_word' id='word_1_332' title='bbox 890 1230 954 1297; x_wconf 89' lang='lat' dir='ltr'>quia</span> <span class='ocrx_word' id='word_1_333' title='bbox 974 1230 1099 1281; x_wconf 90' lang='lat' dir='ltr'>divinitas</span> <span class='ocrx_word' id='word_1_334' title='bbox 1119 1230 1148 1279; x_wconf 90' lang='lat' dir='ltr'>in</span> <span class='ocrx_word' id='word_1_335' title='bbox 1163 1228 1261 1280; x_wconf 89' lang='lat' dir='ltr'>Christi</span> 
     </span>
     <span class='ocr_line' id='line_1_66' title="bbox 738 1298 1261 1368; baseline -0.006 -17"><span class='ocrx_word' id='word_1_336' title='bbox 738 1302 864 1353; x_wconf 89' lang='lat' dir='ltr'>Passione</span> <span class='ocrx_word' id='word_1_337' title='bbox 879 1317 983 1368; x_wconf 90' lang='lat' dir='ltr'>semper</span> <span class='ocrx_word' id='word_1_338' title='bbox 999 1302 1083 1352; x_wconf 86' lang='lat' dir='ltr'>illaesa</span> <span class='ocrx_word' id='word_1_339' title='bbox 1104 1300 1214 1363; x_wconf 90' lang='lat' dir='ltr'>mansit,</span> <span class='ocrx_word' id='word_1_340' title='bbox 1226 1298 1261 1350; x_wconf 92' lang='lat' dir='ltr'>si·</span> 
     </span>
     <span class='ocr_line' id='line_1_67' title="bbox 733 1371 1260 1439; baseline -0.002 -18"><span class='ocrx_word' id='word_1_341' title='bbox 733 1383 778 1423; x_wconf 91' lang='lat' dir='ltr'>cut</span> <span class='ocrx_word' id='word_1_342' title='bbox 797 1375 820 1424; x_wconf 93' lang='lat' dir='ltr'>si</span> <span class='ocrx_word' id='word_1_343' title='bbox 842 1375 898 1424; x_wconf 93' lang='lat' dir='ltr'>sole</span> <span class='ocrx_word' id='word_1_344' title='bbox 917 1389 997 1439; x_wconf 89' lang='lat' dir='ltr'>super</span> <span class='ocrx_word' id='word_1_345' title='bbox 1010 1374 1115 1423; x_wconf 90' lang='lat' dir='ltr'>lucente</span> <span class='ocrx_word' id='word_1_346' title='bbox 1131 1372 1158 1421; x_wconf 93' lang='lat' dir='ltr'>in</span> <span class='ocrx_word' id='word_1_347' title='bbox 1181 1371 1260 1438; x_wconf 88' lang='lat' dir='ltr'>ligno,</span> 
     </span>
     <span class='ocr_line' id='line_1_68' title="bbox 734 1444 1264 1512; baseline 0 -18"><span class='ocrx_word' id='word_1_348' title='bbox 734 1446 837 1497; x_wconf 91' lang='lat' dir='ltr'>securis</span> <span class='ocrx_word' id='word_1_349' title='bbox 849 1447 953 1512; x_wconf 88' lang='lat' dir='ltr'>lignum</span> <span class='ocrx_word' id='word_1_350' title='bbox 969 1445 1103 1503; x_wconf 90' lang='lat' dir='ltr'>incideret,</span> <span class='ocrx_word' id='word_1_351' title='bbox 1116 1445 1158 1494; x_wconf 91' lang='lat' dir='ltr'>sol</span> <span class='ocrx_word' id='word_1_352' title='bbox 1171 1444 1264 1510; x_wconf 89' lang='lat' dir='ltr'>impas-</span> 
     </span>
     <span class='ocr_line' id='line_1_69' title="bbox 733 1512 1263 1586; baseline -0.004 -18"><span class='ocrx_word' id='word_1_353' title='bbox 733 1519 824 1569; x_wconf 90' lang='lat' dir='ltr'>sibilis</span> <span class='ocrx_word' id='word_1_354' title='bbox 855 1529 1038 1586; x_wconf 89' lang='lat' dir='ltr'>permaneret,</span> <span class='ocrx_word' id='word_1_355' title='bbox 1066 1519 1154 1568; x_wconf 92' lang='lat' dir='ltr'>multo</span> <span class='ocrx_word' id='word_1_356' title='bbox 1181 1512 1263 1583; x_wconf 88' lang='lat' dir='ltr'>rhagis</span> 
     </span>
     <span class='ocr_line' id='line_1_70' title="bbox 733 1589 1263 1654; baseline -0.004 -14"><span class='ocrx_word' id='word_1_357' title='bbox 733 1591 814 1640; x_wconf 91' lang='lat' dir='ltr'>Verbi</span> <span class='ocrx_word' id='word_1_358' title='bbox 838 1591 974 1650; x_wconf 86' lang='lat' dir='ltr'>divinitas,</span> <span class='ocrx_word' id='word_1_359' title='bbox 1001 1589 1152 1640; x_wconf 91' lang='lat' dir='ltr'>secundum</span> <span class='ocrx_word' id='word_1_360' title='bbox 1176 1589 1263 1654; x_wconf 90' lang='lat' dir='ltr'>hypo·</span> 
     </span>
     <span class='ocr_line' id='line_1_71' title="bbox 733 1659 1263 1724; baseline -0.004 -14"><span class='ocrx_word' id='word_1_361' title='bbox 733 1661 826 1711; x_wconf 89' lang='lat' dir='ltr'>stasim</span> <span class='ocrx_word' id='word_1_362' title='bbox 851 1662 924 1711; x_wconf 89' lang='lat' dir='ltr'>carni</span> <span class='ocrx_word' id='word_1_363' title='bbox 946 1661 1031 1719; x_wconf 85' lang='lat' dir='ltr'>unita,</span> <span class='ocrx_word' id='word_1_364' title='bbox 1052 1675 1132 1710; x_wconf 92' lang='lat' dir='ltr'>carne</span> <span class='ocrx_word' id='word_1_365' title='bbox 1148 1659 1263 1724; x_wconf 85' lang='lat' dir='ltr'>patiente</span> 
     </span>
     <span class='ocr_line' id='line_1_72' title="bbox 733 1732 1263 1801; baseline -0.006 -16"><span class='ocrx_word' id='word_1_366' title='bbox 733 1745 870 1801; x_wconf 85' lang='lat' dir='ltr'>permanet</span> <span class='ocrx_word' id='word_1_367' title='bbox 892 1734 1047 1801; x_wconf 88' lang='lat' dir='ltr'>impassibis</span> <span class='ocrx_word' id='word_1_368' title='bbox 1065 1743 1091 1784; x_wconf 93' lang='lat' dir='ltr'>et</span> <span class='ocrx_word' id='word_1_369' title='bbox 1105 1734 1204 1796; x_wconf 86' lang='lat' dir='ltr'>illaesa;</span> <span class='ocrx_word' id='word_1_370' title='bbox 1219 1732 1263 1783; x_wconf 90' lang='lat' dir='ltr'>sed</span> 
     </span>
     <span class='ocr_line' id='line_1_73' title="bbox 733 1803 1265 1873; baseline -0.008 -17"><span class='ocrx_word' id='word_1_371' title='bbox 733 1806 858 1873; x_wconf 91' lang='lat' dir='ltr'>loquitur</span> <span class='ocrx_word' id='word_1_372' title='bbox 872 1807 924 1856; x_wconf 91' lang='lat' dir='ltr'>hoc</span> <span class='ocrx_word' id='word_1_373' title='bbox 939 1804 1102 1864; x_wconf 86' lang='lat' dir='ltr'>humanitas,</span> <span class='ocrx_word' id='word_1_374' title='bbox 1118 1819 1180 1871; x_wconf 86' lang='lat' dir='ltr'>quae</span> <span class='ocrx_word' id='word_1_375' title='bbox 1192 1803 1265 1854; x_wconf 84' lang='lat' dir='ltr'>vide·</span> 
     </span>
     <span class='ocr_line' id='line_1_74' title="bbox 734 1875 1264 1939; baseline -0.008 -10"><span class='ocrx_word' id='word_1_376' title='bbox 734 1880 813 1929; x_wconf 91' lang='lat' dir='ltr'>batur</span> <span class='ocrx_word' id='word_1_377' title='bbox 837 1880 970 1939; x_wconf 89' lang='lat' dir='ltr'>derelicta,</span> <span class='ocrx_word' id='word_1_378' title='bbox 993 1889 1019 1929; x_wconf 89' lang='lat' dir='ltr'>et</span> <span class='ocrx_word' id='word_1_379' title='bbox 1041 1879 1162 1927; x_wconf 88' lang='lat' dir='ltr'>dolorem</span> <span class='ocrx_word' id='word_1_380' title='bbox 1183 1875 1264 1926; x_wconf 91' lang='lat' dir='ltr'>susti-</span> 
     </span>
     <span class='ocr_line' id='line_1_75' title="bbox 733 1948 1265 2015; baseline -0.008 -16"><span class='ocrx_word' id='word_1_381' title='bbox 733 1951 801 2014; x_wconf 84' lang='lat' dir='ltr'>nuit,</span> <span class='ocrx_word' id='word_1_382' title='bbox 816 1949 880 2015; x_wconf 93' lang='lat' dir='ltr'>quia</span> <span class='ocrx_word' id='word_1_383' title='bbox 894 1950 938 1999; x_wconf 91' lang='lat' dir='ltr'>illa</span> <span class='ocrx_word' id='word_1_384' title='bbox 949 1949 1029 1999; x_wconf 91' lang='lat' dir='ltr'>morti</span> <span class='ocrx_word' id='word_1_385' title='bbox 1040 1948 1137 1998; x_wconf 90' lang='lat' dir='ltr'>tradita</span> <span class='ocrx_word' id='word_1_386' title='bbox 1151 1956 1177 1997; x_wconf 89' lang='lat' dir='ltr'>et</span> <span class='ocrx_word' id='word_1_387' title='bbox 1191 1960 1265 2012; x_wconf 87' lang='lat' dir='ltr'>passa</span> 
     </span>
     <span class='ocr_line' id='line_1_76' title="bbox 733 2019 1264 2082; baseline -0.006 -10"><span class='ocrx_word' id='word_1_388' title='bbox 733 2023 793 2074; x_wconf 87' lang='lat' dir='ltr'>fuit.</span> <span class='ocrx_word' id='word_1_389' title='bbox 812 2023 894 2082; x_wconf 88' lang='lat' dir='ltr'>Quasi</span> <span class='ocrx_word' id='word_1_390' title='bbox 915 2023 1038 2072; x_wconf 89' lang='lat' dir='ltr'>diceret:</span> <span class='ocrx_word' id='word_1_391' title='bbox 1058 2022 1136 2070; x_wconf 88' lang='lat' dir='ltr'>Pater</span> <span class='ocrx_word' id='word_1_392' title='bbox 1154 2019 1182 2068; x_wconf 95' lang='lat' dir='ltr'>in</span> <span class='ocrx_word' id='word_1_393' title='bbox 1204 2029 1264 2070; x_wconf 86' lang='lat' dir='ltr'>tan-</span> 
     </span>
     <span class='ocr_line' id='line_1_77' title="bbox 733 2091 1264 2156; baseline -0.008 -13"><span class='ocrx_word' id='word_1_394' title='bbox 733 2104 791 2144; x_wconf 90' lang='lat' dir='ltr'>turn</span> <span class='ocrx_word' id='word_1_395' title='bbox 816 2093 949 2143; x_wconf 91' lang='lat' dir='ltr'>mundum</span> <span class='ocrx_word' id='word_1_396' title='bbox 976 2091 1104 2152; x_wconf 85' lang='lat' dir='ltr'>dilexisti,</span> <span class='ocrx_word' id='word_1_397' title='bbox 1125 2091 1197 2156; x_wconf 93' lang='lat' dir='ltr'>quod</span> <span class='ocrx_word' id='word_1_398' title='bbox 1223 2105 1264 2139; x_wconf 90' lang='lat' dir='ltr'>me</span> 
     </span>
     <span class='ocr_line' id='line_1_78' title="bbox 732 2159 1263 2230; baseline -0.008 -16"><span class='ocrx_word' id='word_1_399' title='bbox 732 2180 782 2228; x_wconf 90' lang='lat' dir='ltr'>pro</span> <span class='ocrx_word' id='word_1_400' title='bbox 803 2164 862 2230; x_wconf 92' lang='lat' dir='ltr'>ipso</span> <span class='ocrx_word' id='word_1_401' title='bbox 888 2163 1030 2222; x_wconf 89' lang='lat' dir='ltr'>tradidisti,</span> <span class='ocrx_word' id='word_1_402' title='bbox 1052 2172 1077 2212; x_wconf 91' lang='lat' dir='ltr'>et</span> <span class='ocrx_word' id='word_1_403' title='bbox 1098 2159 1263 2227; x_wconf 90' lang='lat' dir='ltr'>dereliquisti</span> 
     </span>
     <span class='ocr_line' id='line_1_79' title="bbox 732 2232 1263 2286; baseline -0.009 0"><span class='ocrx_word' id='word_1_404' title='bbox 732 2236 833 2286; x_wconf 86' lang='lat' dir='ltr'>Judaeis</span> <span class='ocrx_word' id='word_1_405' title='bbox 859 2246 885 2285; x_wconf 89' lang='lat' dir='ltr'>et</span> <span class='ocrx_word' id='word_1_406' title='bbox 907 2235 996 2285; x_wconf 88' lang='lat' dir='ltr'>morti.</span> <span class='ocrx_word' id='word_1_407' title='bbox 1025 2233 1164 2284; x_wconf 88' lang='lat' dir='ltr'>Subtraxit</span> <span class='ocrx_word' id='word_1_408' title='bbox 1191 2232 1263 2282; x_wconf 89' lang='lat' dir='ltr'>enim</span> 
     </span>
     <span class='ocr_line' id='line_1_80' title="bbox 735 2306 1265 2374; baseline -0.008 -15"><span class='ocrx_word' id='word_1_409' title='bbox 735 2308 944 2374; x_wconf 90' lang='lat' dir='ltr'>protectionem,</span> <span class='ocrx_word' id='word_1_410' title='bbox 961 2308 1006 2357; x_wconf 90' lang='lat' dir='ltr'>sed</span> <span class='ocrx_word' id='word_1_411' title='bbox 1022 2323 1077 2356; x_wconf 90' lang='lat' dir='ltr'>non</span> <span class='ocrx_word' id='word_1_412' title='bbox 1091 2306 1172 2356; x_wconf 90' lang='lat' dir='ltr'>solvit</span> <span class='ocrx_word' id='word_1_413' title='bbox 1183 2306 1265 2356; x_wconf 92' lang='lat' dir='ltr'>unio-</span> 
     </span>
     <span class='ocr_line' id='line_1_81' title="bbox 737 2376 1264 2442; baseline -0.006 -14"><span class='ocrx_word' id='word_1_414' title='bbox 737 2395 807 2428; x_wconf 90' lang='lat' dir='ltr'>nem.</span> <span class='ocrx_word' id='word_1_415' title='bbox 825 2379 881 2428; x_wconf 89' lang='lat' dir='ltr'>Hoc</span> <span class='ocrx_word' id='word_1_416' title='bbox 894 2377 974 2428; x_wconf 87' lang='lat' dir='ltr'>etiam</span> <span class='ocrx_word' id='word_1_417' title='bbox 991 2377 1068 2437; x_wconf 90' lang='lat' dir='ltr'>dixit,</span> <span class='ocrx_word' id='word_1_418' title='bbox 1083 2386 1114 2426; x_wconf 91' lang='lat' dir='ltr'>ut</span> <span class='ocrx_word' id='word_1_419' title='bbox 1125 2376 1264 2442; x_wconf 89' lang='lat' dir='ltr'>magnitu-</span> 
     </span>
     <span class='ocr_line' id='line_1_82' title="bbox 733 2446 1265 2514; baseline -0.011 -14"><span class='ocrx_word' id='word_1_420' title='bbox 733 2451 825 2500; x_wconf 89' lang='lat' dir='ltr'>dinem</span> <span class='ocrx_word' id='word_1_421' title='bbox 853 2464 909 2499; x_wconf 88' lang='lat' dir='ltr'>suae</span> <span class='ocrx_word' id='word_1_422' title='bbox 936 2463 1020 2514; x_wconf 80' lang='lat' dir='ltr'>poenae</span> <span class='ocrx_word' id='word_1_423' title='bbox 1045 2448 1206 2498; x_wconf 89' lang='lat' dir='ltr'>ostenderet.</span> <span class='ocrx_word' id='word_1_424' title='bbox 1230 2446 1265 2495; x_wconf 90' lang='lat' dir='ltr'>lta</span> 
     </span>
     <span class='ocr_line' id='line_1_83' title="bbox 733 2517 1265 2587; baseline -0.011 -16"><span class='ocrx_word' id='word_1_425' title='bbox 733 2521 810 2571; x_wconf 90' lang='lat' dir='ltr'>enim</span> <span class='ocrx_word' id='word_1_426' title='bbox 831 2520 945 2587; x_wconf 88' lang='lat' dir='ltr'>graviter</span> <span class='ocrx_word' id='word_1_427' title='bbox 973 2519 1087 2579; x_wconf 91' lang='lat' dir='ltr'>dolebat,</span> <span class='ocrx_word' id='word_1_428' title='bbox 1111 2517 1185 2568; x_wconf 90' lang='lat' dir='ltr'>acsi</span> <span class='ocrx_word' id='word_1_429' title='bbox 1212 2531 1265 2567; x_wconf 92' lang='lat' dir='ltr'>non</span> 
     </span>
     <span class='ocr_line' id='line_1_84' title="bbox 734 2588 1265 2651; baseline -0.008 -9"><span class='ocrx_word' id='word_1_430' title='bbox 734 2593 781 2642; x_wconf 92' lang='lat' dir='ltr'>Dei</span> <span class='ocrx_word' id='word_1_431' title='bbox 800 2592 896 2651; x_wconf 87' lang='lat' dir='ltr'>Filius,</span> <span class='ocrx_word' id='word_1_432' title='bbox 921 2592 966 2641; x_wconf 91' lang='lat' dir='ltr'>sed</span> <span class='ocrx_word' id='word_1_433' title='bbox 989 2590 1115 2639; x_wconf 90' lang='lat' dir='ltr'>inimicus</span> <span class='ocrx_word' id='word_1_434' title='bbox 1132 2598 1212 2639; x_wconf 88' lang='lat' dir='ltr'>esset.</span> <span class='ocrx_word' id='word_1_435' title='bbox 1234 2588 1265 2638; x_wconf 85' lang='lat' dir='ltr'>Et</span> 
     </span>
     <span class='ocr_line' id='line_1_85' title="bbox 734 2659 1265 2729; baseline -0.006 -17"><span class='ocrx_word' id='word_1_436' title='bbox 734 2664 794 2714; x_wconf 90' lang='lat' dir='ltr'>ideo</span> <span class='ocrx_word' id='word_1_437' title='bbox 813 2665 923 2729; x_wconf 91' lang='lat' dir='ltr'>penitus</span> <span class='ocrx_word' id='word_1_438' title='bbox 938 2663 1078 2713; x_wconf 88' lang='lat' dir='ltr'>videbatur</span> <span class='ocrx_word' id='word_1_439' title='bbox 1094 2659 1265 2710; x_wconf 87' lang='lat' dir='ltr'>derelictusa</span> 
     </span>
     <span class='ocr_line' id='line_1_86' title="bbox 734 2733 1265 2800; baseline -0.006 -15"><span class='ocrx_word' id='word_1_440' title='bbox 734 2737 799 2796; x_wconf 90' lang='lat' dir='ltr'>Deo,</span> <span class='ocrx_word' id='word_1_441' title='bbox 819 2737 925 2785; x_wconf 88' lang='lat' dir='ltr'>nullum</span> <span class='ocrx_word' id='word_1_442' title='bbox 946 2733 1116 2800; x_wconf 82' lang='lat' dir='ltr'>refrigerium</span> <span class='ocrx_word' id='word_1_443' title='bbox 1134 2733 1175 2783; x_wconf 89' lang='lat' dir='ltr'>vel</span> <span class='ocrx_word' id='word_1_444' title='bbox 1190 2733 1265 2798; x_wconf 81' lang='lat' dir='ltr'>juva·</span> 
     </span>
     <span class='ocr_line' id='line_1_87' title="bbox 734 2806 1264 2873; baseline -0.004 -17"><span class='ocrx_word' id='word_1_445' title='bbox 734 2823 796 2857; x_wconf 91' lang='lat' dir='ltr'>men</span> <span class='ocrx_word' id='word_1_446' title='bbox 824 2808 956 2873; x_wconf 87' lang='lat' dir='ltr'>recipiens</span> <span class='ocrx_word' id='word_1_447' title='bbox 983 2808 1017 2857; x_wconf 90' lang='lat' dir='ltr'>ab</span> <span class='ocrx_word' id='word_1_448' title='bbox 1038 2823 1077 2856; x_wconf 87' lang='lat' dir='ltr'>eo.</span> <span class='ocrx_word' id='word_1_449' title='bbox 1101 2806 1264 2856; x_wconf 89' lang='lat' dir='ltr'>Derelicturn</span> 
     </span>
     <span class='ocr_line' id='line_1_88' title="bbox 733 2876 1265 2945; baseline -0.002 -17"><span class='ocrx_word' id='word_1_450' title='bbox 733 2894 796 2945; x_wconf 87' lang='lat' dir='ltr'>ergo</span> <span class='ocrx_word' id='word_1_451' title='bbox 823 2894 851 2930; x_wconf 90' lang='lat' dir='ltr'>se</span> <span class='ocrx_word' id='word_1_452' title='bbox 880 2880 985 2941; x_wconf 91' lang='lat' dir='ltr'>clamat,</span> <span class='ocrx_word' id='word_1_453' title='bbox 1012 2879 1077 2945; x_wconf 93' lang='lat' dir='ltr'>quia</span> <span class='ocrx_word' id='word_1_454' title='bbox 1100 2879 1162 2928; x_wconf 90' lang='lat' dir='ltr'>licet</span> <span class='ocrx_word' id='word_1_455' title='bbox 1188 2876 1265 2928; x_wconf 89' lang='lat' dir='ltr'>multi</span> 
     </span>
    </p>
   </div>
   <div class='ocr_carea' id='block_1_6' title="bbox 722 2944 1264 3016">
    <p class='ocr_par' dir='ltr' id='par_1_7' title="bbox 722 2944 1264 3016">
     <span class='ocr_line' id='line_1_89' title="bbox 722 2944 1264 3016; baseline 0 -18"><span class='ocrx_word' id='word_1_456' title='bbox 722 2944 820 2999; x_wconf 86' lang='lat' dir='ltr'>&#39;multa</span> <span class='ocrx_word' id='word_1_457' title='bbox 846 2961 955 3016; x_wconf 89' lang='lat' dir='ltr'>propter</span> <span class='ocrx_word' id='word_1_458' title='bbox 979 2952 1066 3000; x_wconf 90' lang='lat' dir='ltr'>Deum</span> <span class='ocrx_word' id='word_1_459' title='bbox 1094 2949 1165 3015; x_wconf 92' lang='lat' dir='ltr'>passi</span> <span class='ocrx_word' id='word_1_460' title='bbox 1193 2948 1264 3007; x_wconf 92' lang='lat' dir='ltr'>sint,</span> 
     </span>
    </p>
   </div>
   <div class='ocr_carea' id='block_1_7' title="bbox 732 3021 1266 3945">
    <p class='ocr_par' dir='ltr' id='par_1_8' title="bbox 732 3021 1266 3945">
     <span class='ocr_line' id='line_1_90' title="bbox 733 3021 1266 3086; baseline 0 -17"><span class='ocrx_word' id='word_1_461' title='bbox 733 3021 862 3071; x_wconf 89' lang='lat' dir='ltr'>omnibus</span> <span class='ocrx_word' id='word_1_462' title='bbox 880 3031 970 3071; x_wconf 90' lang='lat' dir='ltr'>tamen</span> <span class='ocrx_word' id='word_1_463' title='bbox 994 3023 1065 3071; x_wconf 90' lang='lat' dir='ltr'>Deus</span> <span class='ocrx_word' id='word_1_464' title='bbox 1079 3021 1184 3086; x_wconf 90' lang='lat' dir='ltr'>aliquid</span> <span class='ocrx_word' id='word_1_465' title='bbox 1200 3036 1266 3070; x_wconf 91' lang='lat' dir='ltr'>con·</span> 
     </span>
     <span class='ocr_line' id='line_1_91' title="bbox 733 3091 1265 3158; baseline -0.006 -16"><span class='ocrx_word' id='word_1_466' title='bbox 733 3091 882 3155; x_wconf 76' lang='lat' dir='ltr'>solutionis,</span> <span class='ocrx_word' id='word_1_467' title='bbox 898 3103 923 3142; x_wconf 89' lang='lat' dir='ltr'>et</span> <span class='ocrx_word' id='word_1_468' title='bbox 932 3091 1063 3158; x_wconf 85' lang='lat' dir='ltr'>refrigerii</span> <span class='ocrx_word' id='word_1_469' title='bbox 1080 3091 1265 3152; x_wconf 60' lang='lat' dir='ltr'>ministrabam</span> 
     </span>
     <span class='ocr_line' id='line_1_92' title="bbox 737 3162 1265 3213; baseline -0.002 -1"><span class='ocrx_word' id='word_1_470' title='bbox 737 3163 876 3213; x_wconf 88' lang='lat' dir='ltr'>Christum</span> <span class='ocrx_word' id='word_1_471' title='bbox 889 3179 951 3213; x_wconf 88' lang='lat' dir='ltr'>vcro</span> <span class='ocrx_word' id='word_1_472' title='bbox 966 3163 1083 3213; x_wconf 85' lang='lat' dir='ltr'>totaliter</span> <span class='ocrx_word' id='word_1_473' title='bbox 1096 3162 1184 3212; x_wconf 91' lang='lat' dir='ltr'>dolori</span> <span class='ocrx_word' id='word_1_474' title='bbox 1199 3163 1265 3213; x_wconf 86' lang='lat' dir='ltr'>sub-</span> 
     </span>
     <span class='ocr_line' id='line_1_93' title="bbox 732 3234 1265 3301; baseline 0 -17"><span class='ocrx_word' id='word_1_475' title='bbox 732 3235 837 3299; x_wconf 77' lang='lat' dir='ltr'>iecerat,</span> <span class='ocrx_word' id='word_1_476' title='bbox 857 3244 887 3285; x_wconf 93' lang='lat' dir='ltr'>ut</span> <span class='ocrx_word' id='word_1_477' title='bbox 907 3234 1008 3285; x_wconf 89' lang='lat' dir='ltr'>doleret</span> <span class='ocrx_word' id='word_1_478' title='bbox 1028 3244 1162 3301; x_wconf 84' lang='lat' dir='ltr'>quantum</span> <span class='ocrx_word' id='word_1_479' title='bbox 1177 3235 1265 3286; x_wconf 91' lang='lat' dir='ltr'>dolere</span> 
     </span>
     <span class='ocr_line' id='line_1_94' title="bbox 733 3306 1265 3374; baseline -0.002 -17"><span class='ocrx_word' id='word_1_480' title='bbox 733 3317 843 3372; x_wconf 88' lang='lat' dir='ltr'>poterat.</span> <span class='ocrx_word' id='word_1_481' title='bbox 867 3308 945 3357; x_wconf 92' lang='lat' dir='ltr'>Unde</span> <span class='ocrx_word' id='word_1_482' title='bbox 969 3323 1022 3357; x_wconf 92' lang='lat' dir='ltr'>non</span> <span class='ocrx_word' id='word_1_483' title='bbox 1044 3317 1083 3358; x_wconf 87' lang='lat' dir='ltr'>cst</span> <span class='ocrx_word' id='word_1_484' title='bbox 1108 3306 1265 3374; x_wconf 82' lang='lat' dir='ltr'>intelligen-</span> 
     </span>
     <span class='ocr_line' id='line_1_95' title="bbox 733 3380 1264 3446; baseline 0 -16"><span class='ocrx_word' id='word_1_485' title='bbox 733 3383 807 3442; x_wconf 89' lang='lat' dir='ltr'>dum,</span> <span class='ocrx_word' id='word_1_486' title='bbox 819 3381 892 3446; x_wconf 91' lang='lat' dir='ltr'>quod</span> <span class='ocrx_word' id='word_1_487' title='bbox 906 3380 1054 3431; x_wconf 83' lang='lat' dir='ltr'>divinitatis</span> <span class='ocrx_word' id='word_1_488' title='bbox 1066 3381 1264 3432; x_wconf 89' lang='lat' dir='ltr'>humanitatem</span> 
     </span>
     <span class='ocr_line' id='line_1_96' title="bbox 733 3451 1265 3517; baseline 0.006 -17"><span class='ocrx_word' id='word_1_489' title='bbox 733 3451 887 3510; x_wconf 88' lang='lat' dir='ltr'>deseruerit,</span> <span class='ocrx_word' id='word_1_490' title='bbox 909 3453 950 3501; x_wconf 92' lang='lat' dir='ltr'>vel</span> <span class='ocrx_word' id='word_1_491' title='bbox 971 3453 1003 3502; x_wconf 90' lang='lat' dir='ltr'>ab</span> <span class='ocrx_word' id='word_1_492' title='bbox 1019 3467 1048 3502; x_wconf 89' lang='lat' dir='ltr'>ea</span> <span class='ocrx_word' id='word_1_493' title='bbox 1063 3463 1185 3517; x_wconf 88' lang='lat' dir='ltr'>separata</span> <span class='ocrx_word' id='word_1_494' title='bbox 1205 3451 1265 3503; x_wconf 88' lang='lat' dir='ltr'>fue-</span> 
     </span>
     <span class='ocr_line' id='line_1_97' title="bbox 733 3522 1264 3588; baseline 0.002 -17"><span class='ocrx_word' id='word_1_495' title='bbox 733 3522 785 3586; x_wconf 89' lang='lat' dir='ltr'>rit;</span> <span class='ocrx_word' id='word_1_496' title='bbox 813 3523 899 3571; x_wconf 86' lang='lat' dir='ltr'>Deum</span> <span class='ocrx_word' id='word_1_497' title='bbox 919 3522 1003 3581; x_wconf 88' lang='lat' dir='ltr'>enirn,</span> <span class='ocrx_word' id='word_1_498' title='bbox 1020 3538 1101 3588; x_wconf 88' lang='lat' dir='ltr'>quem</span> <span class='ocrx_word' id='word_1_499' title='bbox 1116 3523 1264 3581; x_wconf 87' lang='lat' dir='ltr'>invocabat,</span> 
     </span>
     <span class='ocr_line' id='line_1_98' title="bbox 733 3592 1264 3658; baseline 0.002 -15"><span class='ocrx_word' id='word_1_500' title='bbox 733 3592 946 3658; x_wconf 88' lang='lat' dir='ltr'>inseparabiliter</span> <span class='ocrx_word' id='word_1_501' title='bbox 965 3607 1070 3657; x_wconf 89' lang='lat' dir='ltr'>semper</span> <span class='ocrx_word' id='word_1_502' title='bbox 1095 3609 1188 3644; x_wconf 91' lang='lat' dir='ltr'>secum</span> <span class='ocrx_word' id='word_1_503' title='bbox 1214 3594 1264 3644; x_wconf 87' lang='lat' dir='ltr'>ha·</span> 
     </span>
     <span class='ocr_line' id='line_1_99' title="bbox 733 3663 1266 3729; baseline 0 -16"><span class='ocrx_word' id='word_1_504' title='bbox 733 3664 831 3725; x_wconf 88' lang='lat' dir='ltr'>bebat,</span> <span class='ocrx_word' id='word_1_505' title='bbox 863 3663 927 3728; x_wconf 89' lang='lat' dir='ltr'>quia</span> <span class='ocrx_word' id='word_1_506' title='bbox 957 3678 1098 3729; x_wconf 91' lang='lat' dir='ltr'>nunquam</span> <span class='ocrx_word' id='word_1_507' title='bbox 1125 3664 1266 3715; x_wconf 85' lang='lat' dir='ltr'>desinebat</span> 
     </span>
     <span class='ocr_line' id='line_1_100' title="bbox 733 3736 1266 3802; baseline 0 -16"><span class='ocrx_word' id='word_1_508' title='bbox 733 3752 791 3787; x_wconf 92' lang='lat' dir='ltr'>esse</span> <span class='ocrx_word' id='word_1_509' title='bbox 818 3737 899 3797; x_wconf 90' lang='lat' dir='ltr'>Deus,</span> <span class='ocrx_word' id='word_1_510' title='bbox 927 3736 983 3786; x_wconf 83' lang='lat' dir='ltr'>sive</span> <span class='ocrx_word' id='word_1_511' title='bbox 1008 3736 1098 3787; x_wconf 90' lang='lat' dir='ltr'>anima</span> <span class='ocrx_word' id='word_1_512' title='bbox 1124 3737 1266 3802; x_wconf 85' lang='lat' dir='ltr'>conjuncta</span> 
     </span>
     <span class='ocr_line' id='line_1_101' title="bbox 734 3807 1264 3872; baseline 0 -14"><span class='ocrx_word' id='word_1_513' title='bbox 734 3807 848 3872; x_wconf 87' lang='lat' dir='ltr'>corpori,</span> <span class='ocrx_word' id='word_1_514' title='bbox 859 3807 914 3857; x_wconf 88' lang='lat' dir='ltr'>sive</span> <span class='ocrx_word' id='word_1_515' title='bbox 928 3817 1066 3872; x_wconf 89' lang='lat' dir='ltr'>separata:</span> <span class='ocrx_word' id='word_1_516' title='bbox 1084 3823 1146 3858; x_wconf 85' lang='lat' dir='ltr'>nam</span> <span class='ocrx_word' id='word_1_517' title='bbox 1161 3818 1188 3858; x_wconf 92' lang='lat' dir='ltr'>et</span> <span class='ocrx_word' id='word_1_518' title='bbox 1200 3819 1264 3858; x_wconf 90' lang='lat' dir='ltr'>tunc</span> 
     </span>
     <span class='ocr_line' id='line_1_102' title="bbox 733 3877 1264 3945; baseline 0.002 -17"><span class='ocrx_word' id='word_1_519' title='bbox 733 3877 822 3928; x_wconf 87' lang='lat' dir='ltr'>anima</span> <span class='ocrx_word' id='word_1_520' title='bbox 845 3877 890 3927; x_wconf 91' lang='lat' dir='ltr'>illa</span> <span class='ocrx_word' id='word_1_521' title='bbox 915 3887 969 3926; x_wconf 90' lang='lat' dir='ltr'>erat</span> <span class='ocrx_word' id='word_1_522' title='bbox 998 3878 1083 3939; x_wconf 91' lang='lat' dir='ltr'>Deus,</span> <span class='ocrx_word' id='word_1_523' title='bbox 1111 3889 1138 3929; x_wconf 91' lang='lat' dir='ltr'>et</span> <span class='ocrx_word' id='word_1_524' title='bbox 1165 3893 1264 3945; x_wconf 88' lang='lat' dir='ltr'>corpus</span> 
     </span>
    </p>
   </div>
   <div class='ocr_carea' id='block_1_8' title="bbox 0 0 1319 4328">
    <p class='ocr_par' dir='ltr' id='par_1_9' title="bbox 0 0 1319 4328">
     <span class='ocr_line' id='line_1_103' title="bbox 0 0 1319 4328; baseline 0 0"><span class='ocrx_word' id='word_1_525' title='bbox 0 0 1319 4328; x_wconf 95' lang='lat' dir='ltr'> </span> 
     </span>
    </p>
   </div>
  </div>
 </body>
</html>
