2626 4328
328 350 375 400 DE
391 344 594 411 MATUTINIS,
612 349 648 400 IN
668 349 835 402 PASSIONE
849 349 986 401 DOMINI.

97 477 195 514 omnes
208 464 290 514 coelos
308 464 437 530 adimplet
446 463 548 525 laetitia,
563 477 638 530 quem

97 537 280 601 deprecantur
303 552 393 588 omnes
422 537 519 588 diuites
539 537 636 602 plebis,

96 607 212 674 pollutis
228 608 308 658 labiis
327 619 353 659 et
369 608 456 674 sputis
471 608 636 675 inquinave-

96 688 171 736 runt,
203 678 339 744 sacrilegis
368 678 496 729 manibus
523 678 638 729 caecide-

97 758 172 808 runt,
196 748 256 798 velo
281 758 447 814 operuerunt
469 748 498 800 in
521 748 637 799 derisio-

99 836 178 883 nem;
206 831 232 871 et
267 831 293 875 te
323 822 472 872 Dominum
502 822 636 872 universae

96 899 233 951 creaturae,
249 900 376 957 tanquam
392 907 500 942 servum
518 902 636 943 contem-

98 960 227 1027 ptibilem
242 962 486 1027 colaphizaverunt.
503 982 517 1011 u
532 963 593 1024 Sed,
606 971 638 1013 ut

98 1033 139 1082 ait
151 1033 239 1096 Beda,
252 1033 311 1099 ipso
333 1034 505 1100 dispensante
523 1034 570 1102 qui
586 1050 636 1101 pa-

98 1103 178 1163 titur,
195 1103 286 1154 omnia
310 1121 357 1170 pro
382 1105 463 1155 nobis
489 1115 571 1168 sunt;
595 1115 635 1166 ut,

99 1172 174 1222 sicut
196 1173 291 1224 Petrus
320 1174 443 1225 hortatur
466 1175 577 1226 Christo
607 1175 635 1225 in

98 1260 181 1296 carne
197 1261 284 1311 passo,
301 1262 351 1297 nos
364 1248 457 1298 eadem
472 1247 637 1314 cogitatione

99 1332 249 1379 armemur,
272 1329 352 1386 atque
371 1320 403 1369 ad
423 1320 561 1371 toleranda
587 1335 635 1386 pro

100 1389 215 1439 nomine
236 1390 294 1455 ejus
314 1390 473 1440 irrisionum
490 1391 637 1456 opprobria

99 1475 295 1525 praeparemur.
320 1461 406 1511 Judaei
430 1461 476 1528 qui
495 1460 635 1512 Christum

98 1530 268 1590 deluserunt,
290 1531 356 1580 olim
380 1532 409 1581 in
432 1531 576 1582 Philistaeis
590 1532 637 1582 ho·

99 1599 191 1651 stibus
217 1602 355 1652 samsonis
388 1602 551 1669 praefigurati
574 1603 636 1653 fue-

102 1683 176 1724 runt.
202 1674 317 1725 Samson
342 1675 416 1725 enim
441 1677 556 1742 quadam
580 1677 637 1727 vice

91 1744 256 1795 'voluntarie
294 1761 323 1795 se
351 1746 428 1811 ligari
457 1746 528 1805 fecit,
554 1761 636 1813 quem

90 1813 235 1867 ‚Philistaei
258 1826 365 1881 captum
389 1827 595 1879 excaecaverunt,
610 1826 637 1868 et

101 1887 127 1936 ei
143 1887 289 1938 illudentes
310 1888 339 1938 in
363 1889 528 1940 derisionem
544 1889 636 1955 ipsum

101 1957 269 2022 habuemnt;
295 1960 334 2010 sic
361 1961 487 2011 Christus
512 1972 637 2027 spontea

99 2029 205 2080 Judaeis
230 2030 317 2096 ligari,
337 2031 429 2090 velari,
451 2031 528 2081 illudi
549 2032 637 2083 voluit

99 2109 127 2150 et
152 2099 278 2150 derideri.
305 2101 428 2160 Quadam
452 2111 543 2152 autem
569 2103 636 2166 vice,

100 2172 168 2221 dum
178 2173 302 2242 Samsoni
327 2173 434 2239 placuit,
461 2184 525 2224 tnnc
549 2190 579 2224 se
603 2175 636 2226 de

102 2243 226 2295 inimicis
240 2244 408 2295 horribiliter
420 2246 581 2310 vindicavit;
595 2247 634 2297 sic

100 2315 131 2365 in
145 2315 199 2365 fine
213 2316 365 2366 seculorum
379 2316 414 2367 de
429 2316 548 2367 inimicis
560 2317 638 2368 Chri-

100 2385 137 2436 sti
153 2385 213 2445 erit,
238 2386 374 2452 cumipse
402 2386 431 2436 in
453 2388 589 2452 majestate
612 2396 638 2438 et

101 2466 234 2523 potestate
249 2459 281 2507 ad
297 2458 426 2522 judicium
440 2459 551 2510 venerit.
566 2460 638 2509 Con-

101 2527 175 2594 spice
187 2528 271 2595 igitur
284 2529 375 2578 Iesum
389 2543 444 2594 prae
458 2530 562 2580 cunctis
579 2545 638 2580 me-

103 2600 156 2649 rito
173 2600 373 2659 honorandum,
388 2599 499 2666 indigne
513 2611 539 2651 et
551 2601 639 2651 viliter

100 2670 226 2733 tractari;
257 2681 283 2720 et
308 2686 371 2720 eum
405 2670 537 2721 imitando
565 2671 638 2722 disce

100 2740 254 2801 humiliari,
265 2741 433 2806 gratiamque
445 2741 558 2792 honoris
567 2757 639 2806 sper-

102 2827 176 2876 nere,
201 2822 227 2862 et
263 2814 370 2862 laudem
397 2813 508 2863 humani
539 2813 638 2864 favoris

101 2891 286 2933 contemnere.
309 2884 378 2934 Cum
393 2899 456 2949 ergo
472 2884 555 2935 homo
572 2883 638 2934 foris

102 2956 200 3006 videns
222 2966 327 3021 reputat
354 2966 380 3005 te
402 2957 484 3006 vilem
505 2957 533 3006 in
553 2956 638 3006 oculis

103 3027 171 3086 suis,
197 3035 227 3076 tu
250 3025 333 3075 vilem
357 3037 383 3076 te
398 3036 492 3092 reputa
507 3026 536 3076 in
552 3025 638 3077 oculis

103 3096 170 3159 Dei,
193 3111 243 3146 uec
259 3111 413 3146 murmures
427 3097 469 3147 vel
490 3095 640 3162 indigneris

102 3167 127 3217 si
142 3182 235 3227 coram
249 3167 408 3217 hominibus
422 3167 484 3218 vilis
496 3167 639 3232 reputaris,

103 3237 151 3287 sed
166 3237 253 3302 magis
266 3236 295 3286 in
307 3236 393 3287 oculis
406 3237 465 3296 Dei,
478 3236 525 3302 qui
547 3236 640 3286 omnia

104 3306 180 3356 novit
194 3306 307 3366 occulta,
319 3305 500 3358 confundaris.
523 3306 560 3356 Et
578 3321 640 3357 cave

106 3391 141 3427 ne
174 3377 311 3427 malorum
334 3379 458 3443 exemplo
483 3387 637 3443 corruptus,

104 3447 255 3498 Dominum
275 3449 366 3513 potius
386 3449 521 3500 exhortari
547 3449 639 3500 videa-

104 3518 153 3577 ris,
168 3533 252 3584 quam
273 3519 392 3580 imitari,
410 3519 457 3585 qui
480 3518 554 3570 enim
577 3528 640 3570 tunc

105 3591 266 3643 exhortatus
281 3602 321 3642 est
339 3592 516 3657 blasphemiIs
529 3593 640 3644 ludaeo-

105 3677 166 3712 rum
186 3671 212 3712 et
227 3661 387 3725 infidelium,
403 3662 485 3712 etiam
503 3679 576 3714 nunc
590 3679 638 3714 ex-

105 3732 232 3782 hortatur
251 3733 357 3784 vesanis
380 3734 534 3799 opprobriis
558 3735 641 3785 falso·

106 3816 169 3852 rum
205 3802 435 3868 Christianorum,
465 3815 491 3854 et
530 3805 642 3855 nomine

108 3885 189 3926 tenus
220 3874 353 3937 fidelium,
387 3887 468 3943 prout
506 3893 588 3944 supra
613 3878 642 3928 in

108 3948 229 3999 articulis
251 3948 411 4001 illusionum
425 3951 583 4016 hujusmodi
599 3961 640 4003 est

1172 349 1225 417 507

694 471 802 513 tactum.
823 462 921 530 Cogita
943 462 1023 514 etiam
1041 464 1158 531 qualiter
1172 465 1226 516 do·

693 534 782 584 lebant
797 535 890 585 Petrus
902 544 928 584 et
944 535 1069 594 Ioannes,
1088 536 1146 586 haec
1161 551 1226 602 per·

690 605 830 670 cipientes,
843 607 885 656 vel
898 605 967 657 forte
981 607 1113 657 videntes.

726 693 756 744 17
772 679 893 730 Nnonrm
915 679 996 730 ratim
1021 682 1112 732 Parni.
1128 681 1224 732 -Sed

690 757 781 799 tamen
804 749 837 799 de
853 750 932 801 Petro
949 750 1049 801 dicitur
1076 750 1149 816 quod
1171 750 1224 815 jam

690 831 800 886 torpens
819 821 918 888 frigore
945 822 1120 883 infidelitatis,
1145 823 1225 875 sedet

690 891 854 958 calefacIens
885 908 914 944 se
935 894 1062 958 exterius,
1086 895 1129 944 cui
1153 895 1226 944 calor

689 962 807 1013 caritatis
820 973 846 1014 et
854 979 933 1014 verus
948 964 1019 1030 ignis
1032 964 1225 1030 exstingueba-

690 1042 734 1081 tur
747 1031 877 1098 interius3
892 1044 917 1083 et
930 1044 1009 1100 negat
1019 1044 1059 1085 ter
1072 1034 1224 1085 Dominum

690 1117 780 1162 suum,
795 1102 891 1153 timore
908 1104 1072 1168 perterritus.
1097 1105 1151 1155 Nec
1167 1103 1224 1154 mi-

690 1188 751 1222 rum
766 1172 788 1222 si
802 1173 901 1223 accedit
915 1174 947 1224 ad
962 1190 1024 1224 eum
1039 1175 1161 1235 tentatio,
1174 1174 1223 1242 qui

690 1260 718 1294 se
733 1246 840 1311 elongat
852 1261 866 1296 a
877 1245 995 1296 Christo.
1009 1247 1100 1297 Primo
1111 1248 1223 1313 quidem

689 1314 715 1364 in
727 1314 800 1364 atrio
815 1315 848 1364 ab
868 1315 965 1365 ancilla
979 1315 1088 1365 ostiaria
1102 1317 1224 1381 compel-
1246 1363 1247 1366 ,

689 1387 769 1446 latur,
786 1396 812 1436 et
836 1397 924 1453 negat.
944 1388 1021 1438 Unde
1047 1388 1224 1454 Gregorius:

695 1477 708 1504 a
737 1458 826 1509 Unius
851 1460 955 1511 ancillae
981 1477 1045 1511 voce
1068 1475 1223 1526 percussus,

690 1529 755 1578 dum
778 1541 892 1580 mortem
914 1531 1014 1591 timuit,
1038 1532 1120 1582 vitam
1140 1547 1225 1598 nega-

690 1600 740 1650 vit.
758 1620 772 1648 n
785 1601 836 1652 Sed
853 1617 900 1652 cur
916 1603 949 1653 ab
963 1603 1060 1654 ancilla
1073 1603 1148 1668 prius
1164 1618 1226 1668 pro·

689 1671 768 1721 datur
796 1671 897 1732 Petrus,
919 1687 1000 1739 quam
1022 1687 1037 1722 a
1055 1672 1138 1722 viris?
1164 1671 1225 1723 Una

690 1741 757 1790 ratio
771 1743 858 1792 estad
872 1741 1082 1792 confutationem
1096 1758 1224 1808 praesum·

689 1813 792 1878 ptionis
806 1831 812 1863 :
828 1814 892 1880 quia
909 1829 925 1864 a
939 1815 1060 1877 muliere,
1077 1830 1131 1864 non
1150 1830 1165 1865 a
1179 1814 1224 1864 vi-

690 1899 735 1945 ro;
751 1885 785 1945 ab
799 1884 908 1944 ancilla,
924 1901 979 1935 non
1000 1900 1014 1935 a
1035 1885 1120 1935 libera
1132 1885 1222 1950 primo

689 1953 775 2004 victus
797 1964 847 2005 est.
873 1956 994 2006 Secunda
1022 1955 1089 2006 ratio
1112 1967 1161 2015 est,
1193 1965 1225 2006 ut

690 2026 844 2076 ostendatur
864 2027 954 2077 omnis
969 2044 1048 2078 sexus
1062 2037 1087 2078 et
1105 2027 1225 2078 conditio

690 2097 719 2146 in
734 2098 845 2148 Domini
860 2114 985 2164 peccasse
1000 2116 1072 2159 nece,
1088 2111 1114 2151 et
1126 2098 1223 2151 redimi

691 2183 737 2233 per
762 2169 819 2232 ejus
847 2170 1012 2220 Passionem.
1037 2171 1139 2221 Deinde
1163 2178 1225 2236 post
1256 2192 1257 2196 ¹

690 2239 870 2304 negationem,
900 2240 1000 2290 timens
1033 2242 1126 2290 Petrus
1156 2241 1226 2290 inter

690 2312 796 2362 Judaeos
809 2312 856 2362 diu
877 2322 953 2374 stare,
967 2314 1054 2363 exivit
1056 2313 1149 2378 sorar,
1162 2319 1225 2365 ante

690 2385 799 2447 atrium,
814 2392 841 2436 et
861 2386 955 2451 gallus
971 2387 1098 2437 cantavit.
1114 2388 1226 2438 Exeun-

690 2458 725 2506 do
740 2467 830 2507 autem
846 2457 914 2507 vidit
929 2472 987 2508 eum
1002 2459 1058 2509 alia
1069 2460 1186 2522 ancilla5
1200 2467 1227 2511 et

691 2527 756 2576 dum
769 2527 858 2578 adhuc
871 2527 938 2579 foris
954 2540 1024 2580 esset
1038 2530 1112 2580 dixit
1125 2531 1167 2580 his
1179 2531 1225 2596 qui

691 2604 770 2648 erant
791 2599 828 2649 ibt'
851 2615 880 2650 se
905 2599 1087 2651 calefacientes
1105 2603 1167 2652 :Et
1184 2601 1227 2653 hic

691 2686 749 2721 cum
760 2672 827 2723 Jesu
841 2679 910 2723 erat.
928 2675 978 2724 Sed
995 2685 1138 2740 postquam
1164 2675 1227 2725 red-

692 2743 732 2803 iit,
758 2746 830 2810 quod
854 2746 955 2797 dictum
978 2748 1168 2807 fuerat,=unus
1194 2746 1227 2797 de

691 2815 935 2877 circumstantibus,
955 2819 1103 2868 secundum
1117 2819 1226 2877 Lucam,

691 2888 737 2936 sed
756 2889 847 2953 plures
861 2889 894 2939 de
909 2889 958 2947 eis,
975 2891 1123 2939 secundum
1140 2889 1227 2938 Ioan-

692 2973 764 3016 nem,
781 2958 806 3007 ei
821 2957 893 3006 idem
905 2958 1039 3017 dixerunt,
1056 2958 1094 3006 Et
1115 2958 1227 3022 negavit

692 3041 750 3077 cum
764 3027 929 3094 juramento.
952 3029 1017 3078 Ecce
1032 3036 1226 3093 argumentum

692 3099 765 3163 quod
783 3113 815 3148 ex
831 3114 886 3148 uno
902 3109 1007 3163 peccato
1029 3099 1111 3149 homo
1130 3099 1185 3150 ruit
1198 3099 1226 3150 in

692 3169 764 3219 aliud
794 3169 909 3235 gravius.
944 3170 1022 3222 Unde
1052 3172 1182 3222 Rabanus
1218 3190 1226 3223 :

692 3241 797 3291 «Mora
817 3240 846 3290 in
863 3251 979 3306 peccato,
1006 3243 1051 3293 dat
1072 3242 1227 3294 incremen-

692 3322 750 3361 tum
775 3312 914 3363 scelerum.
935 3332 949 3359 n
980 3313 1012 3364 Et
1042 3314 1196 3380 Gregorius
1218 3332 1228 3366 e

694 3403 707 3430 a
734 3384 873 3435 Peccatum
893 3385 967 3451 quod
993 3384 1150 3451 poenitentia
1174 3401 1228 3436 non

693 3455 781 3515 diluit,
803 3472 866 3506 mox
886 3472 935 3507 suo
959 3458 1077 3522 pondere
1100 3459 1133 3508 ad
1155 3458 1230 3509 aliud

694 3526 810 3577 trahit.»
826 3527 862 3577 Et
880 3528 979 3578 timens
1003 3529 1105 3588 Petrus,
1128 3529 1229 3580 iterum

694 3596 765 3646 foras
789 3597 879 3649 exivit.
903 3600 942 3649 Et
969 3599 1111 3650 intervallo
1135 3600 1232 3665 facto,

694 3668 773 3734 quasi
787 3669 861 3720 horne
876 3671 964 3733 untur,
980 3687 1102 3721 reversus
1119 3672 1233 3731 iterum,

695 3754 709 3788 a
730 3739 833 3803 multiS,
854 3741 1003 3791 secundum
1028 3742 1183 3791 Matthaeum
1206 3750 1232 3791 et

696 3812 825 3871 Marcum,
838 3823 863 3862 et
875 3812 908 3862 ab
919 3828 983 3872 uno,
993 3812 1143 3879 secundum
1153 3811 1230 3871 alios,

694 3882 743 3947 qui
754 3893 884 3947 cognatus
900 3882 998 3932 Malchi
1014 3892 1068 3932 erat
1083 3881 1230 3946 compella-

695 3961 749 4011 tur,
766 3962 793 4002 et
805 3961 884 4018 negat
898 3967 960 4002 cum
973 3951 1124 4016 iuramento
1140 3960 1169 4001 et
1181 3949 1234 4000 <ie-
