2626 4328
499 1121 827 1208 TITUL'I

144 1519 513 1683 crinon
556 1517 609 1682 n
654 1514 1196 1682 nonnionon
1270 1392 1274 1401 ⁸

487 1977 586 2047 PER
607 1973 842 2048 ORDINEM
871 2021 872 2026 κ

224 2692 344 2745 CAPUT
357 2691 449 2745 Lvffl.
465 2695 495 2731 -’-
509 2694 551 2745 De
564 2694 698 2745 Passione
710 2693 821 2747 Domini
836 2694 923 2745 nostr-i
935 2692 1105 2755 meditando,

573 2783 600 2834 in
615 2783 751 2849 gemrali.

124 3048 133 3079 1
160 3029 296 3081 Passionis
308 3028 418 3080 Domini
434 3027 559 3080 recorda-

136 3101 184 3150 tio,
581 3094 634 3162 455

123 3186 137 3219 2
160 3170 229 3220 Huic
245 3167 422 3219 recordationi
436 3168 559 3218 consola-

137 3231 175 3292 tio
190 3241 303 3292 carnalis
317 3257 370 3291 non
385 3241 518 3307 congruit.
582 3240 636 3307 456

123 3315 136 3364 3
166 3314 276 3365 Christo
299 3313 427 3364 Salvatori
448 3328 559 3379 compa·
589 3352 594 3360 .

138 3385 270 3435 tiendum.
584 3384 636 3451 457

119 3475 138 3522 4
153 3458 290 3507 Numerus
302 3457 444 3508 vulnerum
457 3456 559 3507 Christi

135 3529 164 3578 in
181 3544 261 3578 sensu
276 3528 383 3578 litterali
397 3538 424 3579 et
435 3527 560 3594 mystico.
583 3526 636 3593 458

122 3600 135 3650 5
154 3602 255 3650 Bonae
272 3600 444 3650 meditatione
458 3599 559 3650 Christi

139 3670 284 3733 Passionis,
298 3670 321 3721 si
338 3670 389 3721 rite
402 3668 457 3734 fiat,
470 3669 561 3720 fluen-

36 3782 38 3786 4
137 3743 182 3791 tia.
583 3740 637 3810 459

120 3811 140 3861 6
157 3813 279 3871 Quatuor
306 3811 401 3863 solatia
423 3827 437 3863 e
456 3790 560 3864 Christi

139 3883 274 3934 Passione.
582 3883 638 3952 460

123 3971 138 4021 7
163 3953 286 4005 Narratio
301 3955 453 4006 abbreviata
470 3955 561 4008 histo-

724 3029 772 3078 riae
788 3025 935 3085 Passionis,
1172 3023 1227 3091 462

709 3098 726 3149 8
741 3097 806 3148 Tria
820 3095 979 3163 principalia
991 3095 1022 3146 in
1035 3094 1151 3145 Passio-

725 3187 760 3222 ne
778 3170 889 3221 Domini
908 3170 941 3220 ad
956 3179 1044 3235 partes
1059 3168 1151 3234 poeni-

724 3241 816 3292 tentiae
832 3240 980 3307 spectantia
1001 3255 1008 3289 ε
1030 3239 1148 3300 nuditas,

725 3312 824 3376 irrisio,
840 3311 986 3378 corporalis
1002 3310 1123 3361 afflictio.
1175 3311 1226 3377 463

710 3399 726 3450 9
748 3382 816 3442 Quis
834 3398 929 3448 passus
950 3391 991 3432 est
1007 3392 1032 3432 et
1051 3396 1067 3431 a
1087 3381 1149 3448 qui-

726 3455 797 3506 bus?
839 3506 842 3510 ,
1172 3454 1228 3520 464

698 3543 729 3577 10
750 3526 861 3593 Saporis
874 3526 1024 3577 Dominicae
1042 3526 1151 3577 Passio-

726 3599 769 3649 nis
788 3600 936 3650 excitationi.
1173 3595 1228 3663 465

699 3686 727 3722 ιι
754 3672 807 3722 Sex
829 3672 915 3734 modi,
938 3670 1041 3740 quibus
1065 3672 1151 3722 homo

726 3742 884 3793 Passionem
910 3743 1061 3804 meditans,
1092 3756 1151 3792 eam
1205 3794 1208 3799 ,

725 3812 894 3864 considerare
910 3822 1008 3880 potest.
1173 3808 1228 3876 465

699 3901 730 3937 12
747 3886 811 3938 Tria
833 3902 893 3953 quae
913 3902 964 3938 nos
988 3884 1080 3936 Passio
1101 3885 1152 3935 do·

727 3967 779 4008 cet.
1176 3954 1229 4022 467
