2626 4328
130 255 185 320 884
444 253 552 304 INDEX
570 252 771 305 GENERALIS
798 252 935 305 RERUM.

302 384 488 420 nesrousrrro.
714 367 786 418 Deus
798 375 908 433 propter
921 375 988 418 sect
1001 365 1084 433 gratis
1097 375 1138 419 est
1149 383 1245 420 aman-

130 511 308 576 Desponsatio
349 511 379 561 B.
407 511 498 560 Mariae
528 509 660 576 Virginis.
713 440 859 563 Agtgssbei
876 528 931 563 non
945 523 987 564 est
1000 513 1113 564 otiosus.
1132 442 1181 576 lli:
1192 441 1244 579 iii

587 583 607 642 1,
627 580 661 632 26
714 585 753 635 De
767 587 822 636 Deo
836 595 877 636 est
891 585 1012 635 habenda
1028 585 1125 650 triplex
1140 600 1248 637 memo-

314 665 480 702 usraacroa.
745 656 793 706 ria.
1178 658 1198 708 1.
1214 656 1246 708 33

713 730 763 780 Dei
780 729 920 795 praesentia
933 728 1035 796 ubique
1052 746 1104 780 nos
1122 731 1156 780 ad
1173 746 1248 783 vere-

131 800 316 851 Detractorum
332 797 509 848 consuetudo.
574 797 594 861 1,
609 795 662 865 296
746 802 871 854 cundiam
885 802 962 852 debet
979 803 1103 855 incitare.
1181 804 1201 864 1,
1214 803 1248 856 36

130 872 299 922 Detractores
315 870 407 919 omnia
430 871 457 919 in
480 871 578 921 malam
599 885 662 936 par·
714 873 794 934 Deus
812 872 842 923 in
865 871 1002 924 beneficiis
1025 873 1084 924 suis
1106 871 1250 940 tripliciter

163 953 217 992 tem
236 940 452 1005 interpretantur.
557 942 590 1001 ΙΙ,
610 939 658 990 521
747 945 942 1012 magnificatur.
1181 948 1200 1007 Ι,
1215 946 1245 998 61

130 1015 317 1066 Detractorum
333 1029 416 1080 quam
425 1013 461 1063 sit
470 1029 549 1080 grave
563 1013 663 1080 pericu·
715 1018 771 1067 Deo
782 1018 836 1067 duo
846 1017 979 1082 praecipue
993 1015 1139 1067 offerenda.
1151 1018 1183 1079 ΙΙ,
1197 1018 1248 1069 55ο

163 1086 231 1135 lum.
563 1084 595 1143 11,
610 1082 664 1149 674
715 1087 771 1137 Deo
785 1102 891 1152 semper
903 1087 1025 1148 meliora,
1036 1097 1062 1136 et
1073 1086 1177 1152 optima
1187 1099 1250 1140 sunt

132 1158 300 1208 Detractores
319 1155 456 1221 quomodo
475 1166 540 1206 sunt
557 1155 663 1205 similes
746 1160 891 1210 offerenda.
1163 1163 1183 1222 1,
1201 1164 1250 1214 reo

164 1229 260 1296 porcis.
579 1229 598 1288 1,
611 1244 660 1293 441
715 1229 787 1281 Deus
806 1230 944 1296 quomodo
960 1229 1065 1282 dicatur
1081 1232 1114 1282 ad
1136 1247 1187 1282 nos
1202 1249 1250 1285 ve·

133 1303 301 1353 Detractores
339 1315 393 1350 non
430 1309 495 1350 sunt
526 1299 663 1351 audiendi.
748 1299 815 1350 nire.
1162 1304 1182 1362 1,
1201 1303 1249 1356 182

411 1371 431 1432 Ι,
447 1386 500 1436 274
516 1380 542 1420 et
557 1371 589 1427 ll,
611 1367 663 1436 676
715 1370 764 1421 Dei
782 1370 881 1436 injuria
895 1386 1036 1437 nunquam
1052 1373 1134 1424 nobis
1149 1384 1189 1425 est
1208 1375 1251 1426 fe-

747 1441 839 1490 renda.
1072 1492 1074 1496 ,
1164 1446 1184 1504 Ι,
1198 1445 1250 1496 235

360 1533 436 1568 osus.
716 1510 804 1561 Deum
819 1511 910 1562 videre
924 1521 965 1562 est
976 1511 1039 1562 finis
1049 1523 1152 1565 noster.
1164 1516 1183 1574 Ι,
1199 1514 1250 1566 312

716 1582 788 1632 Deus
797 1582 940 1648 tripliciter
948 1582 1002 1633 dici
1012 1583 1093 1634 debet
1104 1586 1252 1636 nosterPa·

51 1682 57 1692 ·
134 1657 220 1708 Deum
251 1673 310 1708 esse
336 1671 431 1707 omnes
453 1664 581 1706 creaturae
619 1654 664 1703 in·
749 1663 797 1704 ter.
1159 1657 1178 1719 1,
1198 1656 1246 1707 351

164 1729 263 1781 dicant.
594 1724 664 1785 1,18
717 1723 765 1773 Dei
780 1724 899 1791 dignatio
910 1725 984 1791 quod
996 1741 1060 1776 eum
1082 1727 1187 1778 Patrem
1200 1742 1251 1779 vo-

133 1803 163 1852 ln
182 1802 232 1852 Dei
251 1802 406 1867 cognitione
427 1815 533 1866 semper
548 1813 665 1849 crescere
749 1810 850 1857 cemus,
867 1796 976 1862 etquid
996 1812 1043 1863 per
1066 1797 1134 1848 illud
1153 1799 1251 1849 docea-

164 1872 303 1923 debemus.
575 1871 596 1928 l,
612 1883 665 1934 274
750 1885 820 1920 mur.
1165 1872 1183 1934 1,
1200 1869 1248 1921 351

134 1944 206 1994 Deus
220 1944 294 1994 solus
304 1943 386 1993 habet
405 1941 515 2007 proprie
529 1957 587 1992 esse
601 1956 665 2006 per·
717 1941 765 1993 Dei
780 1951 806 1991 et
819 1939 922 1991 Christi
936 1940 1006 1991 scire
1024 1952 1050 1991 et
1066 1943 1169 1994 nescire
1184 1944 1251 2009 quid

165 2012 273 2065 fectum.
558 2013 597 2072 ΙΙ,
613 2009 665 2077 760
748 2012 792 2062 sit.
1000 2012 1020 2072 1,
1034 2011 1084 2080 393
1098 2023 1125 2064 et
1140 2015 1183 2075 ill,
1202 2013 1249 2064 153

134 2086 206 2137 Deus
220 2085 357 2152 quomodo
373 2083 409 2135 sit
420 2086 495 2135 solus
510 2096 606 2135 natura
623 2084 666 2133 bo·
716 2085 803 2135 Deum
811 2083 953 2148 tripliciter
962 2084 1135 2137 offendimus.
1152 2087 1184 2146 ΙΙ,
1200 2085 1250 2152 753

165 2173 225 2208 nus.
354 2168 358 2176 “
572 2155 616 2213 ΙΙΙ,
631 2152 666 2203 86
718 2156 790 2206 Deus
800 2153 1107 2219 dupliciterhominibus
1117 2157 1250 2222 loquitur:

134 2230 205 2280 Deus
220 2226 417 2294 providentiam
440 2225 520 2277 habet
537 2225 617 2276 etiarn
634 2225 667 2276 de
750 2240 797 2291 per
811 2240 840 2275 se
854 2233 880 2274 et
894 2239 940 2290 per
953 2225 1031 2275 alios.
1153 2226 1185 2286 ΙΙ,
1198 2225 1249 2276 811

165 2301 246 2352 rebus
258 2298 458 2349 minutissimis.
562 2298 595 2357 ΙΙ,
612 2295 666 2362 488
685 2330 687 2335 s
718 2299 806 2348 Deum
827 2297 878 2347 tria
892 2298 924 2347 ad
939 2297 1023 2348 nostri
1048 2298 1251 2349 miserationem

135 2371 247 2424 Mutatio
260 2387 315 2422 non
328 2369 398 2420 cadit
408 2369 436 2418 in
449 2370 546 2420 Deum.
557 2369 602 2428 111,
615 2367 665 2435 373
750 2369 888 2418 inducunt.
1160 2368 1204 2428 111,
1219 2367 1251 2418 50

135 2445 207 2495 Deus
229 2441 390 2507 sibimetipsi
403 2440 454 2490 tria
467 2439 616 2506 specialiter
631 2454 669 2489 re·
706 2441 768 2492 ·Dei
800 2433 991 2490 misericordie
1020 2455 1084 2506 erga
1121 2440 1250 2492 homines

166 2513 288 2565 servavit.
579 2512 598 2572 Ι,
615 2510 665 2577 403
750 2510 918 2576 magnitudo.
1157 2511 1200 2573 ΙΙΙ,
1219 2509 1252 2577 78

135 2585 184 2635 Dei
199 2583 297 2649 judicia
311 2591 376 2632 sunt
386 2581 500 2631 occulta.
564 2583 597 2643 ΙΙ,
615 2581 668 2646 524
720 2582 835 2648 Signum
850 2595 882 2630 ex
899 2595 953 2646 quo
967 2580 1141 2646 cognoscitur
1152 2597 1187 2632 an
1202 2581 1253 2632 ali-

137 2656 199 2706 Non
213 2655 342 2705 debemus
353 2653 401 2702 Dei
414 2652 512 2718 judicia
529 2664 555 2705 et
567 2665 666 2703 secreta
751 2651 813 2718 quis
828 2666 860 2701 ex
875 2651 930 2700 Deo
941 2659 981 2700 est
994 2651 1035 2700 vel
1051 2667 1117 2701 non.
1150 2652 1183 2711 ΙΙ,
1202 2649 1252 2718 756

168 2724 291 2776 scrutari.
568 2724 600 2781 ΙΙ,
615 2722 666 2773 232
720 2724 792 2774 Deus
802 2721 940 2787 quomodo
951 2721 1054 2772 dicatur
1062 2722 1142 2782 scire,
1153 2731 1180 2772 et
1191 2737 1253 2788 quo

137 2796 209 2847 Deus
222 2795 323 2860 ubique
338 2794 396 2844 vult
408 2793 522 2843 adorari.
567 2795 598 2854 ΙΙ,
615 2793 666 2844 566
751 2796 833 2847 modo
845 2803 957 2844 tentare.
1140 2795 1185 2855 ΙΙΙ,
1202 2793 1250 2844 332

137 2870 193 2920 Deo
214 2879 244 2918 ut
264 2867 440 2917 fundamento
459 2866 554 2916 salutis
573 2867 667 2916 adhae-

167 2941 293 2991 rendum.
619 2941 637 3002 1,
655 2955 664 2989 1
928 2952 1051 2989 utvorro.

138 3011 193 3062 Deo
218 3025 273 3060 non
294 3009 329 3059 ob
351 3008 518 3075 temporalia,
542 3010 587 3059 sed
606 3026 670 3073 pro-

169 3092 228 3148 pter
236 3096 265 3132 se
274 3081 404 3130 debemus
417 3079 561 3130 adhaerere.
577 3082 608 3139 ll,
616 3079 668 3146 642
721 3081 879 3134 Deuotionis
904 3080 1050 3133 excitandae
1079 3078 1187 3131 modus.
1210 3080 1253 3139 IV,

138 3153 210 3203 Deus
237 3151 393 3218 parentibus
416 3159 442 3199 et
465 3149 559 3201 amicis
573 3151 641 3216 prael
655 3180 670 3190 -
1201 3151 1253 3218 459

169 3224 277 3273 rendus.
578 3223 598 3279 1,
619 3222 669 3287 154
923 3241 1051 3277 umens.

138 3294 211 3344 Deus
220 3309 326 3360 semper
336 3302 378 3343 est
388 3292 546 3343 laudandus.
562 3295 606 3354 IV,
617 3295 668 3360 783

138 3365 210 3416 Deus
230 3365 311 3415 debet
325 3379 384 3414 esse
401 3363 568 3429 principium
579 3365 670 3416 omnis
722 3372 818 3423 Sedere
829 3386 845 3422 a
857 3370 958 3422 dextris
972 3369 1039 3437 quid
1055 3368 1098 3419 sit.
1145 3367 1191 3429 IV,
1203 3363 1253 3433 756

170 3445 268 3486 nostrae
281 3434 447 3486 intentionis.
600 3437 619 3497 Ι,
639 3437 668 3487 15
848 3434 850 3439 ⁴

137 3505 179 3556 Ad
196 3505 328 3556 honorem
344 3515 370 3555 et
392 3503 499 3554 laudem
513 3503 562 3555 Dei
579 3507 670 3557 omnia
917 3526 1054 3562 umsonus.

170 3576 316 3628 referenda.
557 3579 602 3640 IV,
616 3579 668 3630 602

138 3648 178 3699 De
191 3650 248 3698 Deo
266 3646 443 3713 loquendum.
557 3649 602 3709 tv,
617 3665 669 3716 700
722 3647 812 3716 Quare
821 3655 946 3707 diabolus
959 3663 1069 3708 vocetur
1080 3653 1195 3720 spiritus
1210 3652 1256 3702 im-

138 3720 195 3771 Deo
206 3717 396 3769 omnianostra
406 3718 545 3770 debemus.
560 3721 603 3781 111,
616 3720 668 3772 268
754 3727 882 3777 mundus.
1168 3724 1190 3786 1,
1203 3721 1253 3789 413

137 3790 194 3854 Deo
215 3789 308 3841 saltem
321 3796 352 3838 ut
371 3789 476 3840 medico
501 3791 664 3843 credendum
723 3796 866 3858 Quomodo
883 3796 1011 3848 diabolus
1031 3804 1072 3847 est
1084 3802 1160 3861 pater
1176 3807 1256 3844 men-

172 3871 220 3915 est.
554 3862 598 3926 ΙΙΙ,
616 3862 664 3915 331
753 3867 831 3920 dacii.
1155 3864 1187 3925 ΙΙ,
1204 3859 1254 3930 756
