2626 4328
450 134 496 183 ET
515 132 756 185 NUMERORUM.

125 255 190 303 dum
222 252 335 301 veniunt
380 251 413 300 ad
457 250 549 316 sepul-

124 323 230 373 chrum.
569 319 623 387 671

112 391 282 458 5Apparitio
295 391 472 458 Angelorum.
568 389 621 456 671

109 462 125 512 6
140 463 274 522 Christus,
286 462 377 511 clauso
389 462 479 512 adhuc
492 477 548 512 mo·

124 544 265 593 numento,
282 533 437 585 resurrexit.
571 532 623 600 672

109 606 271 670 7Aspectus
297 603 394 670 Angeli
416 614 441 654 et
465 604 548 655 timor

124 676 281 725 mulierum.
571 673 624 740 672

108 747 227 798 8Verba
241 746 380 813 loquentis
403 746 509 812 Angeli.
571 745 623 812 675

104 813 127 887 ”9
140 819 195 868 Cur
210 829 236 868 et
247 818 386 884 quomodo
399 817 548 884 discipulos

124 889 151 937 in
179 889 316 939 Galilaeam
338 888 473 954 praeceasit
488 889 547 940 uo-

713 250 807 300 minus
824 250 833 299 ἒ

686 338 722 374 to·
731 322 836 373 Relatio
846 322 879 372 ad
892 321 1041 388 discipulos
1053 337 1069 373 a
1079 339 1137 374 mu·

712 391 911 444 lieribusfacta.
1158 393 1210 461 675

685 478 715 514 11
733 463 827 513 Petrus
849 471 877 512 et
894 462 1012 513 Ioannes
1024 473 1136 514 currunt

713 533 745 583 ad
756 543 975 583 monumentum.
1161 532 1212 600 675

686 618 715 652 12
734 603 905 655 Linteamina
921 603 1011 669 posita
1025 604 1054 654 in
1069 619 1135 654 sen-

713 689 745 724 su
757 674 865 726 litterali
877 685 903 726 et
912 675 1017 725 morali.
1160 675 1214 742 676

685 744 717 795 15
732 745 831 795 Iterum
847 745 880 795 de
895 745 1062 811 apparitione
1075 746 1138 796 Au-

713 817 839 883 gelatum
850 815 978 869 mulieres
993 816 1136 884 alloquen-

712 888 792 940 tium.
1159 889 1212 956 677

228 1136 345 1189 CAPUT
360 1136 467 1189 LXXII.
482 1164 512 1174 -
527 1136 666 1198 Quoatodo
682 1136 814 1188 Dominus
828 1136 958 1204 apparuit
972 1135 1093 1187 Μανίαν·

557 1251 745 1318 Magdalenoe.

111 1467 121 1500 r
143 1449 233 1500 Mariae
248 1449 411 1517 Magdalenae
421 1449 510 1500 fervor
520 1459 547 1502 et

123 1523 257 1586 lacrymae.
570 1519 623 1589 679

110 1609 123 1641 a
140 1591 275 1641 inclinans
288 1606 316 1640 se
332 1600 360 1641 et
375 1590 546 1656 prospiciens

123 1665 152 1715 in
165 1674 384 1725 monumentum,
396 1663 471 1716 videt
482 1665 544 1715 An-

124 1738 207 1804 gelos.
571 1735 623 1789 680

109 1809 122 1860 3
140 1809 262 1869 Qualiter
282 1809 408 1861 Christus
422 1809 549 1876 apparuit

124 1883 297 1948 Magdalenae.
571 1879 620 1932 681

109 1969 127 2017 4
141 1954 202 2012 Quo
213 1968 294 2002 sensu
310 1951 436 2003 Christus
449 1952 547 2003 hortu-

124 2026 203 2075 lanus
216 2035 265 2075 est.

113 2095 126 2144 5
144 2097 244 2146 Feruor
270 2105 296 2145 et
318 2095 428 2146 audacia
456 2095 548 2146 Mariae
568 2116 574 2136 =

125 2166 298 2232 Magdalenae.
569 2165 623 2219 683

694 1449 872 1502 &Dominum
887 1450 1062 1517 recognoscit.
1158 1450 1208 1502 683

694 1537 713 1587 7·
726 1521 781 1571 Cur
803 1521 828 1570 ei
857 1519 978 1573 dixerit:
1000 1520 1063 1572 Noli
1089 1536 1132 1571 me

708 1591 840 1657 tangere?
1155 1591 1211 1658 684

694 1661 713 1714 8
726 1663 785 1714 Cur
796 1664 960 1730 Magdalenae
981 1663 1071 1732 primo
1082 1679 1134 1730 ap-

708 1733 799 1802 paruit
814 1743 841 1784 et
856 1736 916 1784 eam
930 1735 963 1784 ad
988 1735 1134 1802 Apostolos

709 1807 785 1857 misit
798 1806 954 1858 Dominus?
1156 1805 1209 1857 685
1233 1868 1237 1876 ‚

693 1895 711 1949 9
724 1877 1131 1940 QuaerendusestChristus‚sed

710 1967 772 2001 cum
787 1949 951 2001 humilitate.
1154 1947 1208 2000 686

571 2023 623 2074 681
682 2040 713 2074 10
728 2024 884 2090 Magdalena
907 2022 1040 2074 laetilicata
1059 2038 1132 2074 rece-

709 2094 758 2145 dit.
1157 2093 1210 2144 686

231 2412 349 2464 CAPUT
365 2412 482 2463 LXXIII.
497 2441 527 2450 -
548 2412 687 2475 Quomodo
699 2411 832 2463 Dominus
842 2409 972 2477 apparuit
985 2409 1072 2460 tribus

588 2527 701 2580 Mariis.

112 2738 122 2773 1
137 2713 288 2773 Domitium
306 2722 360 2774 sibi
372 2732 547 2790 apparentem

124 2795 238 2846 adorant
252 2795 390 2847 mulieres
571 2795 626 2863 687

110 2865 267 2917 aClrristus
281 2881 324 2916 eas
348 2867 383 2916 ad
403 2867 550 2932 Apoemlos

121 2937 218 3005 mittit.
313 2962 315 2970 =
572 2937 627 2990 688

697 2721 711 2774 3
730 2724 793 2783 Quo
806 2737 889 2774 sensu
903 2722 1030 2774 mulieres
1045 2731 1072 2772 et
1085 2722 1136 2773 im-

712 2794 809 2861 primis
836 2794 992 2860 Magdelene
1015 2807 1133 2858 evangen

664 2880 666 2884 “
713 2865 782 2917 listae
795 2866 963 2931 etapostolae
978 2863 1096 2915 fuerunt.
1158 2861 1215 2931 689

312 3185 434 3239 CAPUT
450 3186 569 3239 LXXIV.
585 3215 617 3226 -—
631 3187 673 3238 De
692 3185 831 3240 mendacio
845 3184 993 3236 custodum.

113 3391 122 3425 1
143 3376 248 3427 Relatio
263 3379 410 3430 custodum
423 3380 456 3430 ad
470 3378 550 3445 prin·

124 3445 198 3511 cipes
210 3449 389 3500 sacerdotum.
573 3447 623 3516 691

109 3534 124 3568 2
142 3521 311 3572 Mendacium
323 3537 338 3574 a
352 3523 454 3574 JudaeIs
466 3523 551 3574 adin-

123 3602 237 3643 ventum
251 3604 276 3645 et
289 3595 404 3661 pecunia
414 3594 552 3647 militibus

124 3664 195 3715 data.
571 3663 622 3735 691

108 3732 123 3783 5
139 3734 260 3796 Quinam
280 3736 381 3790 Iudaeis
395 3737 424 3789 in
441 3735 495 3788 hoc
508 3737 549 3790 si-

712 3375 809 3428 miles?
1157 3372 1210 3442 692

694 3465 713 3514 4
729 3447 835 3499 Rumor
847 3445 966 3497 mendax
986 3445 1021 3495 de
1039 3443 1135 3496 suble-

711 3519 788 3571 tione
800 3517 922 3586 corporis
934 3515 1038 3569 Christi
1059 3517 1131 3583 apud

711 3593 819 3644 Judaeos
832 3589 980 3642 invalescit.
1159 3588 1210 3656 695

698 3662 712 3713 5
729 3663 794 3724 Cur,
802 3669 959 3728 resurgente
967 3659 1097 3722 Domino,
1107 3668 1135 3712 et

714 3733 759 3785 alii
772 3729 965 3786 surrexerunt?
1159 3725 1211 3795 693
