2626 4328
139 198 191 260 504

136 313 228 362 oeulos
242 311 353 361 Domini
377 311 470 361 omnia
485 310 603 361 videntis
622 325 670 360 ve·

136 385 200 442 lant,
216 383 264 448 qui
279 383 381 433 malum
397 399 445 448 pro
460 383 531 432 bono
551 382 616 432 dant
629 381 672 432 vel

136 458 264 508 vendunt.
285 457 492 507 —Secundum
520 457 671 506 documen-

136 541 195 580 tum
214 539 263 590 est‚
279 518 359 596 quod'
373 540 399 581 et
412 545 461 579 nos
481 529 611 580 debemus
626 529 671 579 in-

136 601 242 650 terdum
268 600 348 651 facies
375 610 479 650 nostras
504 601 609 660 velare,
639 615 673 650 ne

137 671 207 721 oculi
228 671 315 721 nostri
335 671 445 722 videant
459 671 614 735 vanitatem,
630 673 672 722 vel

137 743 231 792 saltem
246 742 338 792 oculos
353 742 452 793 habere
467 741 568 792 defixos
580 742 609 792 in
625 751 673 792 ter·

139 828 205 872 ram,
221 823 246 862 et
260 813 299 862 sic
312 812 406 863 faciem
428 812 505 879 quasi
521 814 619 863 habere
632 829 673 863 ve·

139 883 235 945 latam,
261 898 294 932 ne
321 882 440 949 capiatur
460 882 488 932 in
510 884 672 934 exteriorum

139 963 248 1018 aspectu
267 963 293 1003 et
309 953 534 1019 concupiscentia.
550 953 591 1003 Ad
605 969 672 1003 con-

139 1023 310 1073 formandum
334 1040 363 1075 se
377 1024 440 1074 huic
459 1025 581 1084 articulo,
597 1039 672 1074 reco-

139 1095 204 1160 gitet
218 1095 311 1156 homo,
327 1096 465 1162 quomodo
489 1095 581 1144 omnia
602 1095 674 1145 nuda

139 1177 165 1218 et
190 1180 281 1234 aperta
308 1179 372 1218 sunt
397 1168 483 1218 oeulis
506 1167 565 1230 Dei,
588 1177 619 1217 ut
642 1183 674 1216 ex

139 1240 191 1289 hoc
204 1240 326 1291 trahatur
340 1240 509 1307 apeccando.
526 1241 600 1299 Item,
616 1254 674 1289 me-

139 1321 268 1372 moretur,
284 1312 423 1376 quomodo
438 1311 496 1377 ipse
510 1309 674 1360 luminosam

140 1380 235 1430 faciem
252 1382 380 1448 imaginis
397 1382 445 1431 Dei
467 1382 496 1431 in
520 1397 549 1432 se
562 1381 674 1439 obtexit,

140 1462 166 1502 et
182 1453 336 1503 obscuravit
351 1452 475 1519 peccatis.
485 1455 560 1516 Jesu,
570 1453 616 1520 qui
624 1453 675 1519 sa-

140 1524 205 1572 ciem
226 1530 299 1573 tuam
319 1524 508 1587 gratissimam
527 1524 614 1574 velari
627 1539 675 1574 vo-

141 1594 224 1655 luisti,
245 1594 362 1655 illustra,
376 1608 475 1659 quaeso,
485 1595 589 1660 faeiem
604 1601 675 1644 luam

142 1678 222 1730 super·
246 1664 386 1729 iudignum
414 1679 520 1716 seruum
544 1671 627 1727 tuum,
652 1673 677 1716 et

142 1735 288 1800 imaginem
308 1741 382 1786 tuam
405 1737 431 1786 in
460 1752 501 1788 me
524 1752 575 1788 non
601 1738 677 1788 sinas

143 1807 286 1857 obscurari
292 1824 302 1869 ,·
330 1809 448 1859 velamen
467 1825 568 1876 quoque
589 1811 677 1875 culpae

144 1885 170 1928 et
190 1878 355 1944 ignorantiae
373 1894 390 1928 a
409 1880 490 1931 corde
506 1896 562 1932 meo
580 1883 676 1948 digne-

145 1951 185 2001 ris
198 1953 254 2019 atis
265 1965 319 2000 rra.

181 2019 209 2071 13
240 2024 439 2072 Cotnrurznrro
467 2023 596 2084 Cuiusrt,
624 2039 677 2074 ouo

145 2107 302 2142 oocuusnrn
317 2107 351 2142 ax
371 2109 413 2152 un,
428 2107 511 2143 uerus
525 2109 678 2143 consonus-

145 2178 400 2213 rromssronsrro.
424 2191 454 2200 -
478 2163 536 2214 Alli
560 2165 679 2230 colaphis

144 2251 202 2287 eum
217 2235 376 2299 cecideruut,
393 2236 421 2286 id
437 2246 477 2287 est
494 2237 523 2286 in
540 2237 609 2287 collo
624 2253 680 2304 per·

144 2319 294 2361 cusscrunt.
317 2310 412 2360 Solent
434 2309 463 2359 in
487 2311 555 2360 collo
577 2311 678 2376 percuti

144 2381 219 2440 fatui,
236 2390 263 2431 et
277 2380 463 2446 despectibiles
478 2396 614 2448 personae;
631 2398 679 2431 un-

144 2452 177 2502 de
201 2452 230 2500 in
258 2452 309 2501 hoc
332 2453 406 2517 quod
428 2452 513 2502 Judaei
538 2452 679 2503 Christum

145 2520 365 2586 colaphizabant,
395 2538 451 2572 non
480 2534 536 2573 tam
562 2523 680 2574 attendi-

145 2605 189 2644 tur
203 2593 278 2643 laesio
292 2595 485 2657 percussionis,
499 2612 582 2662 quam
600 2598 681 2647 maxi-

145 2679 190 2714 ma
203 2664 365 2713 contumelia
378 2665 557 2731 despectionis
573 2668 607 2716 ab
622 2668 681 2733 ipsa

145 2734 328 2802 proveniente.
348 2736 388 2786 Ex
408 2735 460 2785 hoc
475 2737 587 2787 articulo
610 2740 680 2789 cola-

147 2805 310 2871 phizationis
330 2806 383 2855 tale
402 2805 517 2856 habetur
532 2808 680 2859 documen-

147 2890 224 2938 tum,
253 2875 327 2942 quod
352 2890 491 2926 caveamus
519 2894 553 2928 ne
576 2889 603 2930 et
631 2896 681 2931 nos

147 2949 293 3015 aliquando
312 2947 451 2998 Christum
472 2949 680 3015 colaphizemus.

148 3020 529 3083 Secundumsseaam,0mnes
538 3021 597 3072 falsi
606 3021 681 3073 Chri-

147 3091 227 3141 stiani
236 3091 378 3142 Christum
389 3091 566 3157 colaphizant,
577 3093 625 3160 qui
635 3109 681 3143 ore

147 3161 310 3213 confitentur
323 3163 473 3224 Christum,
482 3164 573 3229 sactis
591 3172 680 3216 aulem

148 3239 264 3297 negaul3
279 3234 408 3300 colaphus
427 3234 501 3284 enim
518 3235 597 3286 datur
610 3251 625 3286 a
637 3251 680 3285 re-

146 3315 201 3366 tro;
219 3303 258 3354 illi
273 3319 335 3370 ergo
351 3304 519 3370 colaphizant
530 3306 679 3356 Dominum

147 3374 299 3436 Christum,
314 3375 378 3441 quia
392 3375 417 3424 ei
434 3375 620 3438 blandiuntur,
634 3393 681 3427 ore

147 3461 210 3494 eum
224 3445 396 3511 confitentur,
411 3449 459 3497 sed
473 3459 554 3510 retro,
569 3464 625 3516 quo
639 3450 682 3498 de·

147 3518 240 3566 berent
262 3533 325 3567 eum
346 3518 423 3585 sequi
448 3534 495 3584 per
516 3519 617 3570 bonam
637 3519 681 3570 vi-

147 3599 211 3648 tam,
229 3589 399 3656 colaphizant
419 3605 492 3651 eum,
517 3591 596 3642 malis
617 3606 682 3657 ope-

148 3659 224 3710 ribus
238 3660 348 3712 Christo
370 3661 588 3712 contradicendo.
605 3663 681 3726 Item,

148 3732 299 3782 secundum
325 3732 530 3799 Augustinum,
561 3733 683 3799 colaphis

149 3803 288 3856 Christum
312 3805 428 3870 caedunt,
449 3806 496 3876 qui
521 3805 544 3858 ei
565 3807 683 3859 honores

437 193 611 245 SECUNDAE
629 192 753 243 PARTIS
774 193 892 249 CAPUT
907 193 961 244 LX.
1021 232 1024 237 .

727 308 882 374 praeferunt.
904 310 979 370 ltem,
996 325 1011 360 a
1028 321 1103 376 tergo
1121 309 1263 362 Christum

725 378 847 444 colaphis
874 381 1010 441 verberat,
1034 381 1082 446 qui
1106 380 1263 446 proximum

727 459 787 514 post
807 458 912 515 tergum
934 466 1014 501 suum
1030 450 1152 502 infamat.
1166 479 1198 489 —
1212 453 1262 503 Se-

726 522 848 573 cundum
860 523 1054 574 documentum
1067 534 1116 586 est,
1128 524 1263 590 quod-sic·

726 605 756 645 ut
770 594 897 646 Christus
916 612 965 662 pro
984 596 1062 646 nobis
1082 606 1123 646 est
1138 596 1262 663 colaphi·

727 675 815 729 zatus3
839 666 879 717 sic
904 676 931 717 et
956 682 1006 717 nos
1033 667 1263 732 colaphizationes

726 753 790 788 suas
812 737 981 803 spirituales,
1007 754 1074 806 quas
1102 740 1264 806 plerumque

728 808 806 859 nobis
819 808 927 874 infligit,
941 825 995 859 non
1017 811 1106 859 solum
1121 810 1262 875 patienter,

727 879 773 928 sed
791 887 817 929 et
835 879 982 944 prudenter
1002 889 1141 944 portemus
1160 896 1171 929 ι
1194 880 1264 931 sicut

727 949 791 1000 fecit
803 950 958 1015 Apostolus,
969 950 1016 1015 qui
1031 949 1137 1000 dicebat
1150 966 1159 1000 ι
1173 951 1264 1002 Datus

728 1029 769 1072 est
787 1021 852 1071 trtihi
871 1022 995 1072 stimulus
1014 1022 1107 1072 carnis
1120 1037 1196 1084 meoe,
1210 1037 1264 1072 ati-

727 1090 807 1157 gelus
817 1092 931 1142 Satanoe
940 1092 986 1157 qui
995 1107 1036 1142 me
1044 1092 1153 1158 colaphi
1156 1098 1206 1160 ret,
1214 1103 1264 1143 etc.

728 1163 769 1212 Ad
784 1161 1011 1213 conformandum
1034 1179 1093 1214 sese
1116 1163 1180 1214 huic
1196 1163 1264 1215 arti-

728 1234 799 1294 culo,
815 1235 913 1299 poterit
930 1235 1013 1285 homo
1029 1235 1136 1301 sibiipsi
1151 1236 1216 1286 dare
1224 1251 1264 1286 co-

728 1305 850 1370 laphum,
867 1305 896 1354 in
909 1305 1070 1356 memoriam
1085 1307 1264 1372 colaphorum

728 1375 840 1436 Christi,
860 1385 886 1426 et
904 1376 942 1427 sic
962 1391 1037 1426 orare
1060 1393 1067 1426 :
1089 1377 1166 1441 lesu,
1180 1377 1228 1442 qui
1247 1391 1265 1426 a

727 1448 834 1498 Judaeis
851 1448 1020 1515 colaphizari
1032 1448 1151 1511 voluisti,
1164 1449 1202 1499 da
1213 1448 1265 1499 ani·

728 1521 756 1570 lai
771 1520 810 1571 sic
826 1527 850 1570 le
864 1536 911 1571 ore
928 1521 1056 1586 confiteri,
1074 1526 1104 1570 ut
1117 1519 1265 1571 contrariis

729 1595 853 1660 operibus
868 1595 1021 1646 nullatenus
1035 1594 1212 1661 colaphisans.

771 1681 804 1730 14
831 1666 977 1716 Pancussro
1002 1681 1029 1716 ut
1055 1681 1151 1715 sacrun
1173 1664 1265 1717 Cum-

731 1753 781 1799 sr1‚
806 1753 861 1788 ouo
886 1753 1043 1788 oocuuanra
1062 1753 1096 1786 ax
1115 1753 1159 1800 an,
1182 1753 1267 1788 acras

730 1826 959 1861 courouuarrouts
983 1827 1016 1860 ar
1037 1825 1145 1860 oaarro.
1160 1837 1191 1847 —
1208 1809 1268 1860 Alii

729 1883 837 1946 palmas
857 1882 884 1932 in
897 1882 1001 1948 faciem
1021 1882 1047 1932 ei
1069 1880 1217 1944 dederuut,
1241 1890 1268 1931 et

731 1953 827 2004 faciem
855 1955 913 2019 ejus
937 1962 1133 2018 percusserunt.
1161 1950 1268 2003 Dicitur

731 2035 821 2076 autem
843 2027 942 2091 palma,
964 2025 1113 2075 secundum
1136 2022 1268 2088 Papiam,

732 2112 830 2146 manus
848 2108 965 2160 extensa,
987 2096 1029 2146 vel
1050 2093 1192 2160 applicata
1219 2092 1270 2143 sic-

732 2180 763 2220 ut
784 2185 891 2236 pugnus
909 2169 1009 2219 dicitur
1032 2183 1128 2218 manus
1151 2167 1269 2233 eomplo

732 2255 771 2290 sa.
794 2239 920 2290 Manibus
941 2255 1004 2304 ergo
1024 2237 1142 2288 extensis
1168 2245 1194 2286 et
1210 2236 1270 2303 pal·

733 2311 801 2376 mis,
824 2327 887 2362 eum
911 2312 940 2361 in
961 2310 1054 2361 faciem
1072 2317 1269 2375 percusserunt,

733 2399 765 2433 ex
793 2397 846 2448 qua
875 2382 1048 2448 percussione
1075 2381 1136 2446 plus
1161 2377 1269 2444 affligi·

732 2463 777 2505 tur
802 2453 901 2512 homo,
927 2467 1009 2518 quam
1038 2452 1070 2501 de
1095 2449 1269 2516 percussione

733 2525 762 2575 in
782 2524 860 2575 collo.
878 2525 906 2573 ln
928 2520 993 2573 facie
1008 2522 1081 2573 enim
1096 2530 1160 2573 sunt
1174 2534 1269 2571 omnes

732 2611 838 2655 sensus,
858 2606 883 2644 et
906 2604 971 2645 sunt
985 2594 1023 2644 ibi
1048 2593 1170 2644 membra
1186 2603 1265 2643 teue-

733 2683 770 2731 ra,
785 2667 863 2717 facile
879 2666 1010 2717 laesibilia.
1021 2665 1101 2716 Unde
1122 2663 1269 2716 verisimile

734 2751 783 2800 est,
797 2741 871 2807 quod
886 2756 918 2790 ex
933 2740 979 2790 tali
993 2739 1169 2810 percussione¹
1180 2736 1268 2789 fluxe-

735 2812 771 2861 rit
794 2810 906 2876 sanguis
930 2826 977 2876 per
1000 2825 1078 2860 nares
1095 2819 1122 2860 et
1141 2823 1183 2873 os,
1205 2807 1268 2859 licet

735 2882 786 2932 hoc
809 2881 843 2931 ab
858 2880 1036 2946 Evangelistis
1051 2895 1107 2930 non
1125 2877 1265 2945 exprima-

734 2964 787 3004 tur.
820 2953 844 3002 O
872 2968 954 3019 quam
981 2950 1148 3002 horrendum
1177 2950 1265 3005 scelus

735 3026 963 3093 impiissimorum
992 3026 1165 3085 Judoeorum,
1190 3022 1266 3090 quod

734 3098 829 3148 faciem
851 3108 906 3148 tam
925 3096 1082 3156 formosam,
1096 3104 1152 3145 tam
1173 3095 1269 3145 crude-

732 3170 794 3219 liter
813 3167 970 3218 verberibus
985 3164 1147 3217 affecerunt!
1162 3164 1272 3223 Voluit,

733 3238 882 3289 secundum
897 3236 1108 3303 Hieronymum,
1123 3235 1209 3301 alapis
1223 3250 1271 3286 ex-

734 3308 864 3375 palmari;
882 3317 913 3358 ut
933 3323 983 3358 nos
1004 3308 1029 3358 ei
1048 3309 1079 3358 in
1089 3307 1197 3358 laudem
1219 3322 1271 3357 no-

734 3380 797 3430 stris
821 3379 957 3440 manibus,
977 3380 1079 3431 scilicet
1100 3379 1230 3447 operibus
1244 3386 1270 3429 et

734 3450 814 3501 labiis
832 3450 1066 3516 applauderemus.
1082 3450 1122 3501 Ex
1133 3449 1186 3500 hoc
1199 3447 1269 3501 arti·

735 3521 795 3571 culo
820 3521 1002 3588 percussionis
1022 3521 1052 3571 in
1075 3519 1143 3570 facie
1162 3519 1272 3571 hahen-

735 3600 779 3641 tur
794 3592 872 3656 plura
893 3593 1062 3642 documenta.
1080 3590 1204 3641 Primum
1220 3597 1270 3647 est.

736 3664 809 3729 quod
820 3680 869 3716 nos
883 3665 1006 3730 exemplo
1017 3662 1120 3715 Christi
1134 3662 1273 3713 discamus

737 3736 867 3802 patienter
900 3737 1043 3799 sustinere,
1063 3735 1085 3786 si
1123 3735 1187 3802 quis
1222 3747 1273 3785 nos

737 3809 765 3860 in
789 3806 885 3863 faciem
913 3810 1013 3872 caedat,
1041 3808 1113 3860 sicut
1124 3808 1275 3877 Apostolus
