2626 4328
153 321 205 390 748

149 437 332 487 commisisset
341 427 540 503 predicationis
553 433 682 496 officium,

149 518 238 562 tumen
268 510 374 561 distulit
395 509 593 560 exsecutionem
613 521 683 576 prae-

148 580 264 644 dicandi,
289 598 376 648 usque
399 573 433 632 ad
454 581 572 648 Spiritus
592 581 682 633 Sancti

148 655 328 720 receptionem
353 653 382 703 in
397 654 475 720 signo
500 653 612 716 visibili,
637 669 684 720 per

148 725 200 775 hoc
214 723 361 786 insinuans,
376 723 447 790 quod
461 724 608 791 praedicans
623 734 682 775 actu

149 795 225 861 prius
239 794 318 844 debet
331 794 430 844 habere
444 792 622 846 sufficientem
636 809 682 844 sa·

147 876 198 914 crae
212 863 355 930 Scripturae
375 865 511 926 notitiam,
527 873 554 915 et
568 862 681 930 gratiam

148 929 266 1001 Spiritus
293 935 383 987 Sancti
412 952 460 1003 per
486 936 681 1001 conjecturam,

147 1005 250 1057 scillcet
267 1008 339 1073 quod
358 1024 410 1058 noo
435 1008 471 1059 sit
489 1007 615 1059 conscius
628 1007 681 1058 sibi

145 1077 179 1128 de
194 1090 299 1144 peccato
315 1079 432 1130 mortali.
453 1081 558 1131 Debent
578 1079 680 1146 quippe

146 1149 333 1216 praedicatores
347 1151 440 1200 sedere
462 1151 493 1200 in
516 1149 631 1210 civitate,
653 1150 680 1200 id

147 1230 188 1272 est
202 1220 229 1271 in
250 1223 375 1283 claustro,
398 1221 445 1272 ubi
469 1222 548 1273 debet
562 1236 619 1274 esse
642 1221 681 1272 ci-

144 1295 219 1346 tium
233 1296 333 1360 unitas,
347 1298 466 1347 vacando
490 1296 528 1346 ibi
552 1295 643 1348 studio
655 1307 680 1347 et

144 1367 391 1431 contemplationi,
419 1377 450 1417 ut
478 1367 516 1418 ibi
543 1366 679 1424 hauriant.

145 1437 217 1503 quod
234 1438 410 1502 postmodum
439 1437 467 1486 in
490 1437 680 1503 praedicatione

144 1505 205 1556 aliis
218 1505 366 1556 effundant.
383 1507 460 1556 Unde
471 1504 676 1574 Hieronymus:

145 1573 221 1627 Nihil
248 1578 328 1627 nobis
351 1588 454 1628 rectum
479 1577 602 1629 videatur
626 1579 678 1629 nisi
704 1603 709 1624 t

145 1647 219 1713 quod
243 1647 383 1708 discimus,
413 1657 442 1697 ut
471 1659 533 1714 post
561 1649 678 1699 multum

144 1716 284 1768 silentium
321 1718 354 1768 de
380 1716 522 1783 discipulis
556 1718 678 1783 magistri

145 1781 308 1851 efficiamur;
323 1789 450 1838 docemus
472 1799 562 1839 autem
586 1788 679 1839 homi-

144 1873 192 1911 nes
212 1860 242 1910 in
264 1860 391 1920 ecclesiis,
418 1861 490 1927 quod
517 1861 677 1912 nescimus:

145 1944 243 1983 omnes
257 1932 324 1982 alias
344 1943 414 1983 artes
439 1934 542 2000 absque
569 1934 678 1985 doctore

146 1999 362 2065 uon'discimus;
386 2003 442 2054 sola
457 2003 513 2055 haec
536 2013 591 2054 tam
616 2005 678 2056 uilis

102 2083 110 2095 ’
146 2085 174 2127 et
189 2086 244 2126 ram
259 2075 345 2125 facilis
357 2085 406 2135 est,
420 2085 451 2126 ut
464 2085 626 2142 praeceptore
636 2077 678 2127 vel

145 2147 255 2199 doctore
278 2163 334 2196 non
353 2156 437 2212 egeat.
459 2166 472 2195 u
496 2147 574 2198 Unde
586 2147 677 2208 etiarn,

145 2228 176 2270 ut
187 2218 225 2269 ait
240 2216 414 2284 Gregorius:
428 2237 440 2264 a
459 2217 613 2269 Notandum
628 2229 677 2278 est,

145 2287 210 2355 qula
246 2300 310 2339 sunt
336 2302 406 2354 quos
437 2302 452 2338 a
483 2289 679 2355 praedicationis

144 2359 235 2410 officio
271 2361 316 2411 vel
338 2360 507 2427 imperfectio
535 2361 577 2411 vel
614 2371 678 2412 aetas

142 2430 279 2495 prohibet,
294 2441 321 2480 et
332 2441 423 2481 tamen
438 2431 616 2498 praecipitatio
631 2431 678 2481 im-

144 2500 234 2566 pellit;
257 2502 304 2567 qui
333 2502 496 2551 admonendi
530 2511 615 2564 sunt,
646 2519 678 2552 ne

144 2568 210 2618 dum
231 2570 282 2619 sibi
299 2572 366 2620 tanti
387 2586 457 2622 onus
479 2570 559 2622 officii
584 2572 678 2638 praeci-

144 2638 276 2704 pitatione
290 2651 425 2705 arrogant,
454 2640 525 2691 viam
543 2640 596 2692 sibi
612 2642 677 2693 sub·

143 2709 282 2776 sequentis
296 2709 357 2758 vitae
374 2710 494 2759 melioris
508 2711 677 2761 abscindant.

144 2781 315 2831 Admonendi
332 2790 396 2830 sunt
417 2780 498 2830 etiam
518 2781 591 2846 quod
620 2783 678 2848 ipsa

142 2852 258 2916 Veritas,
268 2867 327 2918 quae
341 2859 450 2916 repente
463 2866 532 2916 quos
544 2851 624 2902 vellet
633 2869 677 2902 ro-

144 2920 240 2974 borare
255 2921 396 2988 potuisset,
411 2932 440 2972 ut
460 2924 615 2989 exemplum
632 2939 677 2974 se-

144 2995 292 3061 quentibus
304 2994 386 3054 daret,
398 3010 432 3044 ne
447 2994 595 3061 imperfecti
607 3010 677 3061 prae·

142 3061 249 3114 dicare'
276 3074 485 3130 praesumerent,
533 3076 676 3132 postquam

145 3135 223 3201 plene
247 3135 393 3202 discipulos
407 3136 440 3186 de
458 3137 557 3188 virtute
576 3137 676 3203 proedi·

144 3207 256 3258 cationis
269 3207 407 3267 instruxit,
430 3208 504 3258 illico
530 3209 672 3276 adjungit:

150 3280 204 3330 Vos
214 3286 302 3330 autem
314 3280 403 3330 sedete
416 3280 442 3330 in
453 3281 569 3344 civitate,
580 3283 677 3347 quoad-

145 3361 227 3414 usque
241 3350 391 3400 induamini
409 3350 508 3401 uirtute
519 3364 556 3401 ex
566 3352 632 3403 aito.
647 3353 675 3401 ln

144 3417 250 3468 civitate
270 3420 371 3485 quippe
393 3421 526 3480 sedemus,
555 3421 577 3470 si
606 3421 676 3471 intra

144 3491 275 3541 mentium
308 3504 461 3543 nostrarum
486 3508 536 3543 nos
562 3494 676 3544 claustra

142 3565 361 3631 constringimus,
375 3582 408 3616 ne
415 3566 552 3632 loquendo
561 3567 675 3619 exterius

143 3648 299 3703 evagemur,
327 3649 357 3688 ut
378 3654 440 3689 cum
463 3639 562 3690 virtute
584 3639 675 3691 divina

143 3709 257 3777 perfecte
283 3710 441 3772 induimur,
467 3721 531 3764 tunc
559 3713 636 3780 quasi
660 3728 679 3763 a·

142 3783 347 3849 nobismetipsis
369 3785 441 3836 foras
452 3787 534 3837 etiam
548 3788 616 3839 alios
627 3787 671 3837 in-

142 3864 276 3909 struentes
304 3870 429 3907 escamus
445 3873 451 3905 :
466 3875 480 3904 ιι
495 3857 551 3909 haet
563 3857 672 3924 Grego-

142 3940 210 3980 rius.

428 316 601 372 SECUNDAE
617 313 742 368 PARTIS
755 315 872 370 CAPUT
885 316 1010 369 LXXXII.

770 432 968 486 6Enucurtrua
992 447 1123 484 orsctrotr
1147 445 1182 482 sn
1203 448 1276 485 uon*

737 521 790 558 ran
807 506 930 559 Otrvsrr.
946 503 1138 557 -Comedunt
1150 505 1237 572 igitur
1249 517 1276 558 et

737 578 854 643 gaudent
872 577 1007 645 discipuli,
1025 586 1135 643 propter
1149 590 1275 642 praesen-

736 649 802 698 tiam
819 648 929 699 Domini
947 649 999 710 sui,
1019 649 1065 698 sed
1088 647 1276 699 nihilominus

737 729 847 785 propter
882 720 1032 770 discessum
1066 717 1168 768 turbati
1198 728 1272 771 sunt.

736 789 823 840 Tanta
858 792 932 842 enim
962 790 1061 841 amoris
1088 789 1272 842 teneritudine

736 875 796 910 eum
821 860 977 928 diligebant,
994 861 1067 927 quod
1088 859 1171 909 etiam
1191 861 1271 913 verbs

735 930 908 982 discessionis
919 944 974 982 suoe
988 944 1066 996 aequo
1077 929 1172 980 animo
1187 933 1270 984 susti·

717 1031 720 1039 ,
736 1016 799 1052 nere
813 1016 868 1052 non
883 1013 1015 1068 poterant.
1030 1003 1155 1067 Cumque
1176 1018 1271 1055 coms*

735 1071 846 1134 dissent,
870 1074 967 1124 eduxit
990 1087 1036 1125 eos
1060 1086 1168 1134 omnes,
1187 1077 1270 1127 verbo

734 1144 845 1206 scilicet,
869 1162 924 1196 non
948 1159 1040 1206 manu,
1054 1147 1148 1212 joras,
1177 1147 1207 1198 id
1230 1157 1270 1199 est

735 1225 808 1267 extra
828 1216 971 1276 civitatem,
996 1217 1022 1267 in
1046 1218 1218 1283 Bethaniam,
1241 1219 1267 1268 id

735 1298 775 1339 est
796 1302 889 1340 versus
911 1290 1080 1350 Bethaniam,
1101 1290 1168 1356 quia
1191 1304 1269 1342 moos

735 1362 842 1427 Oliveti,
864 1362 897 1413 ad
921 1375 1003 1428 quem
1019 1363 1152 1423 exierunt,
1175 1374 1218 1415 est
1240 1364 1267 1414 in

733 1431 777 1482 via
790 1431 883 1484 tiersus
900 1433 1074 1496 Bethaniam3
1092 1442 1118 1483 et
1138 1435 1282 1486 Bethania·

734 1502 763 1552 in
787 1504 868 1555 latere
892 1504 994 1554 montis
1018 1504 1118 1555 Oliveti
1142 1515 1185 1556 est
1209 1506 1269 1558 sita

733 1575 843 1627 Eduxit
857 1591 903 1628 eos
915 1578 1008 1643 sorar,
1024 1586 1055 1626 ut
1067 1577 1194 1629 viderent
1207 1592 1265 1629 eum

733 1650 933 1710 ascendentem,
958 1665 1005 1715 per
1032 1649 1084 1700 hoc
1112 1648 1265 1711 insinuans,

733 1721 805 1786 quod
833 1721 924 1772 civitas
951 1722 1120 1772 tumultuosa
1143 1737 1202 1773 non
1229 1733 1267 1775 est

732 1792 807 1842 locus
821 1802 899 1858 aptus
915 1793 947 1842 ad
968 1792 1126 1842 divinorum
1144 1804 1266 1846 contem·

731 1862 888 1928 plationem.
911 1863 989 1914 Prius
1006 1864 1103 1914 eduxit
1122 1878 1171 1916 eos
1184 1865 1267 1932 sorar

732 1942 806 1983 extra
820 1933 966 1996 civitatem,
980 1944 1011 1984 ut
1025 1933 1192 2000 significaret
1214 1952 1265 1987 non

732 2002 831 2054 habere
854 2020 905 2054 nos
927 2003 972 2055 hic
994 2015 1151 2056 manentem
1173 2007 1265 2058 civita-

731 2082 803 2137 tem;
818 2075 915 2125 deinde
928 2076 954 2125 in
972 2076 1140 2140 Bethaniam,
1155 2092 1217 2144 qum
1228 2078 1269 2128 in·

731 2153 890 2210 terpretatur
911 2145 1004 2197 domus
1025 2147 1186 2200 obedientiae
1206 2166 1215 2200 .·
1237 2157 1265 2198 ut

732 2213 778 2280 qui
794 2230 825 2264 ex
840 2215 994 2266 obedientia
1008 2218 1157 2280 descendit,
1173 2228 1201 2270 et
1214 2216 1265 2269 hu-

732 2284 852 2337 miliatus
878 2296 934 2347 est,
957 2303 1043 2354 usque
1071 2289 1104 2338 ad
1132 2301 1261 2350 mortem,

731 2357 889 2407 ostendatur
920 2370 952 2407 ex
979 2359 1076 2408 merito
1104 2360 1264 2412 obedientia

730 2429 892 2489 ascendisse,
921 2439 948 2480 et
970 2431 1078 2480 exaltari
1103 2432 1131 2482 in
1157 2435 1261 2492 coelum,

730 2500 879 2551 secundum
894 2500 962 2550 illud
977 2501 1165 2553 :Humiliauit
1175 2510 1263 2554 semti-

731 2573 825 2640 ipsum,
849 2574 946 2639 sactus
970 2574 1094 2624 obediens
1122 2588 1206 2643 usque
1229 2574 1264 2627 ad

731 2653 859 2709 moriem,
888 2653 1002 2712 propter
1032 2649 1103 2713 quod
1137 2655 1165 2700 ei
1192 2651 1264 2701 Deus

731 2719 867 2769 exaltavit
892 2720 988 2784 illum;
1011 2730 1037 2770 et
1061 2730 1091 2770 ut
1109 2721 1199 2788 signet
1220 2738 1264 2789 per

731 2788 891 2839 obedientiae
904 2793 985 2855 opera
1001 2803 1046 2841 eos
1056 2792 1222 2844 transituros
1233 2790 1265 2843 ad

730 2855 855 2921 coelestia,
871 2869 897 2908 et
913 2861 987 2925 quod
1004 2878 1059 2910 non
1077 2871 1118 2911 est
1137 2858 1264 2914 ascensus

731 2927 760 2978 in
775 2929 882 2989 coelum,
896 2930 949 2980 nisi
967 2946 1013 2996 per
1026 2932 1188 2984 obedientiae
1207 2936 1264 2984 ine-

730 2998 827 3065 ritum;
843 3001 915 3051 sicut
932 3017 995 3068 ergo
1014 3003 1199 3055 inobedientia
1213 3005 1264 3054 lto·

731 3069 834 3121 minem
858 3073 890 3122 de
905 3073 1027 3138 paradiso
1042 3073 1126 3137 ejecit,
1144 3075 1185 3126 sic
1199 3077 1264 3126 obe-

730 3145 831 3197 dientia
851 3146 1008 3197 introducit.
1027 3148 1101 3208 item,
1114 3151 1264 3200 secundum

730 3215 842 3280 Bedam,
864 3218 962 3269 eduxit
981 3233 1027 3269 eos
1050 3219 1077 3269 in
1102 3220 1263 3272 Bethaniam

731 3298 839 3352 propter
858 3289 942 3339 situm
967 3288 1086 3354 ejusdem
1103 3289 1186 3353 villae,
1204 3306 1264 3359 quae

730 3356 759 3407 in
778 3357 860 3407 latere
884 3360 986 3410 montis
1009 3360 1152 3412 olivarum
1178 3360 1265 3428 posita

730 3437 778 3488 est,
790 3428 854 3494 quia
867 3431 991 3482 videlicet
1003 3432 1156 3484 obedientis
1168 3435 1264 3485 Eccle-

729 3500 775 3550 siae
795 3501 902 3564 domus,
917 3503 946 3552 in
961 3504 1047 3569 ipsius
1063 3507 1167 3556 summi
1183 3521 1264 3556 mon·

728 3572 772 3633 tls,
788 3573 814 3622 id
829 3584 869 3624 est
883 3574 984 3626 Christi
1001 3577 1090 3636 latere,
1106 3575 1179 3643 fidei,
1195 3579 1265 3646 spei,

727 3643 943 3711 dilectionisque,
959 3648 1007 3697 sua
1027 3646 1203 3699 fundamenta
1220 3650 1262 3700 lo-

727 3715 803 3766 cauit.
837 3717 981 3782 Postquam
1017 3734 1080 3784 ergo
1113 3735 1161 3770 eos
1192 3721 1265 3771 foras

726 3785 856 3851 duxisset,
876 3798 939 3839 tunc
964 3789 1033 3840 dixit
1058 3789 1106 3850 eis,
1130 3792 1206 3858 quod
1232 3792 1260 3842 in

727 3867 848 3909 montem
867 3856 964 3909 Oliveti
980 3861 1135 3924 transirent,
1156 3872 1183 3915 et
1197 3863 1265 3921 ,inde

726 3946 790 3982 eum
813 3932 841 3982 in
860 3933 956 3984 coelum
977 3936 1163 3987 ascendentem
1183 3937 1261 3989 vide·
