2626 4328
150 221 196 270 DE
211 221 399 273 CONCURSU
415 221 533 272 DISCIP.
549 221 594 270 ET
608 220 799 272 MULIERUM·
807 223 855 273 AD
871 225 1117 278 SEPULCHRUM.
1162 226 1212 293 671

105 346 164 398 cte;
179 336 277 401 legitur
287 336 357 386 enim
372 335 400 385 in
414 336 484 386 libro
498 334 632 395 iudicum,

106 421 170 458 tunc
193 409 348 456 Samsonem
373 421 521 473 asportasse
544 416 632 471 portas

105 481 182 530 Gazae
195 479 320 544 usquein
334 479 506 542 supercilium
522 477 631 527 montis,

685 349 743 384 esse
764 337 901 402 possibile,
919 340 991 405 quod
1017 340 1141 391 humanae
1160 340 1216 392 fra·

685 404 781 469 gilitati
806 408 945 460 videbatur
970 411 1147 476 impossibile.
1176 412 1215 462 Et

685 477 855 541 respicientes
870 482 993 532 viderant
1008 483 1154 533 revolutum
1170 483 1214 533 la·
1232 528 1235 536 .

104 549 208 599 Solutio
235 561 323 598 autem
353 547 546 599 contrarietatis
574 559 631 607 est,
680 548 778 612 pidem,
797 567 845 617 per
865 555 1009 621 Angelum,
1026 555 1072 620 qui
1088 557 1212 620 praebens

104 622 177 686 quod
198 621 223 669 in
240 632 359 686 tempore
374 622 462 671 medio
477 621 544 671 inter
558 620 631 671 dilu-

104 692 193 742 culum
217 703 243 741 et
266 693 381 741 mediam
412 704 516 743 noctem
540 708 631 743 surre-

103 762 143 812 xit
160 779 166 812 :
183 782 195 808 n
212 763 268 813 haec
281 765 380 813 Petrus
396 765 505 815 Cantor.

134 851 153 899 4
179 835 373 885 Coctrnrronas
398 852 552 897 uunmauu,
575 851 631 886 buu

104 921 220 954 vanrunr
241 923 274 955 nn
297 922 480 957 serviacuuun.
504 936 534 946 -
559 909 630 959 Dum

104 992 167 1042 ergo
199 976 325 1026 mulieres
360 979 392 1026 ad
424 988 630 1028 monumentum

104 1060 196 1100 euntes
219 1061 308 1100 essent
322 1062 395 1100 extra
410 1061 512 1116 portam
527 1051 630 1101 Civita-

102 1120 146 1181 tis,
163 1123 321 1173 revocabant
336 1123 367 1171 ad
384 1123 540 1172 memoriam
558 1122 630 1172 affii-

101 1191 202 1242 ctiones
225 1204 251 1242 et
274 1208 365 1258 poenas
391 1193 432 1242 sui
457 1193 578 1258 Magistri
605 1204 630 1243 et

100 1264 221 1325 Domini,
249 1277 273 1315 et
302 1266 330 1315 in
354 1267 482 1315 omnibus
512 1266 578 1316 locis
602 1266 629 1315 in

99 1335 198 1400 quibus
211 1348 302 1386 contra
315 1337 404 1401 ipsum
420 1336 572 1386 notabiliter
585 1336 630 1387 ali·

101 1408 167 1473 quid
202 1410 300 1458 factum
334 1409 438 1469 fuerat,
469 1410 630 1475 aliquantu-

101 1480 157 1528 lum
184 1481 382 1539 subsistebant,
410 1479 628 1546 genuflectentes,

102 1561 128 1602 et
156 1555 307 1602 osculantes
331 1563 438 1611 terram,
462 1553 578 1618 gemitus
605 1563 630 1605 et

101 1624 216 1687 suspiria
243 1624 348 1686 dantes,
374 1635 454 1689 atque
482 1625 599 1676 dicentes
621 1642 628 1674 ι

103 1693 152 1741 Hic
168 1693 337 1742 obviavimus
359 1693 382 1742 ei
406 1710 466 1743 cum
483 1710 559 1745 cruce
580 1711 628 1745 su-

101 1779 148 1828 per
161 1766 270 1827 collum,
285 1764 393 1829 quando
412 1767 495 1815 Mater
508 1767 566 1831 ejus
584 1781 629 1816 se-

101 1837 246 1885 mimortua
261 1837 327 1886 facta
340 1848 394 1899 est;
410 1849 435 1886 et
449 1837 493 1887 hic
507 1854 536 1888 se
549 1838 629 1888 vertit

99 1909 132 1958 ad
149 1909 289 1973 mulieres;
312 1910 356 1959 hic
376 1925 481 1960 crucem
505 1910 629 1978 deposuit

100 1981 237 2046 fatigatus,
260 1991 286 2030 et
308 1998 389 2047 super
414 1983 466 2033 isto
490 1984 577 2049 lapide
599 1999 629 2034 se

101 2069 242 2118 parumper
258 2055 426 2119 appodiavit3
446 2057 490 2106 hic
511 2057 561 2106 fuit
581 2056 628 2107 ubi

101 2123 138 2172 sic
159 2123 303 2173 crudeliter
321 2136 346 2174 et
369 2125 473 2177 fortiter
492 2143 554 2177 eum
575 2127 629 2176 im-

93 2195 236 2257 pulerunt,
252 2204 281 2243 ut
300 2197 417 2247 velocius
433 2199 590 2258 ambularet,
603 2206 629 2248 et

100 2282 162 2316 eum
178 2269 255 2332 quasi
280 2285 384 2320 currere
406 2283 561 2337 coegerunt;
585 2272 628 2322 hic

99 2338 279 2403 spoliaverunt
293 2356 354 2390 eum
371 2351 396 2391 et
411 2344 587 2407 nudaverunt,
603 2354 629 2393 et

98 2412 143 2461 hic
156 2429 219 2463 eum
233 2414 317 2464 crucis
331 2416 450 2480 patibulo
464 2415 605 2466 affixerunt
619 2434 626 2466 :

99 2492 125 2531 et
154 2493 218 2532 tunc
248 2500 309 2533 cum
337 2500 435 2550 magno
460 2487 574 2536 clamore
603 2496 629 2536 et

99 2553 276 2604 inundatione
290 2556 467 2621 lacrymarum
484 2556 629 2622 prociden-

99 2633 139 2674 tes
162 2625 190 2674 in
215 2625 293 2676 facies
322 2643 384 2677 suas
404 2627 589 2691 adoraverunt,
604 2636 629 2678 et

100 2696 224 2744 osculatae
244 2708 307 2747 sunt
327 2713 441 2757 crucem,
458 2698 546 2748 adhuc
567 2712 629 2764 pre-

99 2765 170 2815 tioso
188 2769 318 2832 sanguine
342 2769 511 2820 rubricatam.
527 2769 629 2820 Deinde

100 2847 258 2901 surgentes,
285 2847 310 2887 et
333 2855 426 2889 versus
454 2840 629 2905 sepulchrum

100 2916 203 2965 euntes,
219 2923 280 2956 cum
300 2925 380 2959 sexus
398 2911 439 2960 sui
456 2910 629 2975 fragilitatem

100 2977 308 3037 considerarent,
321 2992 347 3029 et
360 2979 574 3044 magnitudinem
587 2981 628 3029 la-

100 3044 171 3108 pidis
193 3048 347 3107 recolerent,
368 3051 415 3114 qui
437 3058 493 3098 tam
514 3065 629 3116 magnus

97 3116 183 3168 fuisse
199 3119 291 3180 fertur,
309 3132 339 3171 ut
358 3122 402 3171 vix
421 3137 436 3172 a
453 3121 553 3187 viginti
576 3123 629 3173 ho-

99 3187 221 3238 minibus
233 3191 334 3240 moveri
350 3202 447 3256 posset,
458 3191 581 3242 dicebant
593 3193 630 3243 ad

99 3257 217 3319 invicem,
237 3269 264 3309 et
286 3262 468 3326 colloquentes
489 3277 518 3311 se
534 3271 653 3313 mutuo·

97 3327 309 3394 interrogabant,
334 3333 393 3397 quis
415 3333 531 3383 revolvet
555 3334 630 3384 nobis

96 3397 213 3464 lapidem
227 3402 261 3451 ab
272 3402 341 3452 ostio
352 3403 518 3465 monimenti,
533 3413 563 3453 ut
576 3406 631 3455 sci·

95 3470 157 3521 licet
188 3472 324 3535 possimus
353 3472 383 3521 in
409 3473 476 3523 illud
506 3474 629 3539 ingredi?

96 3541 179 3600 Quasi
192 3543 310 3593 dicerent
323 3559 330 3592 ε
348 3544 407 3593 Non
420 3559 566 3609 possumus
580 3560 627 3609 per

97 3614 219 3679 nosipsas
230 3615 373 3664 revolvere.
385 3615 456 3664 Erat
469 3617 564 3682 quiprpe
576 3631 629 3666 ma·

96 3697 169 3748 gnus
189 3680 275 3734 valde.
291 3687 341 3734 Sed
356 3685 479 3750 quamvis
500 3685 564 3736 talia
583 3686 628 3735 di·

97 3768 198 3815 cerem,
214 3773 267 3806 non
289 3767 377 3806 tamen
401 3757 434 3806 ab
455 3756 561 3822 incepto
580 3757 628 3808 iti-

100 3842 163 3878 nere
184 3829 332 3889 cessabant,
353 3829 490 3879 credentes
510 3828 629 3879 Domino

685 618 801 670 Domino
826 637 874 672 suo
900 626 1079 691 obsequium,
1107 636 1213 676 venerat

684 687 716 737 ad
740 690 966 744 manifestandum
987 695 1088 746 Christi
1111 697 1213 746 Resur-

684 761 828 812 rectionem
855 766 908 830 jam
935 768 1042 832 factam,
1072 779 1097 819 et
1123 768 1212 833 ipsum

683 833 817 898 Angelum
840 836 949 888 Domini
972 841 1109 889 sedentem
1134 855 1214 905 super

683 905 800 970 lapidem
822 920 895 959 extra
914 923 1130 962 monumentum.
1152 914 1213 962 Mo·

685 989 846 1029 numentum
874 993 959 1047 potest
985 983 1035 1032 dici
1061 983 1213 1049 Scriptura,

684 1048 780 1114 inqua
797 1052 931 1103 Dominus
947 1055 1012 1103 olim
1036 1056 1117 1119 jacuit
1140 1057 1213 1106 mul-

684 1120 718 1169 tis
730 1120 824 1187 figuris
842 1126 1003 1188 occultatus;
1021 1127 1066 1175 sed
1083 1136 1142 1191 post
1158 1127 1213 1177 Re-

684 1195 875 1246 surrectionem
894 1199 1013 1263 Angelus
1034 1198 1124 1263 magni
1138 1214 1213 1248 con-

684 1265 737 1315 silii
749 1267 891 1334 Scripturae
903 1270 1085 1320 difficultatem
1102 1270 1213 1334 aperuit.

685 1335 770 1395 Unde,
792 1341 941 1390 secundum
956 1342 1067 1402 Bedam,
1083 1341 1213 1391 revolutio

683 1410 779 1476 lapidis
805 1411 916 1475 mystice
941 1412 1135 1461 revolutionem
1163 1413 1213 1461 Sa·

684 1490 881 1531 eramentorum
899 1482 1009 1542 Christi,
1024 1497 1083 1548 quae
1099 1481 1213 1531 velami-

683 1568 716 1602 ne
741 1552 835 1603 litterae
861 1553 953 1618 legalis
976 1555 1121 1618 tegebatur,
1147 1551 1213 1603 insi-

683 1634 761 1687 nuat,
786 1625 840 1673 Lex
856 1626 931 1674 enim
953 1625 981 1674 in
1007 1625 1093 1690 lapide
1115 1623 1212 1689 scripta

682 1698 743 1760 fuit,
759 1708 784 1748 et
803 1697 862 1747 ideo
879 1713 925 1762 per
949 1698 1064 1764 lapidem
1086 1699 1212 1764 designa-

684 1777 735 1817 tur.
752 1768 793 1826 Et,
808 1768 956 1817 secundum
973 1770 1107 1828 eumdem,
1122 1769 1212 1834 Ange-

682 1838 725 1888 lus
752 1838 859 1888 sedebat
885 1854 965 1901 super
994 1840 1128 1904 lapidem,
1157 1854 1212 1904 quo

683 1907 782 1959 ostium
800 1909 969 1958 monumenti
984 1910 1163 1969 claudebatur,
1182 1918 1213 1959 ut

683 1978 797 2027 claustra
813 1977 962 2028 inferorum
982 1994 1030 2028 sua
1044 1979 1133 2044 ipsum
1154 1980 1212 2028 Do-

684 2048 789 2098 minum
818 2048 915 2099 virtute
943 2050 1068 2114 dejecisse
1097 2051 1210 2101 doceret.

683 2119 829 2179 Moraliter,
849 2119 894 2168 hic
916 2121 984 2184 lapis
1009 2120 1131 2185 designat
1154 2136 1211 2185 poe-

683 2189 804 2239 nitentiae
820 2193 933 2254 pondus,
948 2191 981 2239 ad
996 2191 1069 2254 quod
1083 2190 1212 2255 aspicien-

683 2269 722 2310 tes
743 2261 902 2326 incipientes
919 2263 950 2311 ad
972 2262 1057 2311 Deum
1082 2263 1211 2322 converti,

682 2333 778 2382 timere
790 2332 930 2398 incipiunt,
944 2349 977 2384 ne
990 2334 1094 2398 possint
1107 2334 1211 2384 inchoa-

683 2412 736 2452 tam
750 2403 935 2468 poenitentiam
947 2419 1141 2465 consummare,
1152 2405 1212 2454 ideo

682 2473 777 2523 dicunt
794 2473 1021 2538 ingemiscentes:
1038 2475 1104 2535 Quis
1124 2475 1213 2526 revol-

682 2550 725 2594 vet
744 2545 819 2594 nobis
842 2544 957 2610 lapidem
971 2548 1005 2596 ab
1027 2547 1097 2598 ostio
1117 2561 1212 2598 monn-

683 2618 771 2680 menti,
787 2617 815 2667 id
832 2629 872 2668 est
890 2620 999 2670 acorde
1013 2620 1040 2669 in
1054 2637 1109 2686 quo
1130 2620 1214 2671 Chri-

683 2700 740 2740 stus
746 2690 848 2740 affectat
857 2691 980 2756 sepeliri?
992 2692 1044 2742 Sed
1053 2709 1107 2742 non
1116 2693 1213 2743 debent

682 2761 804 2813 diffidere
826 2772 852 2814 et
875 2764 1053 2827 retrocedere3
1078 2765 1123 2815 sed
1150 2779 1213 2814 cum

683 2833 728 2883 his
743 2833 903 2884 mulieribus
917 2834 1042 2883 cominus
1056 2834 1211 2898 procedere;

683 2902 823 2953 descendet
851 2904 924 2953 enim
947 2905 1067 2968 Angelus
1091 2903 1123 2952 de
1151 2917 1213 2952 coe·

683 2977 723 3037 10,
752 2974 778 3022 id
800 2984 841 3025 est
863 2975 946 3040 gratia
969 2975 1086 3040 Spiritus
1106 2973 1212 3034 Sancti,

683 3058 743 3110 quae
762 3043 878 3108 lapidem
893 3044 1037 3103 amovebit,
1050 3044 1114 3109 quia
1126 3053 1213 3094 totum

684 3113 790 3180 pondus
804 3113 969 3178 poenitentiae
984 3113 1140 3163 sublevavit.
1156 3114 1214 3179 lpse

683 3187 755 3237 enim
770 3185 906 3236 Dominus
918 3187 956 3237 ait
977 3204 984 3238 ς
1009 3188 1112 3252 lugam
1129 3201 1213 3238 meum

684 3271 765 3308 suave
782 3264 830 3319 est,
847 3263 872 3308 et
889 3273 956 3308 onus
976 3272 1060 3309 meum
1076 3259 1139 3322 leve,
1161 3259 1214 3310 sci-

683 3330 746 3379 licet
759 3328 900 3392 adjuvante
914 3331 997 3395 gratia
1013 3331 1071 3381 Dei.

716 3399 729 3451 5
753 3402 899 3452 Arranrrro
923 3418 1092 3453 nnceuonun.
1122 3430 1153 3440 -
1176 3405 1215 3454 Et

683 3472 845 3522 introeuntes
869 3473 903 3522 ab
927 3474 1048 3533 Oriente,
1073 3475 1099 3525 in
1121 3490 1215 3526 monu-

683 3549 805 3606 mentum,
821 3544 849 3594 id
869 3555 909 3596 est
934 3546 1002 3597 intra
1018 3548 1167 3598 clausuram
1190 3558 1216 3599 et

683 3615 875 3664 domunculam
898 3618 1055 3680 rotundam,
1080 3626 1215 3684 quaerat

682 3685 750 3734 circa
774 3685 955 3750 sepulchrum,
980 3688 1103 3739 viderunt
1130 3689 1214 3738 alium

682 3758 825 3822 Angelum,
841 3758 972 3809 sedentem
992 3761 1019 3811 t'n
1037 3762 1144 3811 dextris
1169 3773 1215 3809 se-

682 3829 790 3894 pulchri
806 3830 878 3890 lesu,
893 3831 965 3882 stola
977 3832 1094 3883 eandida
1107 3843 1214 3897 cooper-
