2626 4328
288 124 488 181 CONCLUSIO
503 118 596 173 LIBRI
614 118 660 168 ET
676 119 844 171 SlGNATIO
861 119 953 171 EJUS.

52 269 108 302 non
124 267 238 303 moerore
251 246 430 301 contrahitur.
445 243 476 292 ln
493 235 589 319 labori·

51 327 102 374 bus
124 333 214 374 manet
230 317 401 388 aequanimis,
415 314 484 364 inter
496 321 588 392 minas

52 409 172 453 securus,
198 394 267 443 inter
289 388 476 440 blandimenta
496 396 588 432 incor-

52 474 157 529 ruptus,
184 463 254 513 inter
278 468 412 512 tormenta
440 457 589 531 perseverat

53 534 179 596 invictus,
207 534 236 583 in
252 542 339 582 morte
360 542 465 592 semper
484 533 525 574 est
544 537 589 572 vr-

52 621 111 655 vus.
143 605 218 655 Sicut
253 603 281 652 in
319 601 445 652 thesauro
474 593 589 674 cupidus

54 679 160 744 gaudet,
177 688 203 728 et
218 677 287 726 sicut
304 675 332 724 in
347 686 440 724 amore
454 667 526 720 unici
540 665 589 721 filii

53 751 199 799 delectatur
221 757 324 810 mater,
351 745 387 795 ita
411 740 539 809 gaudium
563 745 590 786 et

54 819 195 882 delectatio
217 828 257 867 est
278 826 351 882 grata
368 814 395 863 in
409 811 518 862 caritate
533 817 588 868 tua,

54 890 141 940 dulcis
153 890 226 948 Jesu,
243 888 339 937 animae
354 882 455 935 amanti
471 892 506 932 te.
521 880 590 929 Dul-

55 962 120 1011 cedo
136 959 233 1017 mellis,
249 957 366 1008 suavitas
381 955 466 1015 lactis,
478 951 535 1003 vini
552 965 591 1000 sa·

56 1034 105 1096 por
131 1029 279 1087 inebrians,
305 1036 460 1090 cunctaeque
486 1020 590 1073 deliciae

58 1119 113 1152 non
128 1102 166 1151 sic
181 1101 313 1150 oblectant
325 1099 414 1149 fauces
424 1093 589 1164 gustantium

55 1188 93 1232 se,
110 1181 140 1221 ut
163 1186 238 1220 amor
263 1182 326 1219 tuus
349 1177 452 1218 mentes
473 1165 591 1231 diligen-

58 1245 127 1294 tium
142 1253 167 1292 te
183 1259 189 1292 ε
205 1261 218 1288 n
234 1242 291 1292 haec
309 1240 462 1292 Anselmus.

88 1313 217 1377 4Nonsn
234 1313 331 1361 Domni
351 1312 414 1361 Jssu
437 1323 506 1359 osso
522 1322 590 1357 cou-

58 1400 192 1434 rranruu.
213 1383 293 1432 -Et
316 1390 346 1432 ut
368 1380 455 1447 magis
478 1379 511 1429 ad
533 1378 592 1427 haec

57 1456 150 1505 omnia
172 1454 333 1520 provoceris,
360 1464 386 1504 et
408 1465 438 1503 ut
459 1451 504 1502 hic
522 1450 591 1500 liber

58 1528 86 1577 in
102 1527 212 1576 nomine
228 1526 314 1591 ipsius
330 1523 441 1574 Domini
456 1523 528 1584 Jesu,
543 1519 591 1589 qui

1121 119 1172 171 823

640 244 716 299 parat
738 251 844 298 sensus,
860 236 973 287 virtutes
995 237 1113 298 roborat,
1129 253 1177 288 ve·

641 315 713 370 gerat
736 322 834 371 mores,
854 316 881 358 et
901 317 978 358 actus
996 309 1083 358 bonos
1097 317 1178 374 atque

642 377 780 438 honestos,
798 376 939 444 casiasque
965 378 1035 429 fovet
1058 377 1178 429 affectio-

642 449 812 500 uastandos
826 461 867 501 est
876 450 967 500 omnis
983 450 1179 520 animaecibus,

641 520 664 570 si
679 536 734 570 non
750 522 801 572 isto
816 524 875 574 oleo
891 523 1058 585 infunditur3
1073 523 1177 589 insipi-

641 593 692 642 dus
709 602 758 653 est,
772 593 795 644 si
820 610 874 644 non
895 595 947 644 hoc
965 595 1020 644 sale
1041 595 1176 646 conditur.

641 663 669 713 Si
689 664 799 726 scribas,
814 681 870 715 non
884 665 953 731 sapit
968 665 1047 730 mihi,
1067 666 1120 716 nisi
1136 667 1179 717 le·

641 750 705 800 gero
732 734 769 785 ibi
797 737 905 800 Jesum;
930 737 952 786 si
981 737 1105 803 disputes
1133 749 1180 790 aut

641 805 772 868 conferas,
794 823 849 858 non
870 808 941 874 sapit
964 809 1043 869 mihi,
1060 809 1113 860 nisi
1131 826 1178 860 so-

642 877 732 927 nuerit
750 878 788 928 ibi
808 879 893 929 lesus.
905 880 991 941 ,lesus
1004 881 1057 929 mel
1073 880 1101 930 in
1121 896 1176 940 ore,
1237 899 1240 906 ’

642 947 671 998 in
695 965 758 1001 aure
781 952 876 1011 melos,
907 951 935 1001 in
960 952 1041 1002 corde
1066 953 1176 1017 jubilus.

642 1019 694 1069 Sed
709 1030 750 1070 est
769 1029 796 1070 et
812 1021 957 1073 medicina.
973 1023 1109 1073 Tristatur
1123 1023 1176 1074 ali-

641 1090 704 1156 quis
717 1091 857 1141 vestrum?
870 1091 965 1142 Veniat
983 1092 1008 1141 in
1029 1108 1075 1142 cor
1089 1095 1177 1155 lesus,

642 1174 668 1214 et
696 1163 759 1214 inde
785 1165 863 1215 saliat
890 1165 919 1216 in
941 1181 984 1230 os3
1010 1175 1037 1217 et
1062 1182 1121 1217 ecce
1143 1170 1177 1219 ad

642 1245 764 1286 exortum
793 1236 913 1288 nominis
937 1239 1030 1287 lumen
1053 1238 1177 1289 nubilum

643 1321 724 1357 omne
736 1307 853 1373 diffugit,
865 1306 935 1378 redit
949 1322 1086 1358 serenum.
1102 1308 1181 1359 Labi·

643 1387 687 1426 tur
710 1377 771 1443 quis
790 1377 819 1427 in
833 1378 945 1438 crimen,
962 1377 1048 1427 currit
1068 1378 1180 1443 insuper

643 1449 675 1498 ad
704 1450 831 1514 laqueum
866 1449 963 1501 mortis
991 1448 1179 1515 desperando?

644 1519 742 1570 Nonne
753 1519 776 1570 si
796 1520 903 1571 invocet
917 1537 1015 1571 nomen
1031 1521 1103 1584 vitae,
1117 1536 1180 1570 con-

59 1609 99 1650 est
122 1600 192 1649 liber
217 1601 346 1664 signatus,
369 1596 544 1648 concludatur
566 1604 592 1645 et
613 1584 620 1628 ¹
643 1591 733 1642 sestim
769 1592 911 1660 respirabit
937 1595 969 1644 ad
997 1593 1099 1644 vitam?
1129 1593 1181 1644 Cui

60 1673 190 1736 signetur,
211 1672 317 1721 attende
334 1671 407 1735 quod
427 1668 527 1718 dehoc
547 1683 592 1718 sa-

60 1742 139 1792 lutari
157 1742 269 1792 nomine
287 1743 359 1804 Jesu,
374 1739 532 1790 Bernardus
544 1753 592 1788 su·

60 1827 108 1877 per
136 1812 187 1862 hoc
212 1813 294 1862 verbo
323 1828 329 1860 :
358 1810 451 1861 Oleum
479 1807 592 1875 effusum

60 1889 246 1945 nomentanam,
262 1882 364 1942 scribit,
383 1881 474 1931 dicens
491 1896 498 1930 :
515 1900 526 1925 a
547 1879 593 1930 Est

60 1953 153 2018 procul
167 1952 251 2002 dubio
265 1952 335 2002 inter
346 1953 436 2002 oleum
452 1961 478 2000 et
493 1965 592 1999 nomen

60 2025 159 2091 Sponsi
182 2025 343 2085 similitudo,
361 2040 409 2075 nec
429 2024 516 2074 otiose
530 2024 593 2089 Spi-

60 2099 129 2148 ritus
146 2101 258 2148 Sanctus
281 2098 439 2149 alterutrum
454 2112 594 2163 compara-

59 2168 107 2218 vit.
135 2169 193 2234 Ego
226 2177 315 2218 autem
345 2169 406 2218 dico
434 2168 461 2218 in
495 2166 594 2234 triplici

60 2239 177 2304 quadam
198 2238 326 2304 qualitate
341 2238 402 2298 olei,
420 2239 493 2305 quod
515 2239 594 2296 lucet,

61 2311 154 2376 pascit,
169 2310 248 2376 ungit
273 2327 280 2359 :
303 2311 325 2360 si
351 2326 398 2360 vos
422 2311 522 2361 melius
541 2325 596 2360 non

61 2384 176 2433 habetis.
199 2385 282 2434 Fovet
304 2384 405 2449 ignem,
431 2384 516 2434 nutrit
537 2398 597 2433 car-

63 2454 216 2512 nem‚,lenit
230 2454 361 2505 dolorem.
378 2455 436 2504 Lux
452 2464 502 2518 est,
518 2453 597 2504 cibus

62 2535 112 2582 est,
127 2522 261 2573 medicina
271 2534 321 2574 est.
334 2525 402 2574 Vide
415 2534 504 2575 autem
515 2540 597 2588 nunc,

63 2603 89 2643 et
108 2594 141 2642 de
158 2594 252 2658 sponsi
275 2595 341 2645 Jesu
369 2594 491 2644 nomine.
515 2595 599 2645 Lucet

63 2664 258 2728 praedicatum,
288 2665 373 2730 pascit
401 2666 599 2732 recogitatum,

64 2736 217 2785 invocatum
239 2736 306 2787 lenit
328 2746 354 2786 et
370 2737 467 2802 ungit3
492 2748 519 2788 et
537 2753 599 2804 per-

65 2822 204 2857 curramus
221 2808 336 2873 singula.
359 2809 433 2860 Unde
450 2810 550 2876 putatis
571 2810 600 2860 in

65 2889 123 2928 toto
143 2880 208 2929 orbe
233 2890 306 2931 tanta
328 2891 354 2931 et
374 2892 429 2932 tam
444 2883 533 2933 subita
554 2883 602 2934 lux

66 2948 148 3011 fidei,
177 2950 229 3002 nisi
257 2952 291 3002 de
319 2953 462 3017 praedicato
491 2954 602 3004 nomine

66 3020 146 3070 Jesu?
163 3021 260 3072 Nonne
277 3023 402 3089 inhujus
419 3024 538 3075 nominis
558 3026 603 3074 lu-

67 3106 106 3151 ce,
123 3093 195 3143 Deus
210 3109 259 3145 nos
272 3097 380 3146 vocavit
396 3095 423 3145 in
443 3096 605 3147 admirabile

67 3163 155 3212 lumen
169 3177 256 3225 suurn,
271 3165 372 3231 quibus
394 3165 565 3225 illuminatis,
579 3174 605 3216 et

68 3232 97 3281 in
122 3233 226 3283 lumine
251 3234 303 3284 isto
324 3235 479 3286 videntibus
501 3235 604 3299 lumen,

67 3302 138 3352 dicat
159 3304 255 3354 merito
278 3306 377 3355 Paulus
400 3323 407 3356 :
430 3305 536 3356 Fuistis
550 3306 606 3356 ali-

68 3373 176 3435 quando
191 3375 315 3438 tenebrae,
331 3391 400 3428 nunc
413 3383 501 3427 autem
516 3377 567 3428 lux
579 3378 605 3428 in

67 3441 208 3491 Domino?
230 3447 283 3496 Nec
306 3457 412 3497 tantum
428 3447 476 3497 lux
491 3458 532 3498 est
555 3464 606 3498 no-

68 3525 134 3560 men
162 3511 234 3572 Jesu,
258 3516 304 3565 sed
332 3525 359 3566 et
373 3516 460 3568 cibus.
481 3518 524 3567 An
551 3534 607 3568 non

68 3578 150 3629 toties
171 3583 341 3644 confortaris,
363 3587 470 3652 quoties
482 3587 608 3638 recorda-

69 3652 126 3702 ris?
143 3654 216 3713 Quid
232 3671 307 3722 aeque
324 3669 443 3711 mentem
465 3660 608 3726 cogitantis

70 3725 243 3793 impinguat?
266 3730 337 3790 Quid
357 3733 393 3785 ita
414 3733 541 3785 excitatos
565 3750 608 3786 re·

134 3841 204 3893 Vtra
219 3844 283 3896 Jasu
296 3846 418 3914 Cnatsrr,
437 3864 524 3900 roilus
537 3850 581 3903 lV.

644 1667 790 1733 aliquando
805 1668 879 1719 stetit
894 1678 956 1720 ante
969 1667 1064 1718 faciem
1082 1669 1180 1719 saluta

645 1737 682 1801 ris
716 1739 845 1802 nominis,
875 1739 984 1800 duritia,
1010 1750 1041 1790 ut
1072 1741 1181 1800 assolet,

645 1811 742 1871 cordis,
763 1811 877 1878 ignaviae
892 1822 994 1878 torpor,
1010 1829 1107 1864 rancor
1121 1812 1182 1863 ani·
1198 1875 1202 1882 ι

645 1897 706 1942 mae,
733 1883 848 1949 languor
869 1882 991 1933 accidiae?
1014 1883 1098 1949 Cujus
1119 1883 1182 1935 fons

644 1953 852 2004 lorte'siccatus
882 1955 1071 2020 lacrymarum,
1101 1954 1183 2004 invo-

645 2034 702 2075 cato
730 2025 817 2086 Jesu,
847 2041 901 2090 non
931 2026 1063 2076 continuo
1093 2026 1183 2092 erupit

645 2098 764 2160 uberior,
778 2097 857 2148 fluxit
866 2098 989 2149 suavior?
1004 2099 1055 2149 Cui
1072 2099 1100 2148 in
1111 2100 1179 2164 peri-

646 2171 714 2220 culis
737 2170 877 2236 palpitanti
902 2180 929 2221 et
960 2171 1105 2236 trepidanti
1134 2172 1181 2221 in-

646 2250 780 2302 vocatum,
796 2240 905 2291 virtutis
928 2257 1028 2292 nomen
1047 2257 1102 2291 non
1127 2251 1183 2292 sta·

649 2311 699 2361 tim
738 2308 866 2360 fiduciam
908 2310 1041 2375 praestitit,
1079 2310 1185 2376 depulit

650 2378 770 2430 metum?
805 2379 872 2439 Cui,
894 2396 997 2447 quaeso,
1027 2379 1056 2430 in
1093 2380 1186 2431 dubiis

650 2453 775 2505 aestuanti
798 2464 825 2504 et
844 2453 995 2516 fluctuanti,
1016 2470 1071 2505 non
1085 2455 1186 2520 subito,

650 2525 682 2575 ad
724 2524 922 2576 invocationem
964 2526 1028 2577 clari
1069 2526 1188 2576 nominis

652 2595 762 2645 emicuit
784 2595 932 2647 certitudo?
952 2596 1002 2647 Cui
1025 2597 1052 2648 in
1068 2597 1188 2648 adversis

651 2665 796 2728 diffidenti,
819 2668 984 2734 jamjamque
998 2668 1144 2727 deficienti,
1163 2668 1186 2720 si

653 2755 752 2790 nomen
768 2740 894 2805 adjutorii
908 2740 1010 2800 sonuit,
1026 2741 1112 2792 defuit
1130 2740 1189 2790 for-

654 2811 756 2862 titudo?
769 2811 909 2862 Nimirum
926 2811 1017 2862 morbi
1028 2822 1054 2862 et
1076 2812 1190 2877 languo-

655 2898 697 2933 res
716 2883 815 2932 animoe
831 2882 876 2933 isti
890 2891 967 2945 sunt;
989 2882 1057 2932 illud
1077 2881 1190 2931 medici·

656 2968 698 3003 na.
727 2952 851 3018 Denique
878 2961 904 3002 et
942 2952 1056 3016 probare
1091 2951 1153 3002 licet
1181 2966 1188 2999 :

656 3025 756 3075 invoca
770 3037 819 3084 me,
843 3021 943 3087 inquit,
964 3023 990 3072 in
1014 3021 1058 3071 die
1081 3021 1191 3071 tribula·

657 3096 747 3158 tionis,
768 3109 861 3146 eruam
888 3101 921 3158 te,
947 3101 974 3145 et
998 3093 1190 3160 honorificabis

658 3182 707 3218 me.
724 3167 800 3217 Nihil
816 3166 853 3217 ita
866 3166 913 3217 irae
924 3166 1057 3233 impetum
1071 3164 1188 3226 cohibet,

657 3237 790 3304 superbiae
822 3246 958 3288 tumorem
994 3238 1086 3296 sedat,
1114 3244 1190 3286 sanat
1263 3256 1264 3260 ¹

657 3305 750 3359 livoris
776 3307 885 3368 vulnus,
913 3307 1052 3373 restringit
1078 3306 1191 3356 luxuriae

659 3383 780 3443 fluxum,
796 3379 945 3446 exstinguit
972 3379 1095 3430 libidinis
1118 3378 1193 3430 flam·

660 3467 742 3510 mam,
765 3449 839 3500 sitim
860 3461 990 3517 temperat
1011 3449 1138 3510 avaritiae,
1163 3463 1193 3498 ac

658 3520 744 3572 totius
765 3520 902 3572 indecoris
925 3521 1001 3587 fugat
1015 3520 1195 3586 pruriginem.

660 3591 801 3658 Siquidem
814 3607 876 3642 cum
891 3592 1003 3642 nomino
1026 3591 1195 3653 Jesum,-ho-

661 3663 764 3713 minem
793 3662 862 3712 mihi
895 3676 1015 3728 propono
1041 3662 1135 3712 mitem
1169 3668 1195 3709 et
1229 3705 1232 3712 .

662 3732 795 3786 humilem
826 3733 928 3798 corde,
964 3733 1133 3801 benignum,
1156 3745 1196 3781 so·

1064 3859 1125 3913 24'
