2610 4320
336 253 383 305 DE
398 253 526 314 SEXTA,
537 253 574 303 IN
593 252 761 305 Pnsstotta
774 255 911 306 DOMINI.

43 377 112 437 ‚luit
132 372 225 430 oratio
234 369 373 437 implicita,
393 378 419 420 et
435 369 593 435 conquestio

60 449 195 516 explicita.
215 447 256 496 De
270 460 328 512 qua
346 443 469 494 oratione
488 442 595 494 videtur

58 520 134 588 loqui
157 518 316 584 Apostolus,
341 514 434 564 dicens
455 515 488 564 de
510 513 593 563 Chri-

59 603 102 644 stu
116 609 123 642 :
140 590 199 651 Qut
212 590 241 639 iu
255 587 347 637 diebus
360 585 452 637 carnis
465 599 523 635 suae
532 599 593 650 pre·

59 679 103 716 ces
122 678 185 714 cum
206 661 324 712 clamore
348 658 440 708 ualido
454 663 481 708 et
496 656 593 717 lacrr-

59 737 110 786 uris
121 734 252 802 offerens,
267 730 414 781 exauditus
428 735 473 787 est,
478 744 531 796 pro
542 743 592 779 sua

58 806 225 859 reuerentia„
245 803 328 869 Igitur
353 813 380 852 et
400 817 449 851 uos
470 816 592 866 conque-

57 889 148 930 rentes
164 877 224 926 Deo
242 874 446 924 tribulationem
461 884 594 933 nostram,

57 964 165 1015 semper
188 944 593 1012 subintendamusorationem,

56 1031 87 1071 ut
100 1020 162 1085 ipse
176 1018 207 1067 in
229 1031 278 1066 nos
294 1015 419 1079 respiciat
434 1025 462 1064 et
474 1015 590 1078 adjuvet.

57 1088 196 1156 Exprimit
218 1103 282 1152 ergo
305 1085 350 1136 hic
376 1084 510 1134 Dominus
535 1083 592 1134 for-

57 1177 133 1212 mam
153 1157 258 1217 tornati,
277 1168 303 1207 et
324 1155 438 1216 liberati,
462 1155 590 1221 quidum

57 1243 98 1284 est
120 1233 156 1282 in
171 1229 357 1288 tribulatione,
377 1237 452 1292 putat
469 1242 498 1277 se
512 1227 591 1292 quasi

57 1305 220 1356 derelictum
233 1317 249 1351 a
265 1302 330 1363 Deo,
346 1316 408 1350 cum
423 1310 513 1349 tamen
526 1314 592 1364 pro·

57 1377 117 1443 pior
130 1376 169 1426 sit
183 1372 318 1425 Dominus
337 1370 444 1421 homini
459 1370 489 1420 in
503 1371 591 1421 tribu-

58 1449 162 1498 latione
177 1445 275 1512 posito,
297 1444 371 1508 juxta
385 1441 452 1491 illud
469 1440 567 1491 Psalmi
582 1458 590 1491 ς

58 1521 125 1570 Cum
139 1519 204 1584 ipso
215 1530 275 1566 sum
290 1514 317 1564 iu
331 1513 515 1564 tribulatione.
536 1513 591 1564 De-

58 1591 173 1658 reliquit
194 1589 296 1656 quippe
325 1586 461 1636 Dominus
490 1586 591 1636 amicos

57 1681 131 1726 suos,
151 1664 218 1713 dum
239 1659 465 1711 tribulationibus
479 1659 591 1726 exponit

57 1736 90 1787 ad
104 1744 225 1799 tempus,
239 1741 271 1780 ut
292 1730 448 1780 misereatur
467 1729 496 1779 in
510 1739 590 1781 aeter·

57 1823 123 1857 aum
134 1823 144 1856 ·.
155 1802 309 1868 dereliquit,
324 1802 406 1851 idest
427 1803 460 1852 ad
477 1803 590 1851 modum

58 1874 269 1941 derelinquentis
293 1889 322 1923 se
336 1873 427 1931 habet,
448 1873 513 1939 quia
527 1889 591 1939 pro-

57 1947 205 2000 tectionem
243 1960 321 1994 suam
346 1945 489 1995 subtrahit.
516 1945 592 1994 Sicut

58 2020 132 2072 euim
152 2019 240 2068 Deum
261 2015 398 2081 poenitere,
423 2026 464 2065 est
478 2017 512 2066 ad
526 2032 591 2066 mo-

57 2092 125 2142 dum
137 2087 297 2156 paenitentis
317 2103 346 2137 se
366 2088 473 2148 habere,
493 2088 532 2138 ita
545 2089 591 2138 hic

57 2163 146 2213 Deum
157 2160 277 2225 aliquem
300 2159 487 2225 derelinquere
500 2168 540 2210 est
557 2160 590 2209 ad

56 2233 171 2282 modum
192 2228 408 2295 derelinquentis
430 2244 460 2278 se
481 2230 589 2279 habere.

57 2304 97 2353 Ad
114 2300 342 2354 conformandum
367 2315 396 2350 se
409 2300 472 2350 huic
488 2300 590 2350 articu-

57 2374 93 2432 lo,
108 2371 255 2422 meditetur
266 2369 349 2419 homo
363 2385 444 2435 quarn
455 2371 590 2422 atrocibus

56 2445 148 2512 poenis
174 2444 312 2510 expositus
342 2442 428 2494 fuerat
455 2444 589 2507 Christus,

56 2514 172 2582 quando
187 2513 224 2564 sic
240 2513 364 2563 clamavit
385 2514 418 2562 ad
436 2515 550 2578 Patrem,
564 2526 591 2566 et

56 2584 198 2650 recolligat
212 2599 308 2635 omnes
330 2584 469 2649 passiones
494 2595 520 2635 et
537 2586 590 2636 tri-

56 2655 211 2707 bulationes
224 2669 297 2715 suas,
312 2664 338 2704 et
352 2665 531 2720 conqueratur
547 2672 590 2707 eas

57 2728 111 2776 Deo
137 2725 209 2775 Patri
239 2725 268 2774 in
298 2725 401 2774 unione
431 2724 590 2776 Passienum

57 2796 171 2856 Christi,
186 2797 307 2862 clamans
324 2795 352 2845 in
367 2805 424 2845 toto
443 2799 532 2857 corde,
550 2797 591 2848 si-

57 2868 113 2918 mul
139 2883 203 2918 cum
234 2866 359 2928 Christo,
386 2867 467 2917 verba
500 2867 557 2918 haec
582 2885 589 2918 :

57 2940 130 2990 Deus
143 2952 230 3002 meus,
249 2938 324 2988 Deus
337 2952 418 3000 meus,
441 2939 545 3005 respice
563 2939 590 2990 in

56 3025 114 3075 ute,-
130 3010 226 3076 utquid
257 3024 299 3060 me
326 3010 515 3076 dereliquisti?
535 3011 589 3063 Nee

57 3083 170 3133 miretur
195 3081 238 3132 vel
267 3080 386 3144 deficiat,
417 3081 441 3131 si
467 3081 590 3132 tribulari

57 3152 237 3218 permittitur,
262 3153 326 3222 quia
357 3153 396 3202 sic
430 3168 480 3203 suo
511 3153 590 3219 capiti

57 3225 250 3276 conformatur.
288 3226 401 3276 Domine
432 3227 516 3290 Jesu,
545 3227 591 3294 qui

55 3298 174 3363 pendeas
188 3297 215 3347 in
230 3312 309 3348 cruce
322 3314 411 3363 preces
428 3299 461 3348 ad
482 3300 589 3349 Patrem

56 3383 115 3418 cum
147 3369 267 3418 clamore
294 3368 383 3419 valido
411 3378 437 3418 et
464 3368 589 3436 lacrymis

56 3437 193 3498 obtulisti²
223 3437 260 3488 da
281 3438 346 3488 milti
368 3439 395 3488 in
418 3440 490 3490 omni
504 3439 589 3488 tribu-

56 3509 156 3561 latione
174 3515 201 3560 et
217 3511 348 3576 angustia
363 3525 421 3562 mea
437 3511 478 3560 ad
488 3517 514 3561 te
529 3513 589 3564 cla-

56 3597 147 3644 mare,
171 3596 220 3632 nec
246 3588 278 3632 tu.
304 3596 344 3632 rna
367 3582 495 3648 patiaris,
518 3585 590 3634 uelut

56 3653 221 3714 derelictum,
238 3667 256 3702 a
276 3659 322 3703 tua
335 3655 525 3705 misericordia
542 3664 588 3705 re·

52 3724 184 3790 probari;
199 3725 248 3775 sed
262 3726 400 3775 exaudias
415 3726 448 3776 de
460 3726 525 3776 coelo
539 3741 589 3779 vo-

54 3807 110 3848 cent
123 3809 222 3858 meam,
234 3801 261 3844 et
264 3794 362 3859 jacias
376 3795 402 3844 in
418 3795 589 3846 tribulatione

51 3873 222 3930 prouentum,
244 3874 272 3916 ut
293 3867 408 3917 sentiens
422 3883 464 3918 mc
478 3874 523 3918 tua
537 3869 588 3918 nti-

1130 255 1183 324 597

647 364 797 420 sericoidia
816 370 958 433 salvatum,
969 371 1072 438 possim
1093 377 1183 422 canta·

646 456 677 492 re
685 442 805 508 gloriam
817 451 844 495 et
855 443 960 496 laudem
975 449 1056 508 tuam,
1069 445 1180 496 dicens:

654 516 722 566 Voce
751 531 809 567 mea
831 517 870 566 ad
888 517 1031 568 Dominum
1052 515 1177 579 clamavi,

647 600 711 637 voce
733 602 793 637 mea
816 588 854 637 ad
877 587 981 651 Deum,
1009 593 1035 638 et
1065 587 1179 639 intendit

677 743 713 792 42
745 729 853 787 Qnmau
883 743 1018 779 otrannus
1048 729 1177 779 Dourm

647 799 734 849 Eunu
762 815 864 849 vocina
877 799 887 850 ἓ
901 829 931 838 -
950 799 1065 860 Quidam
1088 806 1180 850 autent

646 868 704 921 illic
716 876 828 933 stantes,
843 877 870 921 et
887 871 1034 935 audientes,
1048 871 1101 920 hoc
1115 884 1182 921 vee-

646 943 713 994 bum
726 943 846 1007 Domini,
862 944 987 995 dicebant
1002 962 1011 996 ε
1028 945 1122 995 Eliam
1136 958 1180 996 vo·

645 1023 690 1067 cat
715 1017 767 1068 iste
791 1034 799 1069 :
823 1017 870 1078 hi,
897 1018 1047 1068 secundum
1071 1018 1177 1068 ffiero-

649 1103 778 1156 nymum,
804 1087 921 1138 Romani
955 1089 1055 1139 milites
1087 1088 1178 1154 ipsum

644 1157 825 1209 custodientes
849 1157 935 1208 fuisse
956 1158 1098 1218 videntur,
1129 1157 1177 1224 qui

644 1239 720 1280 erant
744 1230 877 1290 Gentiles,
909 1246 964 1279 non
994 1229 1177 1296 intelligentes

643 1302 797 1363 Hebraeum,
813 1313 839 1353 et
859 1312 983 1369 putantes
1003 1312 1113 1368 propter
1129 1317 1178 1352 so-

644 1390 712 1425 num
728 1386 754 1425 et
768 1376 915 1442 quamdam
927 1374 1085 1425 affinitatem
1101 1389 1176 1424 voca·

644 1445 701 1494 buli
716 1445 773 1508 Eli,
788 1445 862 1496 idem
878 1447 951 1511 quod
967 1445 1054 1496 Elium
1071 1459 1177 1506 sonare,

643 1526 670 1565 et
679 1516 767 1565 Fliam
778 1517 879 1579 vocari;
900 1517 951 1576 vel,
961 1515 1071 1566 fuerunt
1081 1516 1094 1567 J
1097 1515 1177 1578 udaei,

643 1587 795 1638 Dominum
821 1586 1013 1638 imbecillitatis
1039 1585 1177 1636 infaman-

643 1670 694 1719 tes,
708 1659 784 1725 quod
807 1659 872 1710 Eliae
894 1660 1081 1725 deprecaretur
1096 1656 1177 1708 auxi-

644 1729 728 1789 lium,
756 1741 911 1794 reputantes
946 1744 1008 1780 eum
1042 1728 1176 1778 minorem

643 1798 727 1850 fuisse
751 1800 825 1863 Elia;
847 1801 901 1860 vel,
926 1798 994 1850 forte
1016 1799 1067 1863 ipsi
1090 1799 1176 1850 iudaei

644 1879 789 1934 potuerunt
805 1871 856 1920 hoc
872 1870 969 1930 dicere,
986 1885 1041 1919 non
1057 1869 1125 1919 bene
1140 1869 1178 1918 in-

644 1940 794 2006 telligentes
820 1941 886 2007 quid
922 1941 1038 2001 diceret,
1068 1949 1177 2006 propter

642 2012 793 2063 tumultum
802 2013 1002 2078 obstrepentem
1011 2010 1178 2076 circumqua-

644 2096 706 2147 que.

674 2154 707 2219 43
734 2156 840 2216 Quum
858 2171 953 2214 vanno,
979 2169 1115 2211 ouanrrun
1142 2170 1176 2203 na
1230 2165 1235 2175 ·

643 2243 704 2278 srr1.
718 2256 748 2266 —
764 2228 897 2287 Quintum
912 2226 1025 2276 verbum
1037 2225 1097 2288 fuit,
1112 2241 1174 2275 cum

642 2300 724 2350 Jesus
737 2300 824 2349 sciens
833 2298 896 2362 quia
910 2298 999 2347 omnia
1014 2310 1179 2346 consumma-

644 2379 672 2422 ta
686 2378 756 2434 sunt,
774 2387 834 2438 quae
850 2372 905 2422 Lex
918 2381 944 2421 et
961 2370 1100 2435 Prophetae
1107 2384 1176 2435 praa-

643 2443 767 2493 dixerant
784 2443 817 2492 de
840 2458 883 2502 eo,
899 2452 925 2492 et
945 2457 1005 2508 quae
1020 2451 1095 2491 erant
1107 2440 1176 2491 scri-

644 2523 689 2579 pta
708 2514 741 2562 de
769 2513 878 2564 Christo
905 2527 1037 2578 passuro,
1063 2522 1090 2563 et
1116 2527 1177 2579 quae

644 2586 785 2652 oportebat
806 2585 865 2635 fieri
885 2596 1029 2651 antequam
1045 2585 1177 2651 acciperet

644 2665 759 2717 acetum,
783 2667 809 2706 et
833 2655 952 2706 traderet,
974 2655 1118 2721 spiritum,
1147 2661 1177 2705 ut

643 2727 695 2777 ltoc
709 2727 791 2776 etiam
805 2732 1036 2778 consummaretur
1051 2726 1125 2791 quod
1143 2725 1173 2775 in

643 2801 788 2866 Scriptura
800 2799 927 2866 praedicta
939 2800 1064 2858 restabat,
1078 2809 1105 2848 et
1115 2814 1177 2848 con-

643 2871 837 2921 summandum
857 2881 921 2931 erat,
939 2870 1042 2921 scilicet
1057 2886 1064 2918 ε
1080 2870 1112 2919 In
1129 2869 1177 2919 siti

643 2957 701 2993 mea
717 2948 881 3009 potaverunt
901 2955 942 2990 me
962 2945 1047 3003 aceto,
1066 2976 1114 2989 .....
1133 2939 1177 2988 di-

643 3013 689 3063 xit
704 3029 712 3062 :
727 3013 809 3063 Sitia.
824 3013 862 3060 Ac
877 3011 900 3060 si
917 3011 1017 3059 diceret
1033 3026 1040 3058 :
1057 3011 1115 3059 Hoc
1129 3023 1176 3059 so·

643 3087 702 3136 lum
726 3100 759 3135 ex
775 3083 921 3148 Scripturis
937 3083 1107 3148 implendum
1130 3097 1175 3132 re-

644 3166 704 3216 stat,
721 3155 839 3221 perficite
856 3155 928 3221 quod
950 3154 1083 3220 praedixit.
1099 3154 1176 3205 Unde

644 3246 706 3280 cum
732 3229 848 3292 dicitur,
879 3238 910 3278 ut
947 3233 1177 3278 consummaretur

644 3301 799 3366 Scriptura,
811 3306 848 3363 ut,
864 3315 920 3349 non
937 3299 1046 3366 ponitur
1059 3297 1177 3349 causati·

645 3385 677 3419 ve
689 3371 736 3421 sed
748 3370 929 3420 consecutive.
948 3370 1008 3418 Non
1024 3369 1099 3418 enim
1116 3368 1177 3419 ideo

644 3441 771 3492 Christus
789 3441 840 3490 hoc
863 3440 934 3501 fecit,
957 3439 1021 3507 quia
1041 3439 1176 3507 Scripttua

644 3514 696 3564 hoc
708 3511 955 3579 praedixerat‚1nam
970 3522 1035 3562 tunc
1048 3526 1177 3578 sequete-

643 3594 688 3634 tur
724 3585 797 3650 quod
832 3585 940 3634 Novum
969 3583 1176 3634 Testamentum

643 3665 753 3721 propter
769 3655 855 3704 Vetus
869 3666 895 3704 et
917 3655 974 3718 ejus
990 3653 1176 3720 impletionem

643 3738 723 3788 esset,
744 3744 806 3778 cum
831 3737 950 3777 tarnene
969 3742 1098 3777 converso
1120 3726 1174 3789 sit;

642 3799 688 3848 sed
711 3797 771 3847 ideo
785 3797 954 3864 -praedictum
974 3806 1024 3860 est,
1042 3797 1108 3863 quia
1129 3811 1176 3861 per

642 3868 785 3919 Christum
815 3868 1062 3918 consummandum
1100 3876 1175 3935 erat3
