2626 4328
331 116 387 186 ,12ss
402 114 524 174 SEXTA,
542 112 577 165 IN
595 111 765 165 PASSIONE
779 113 915 164 DOMINI.

63 234 122 299 ejus
143 233 319 299 obsequium.
346 232 435 282 Lactat
457 229 596 290 infantem,

63 307 141 358 audit
156 317 184 358 et
199 308 322 374 sequitur
339 305 536 372 praedicantem,
553 304 597 354 vi·

64 378 108 428 det
130 387 157 429 et
180 380 325 430 comitatur
346 378 504 445 patientem;
530 392 597 426 con-

63 451 208 516 templatur
224 450 377 517 opprobria,
396 451 514 499 intuetur
534 450 596 498 vul-

63 536 139 581 nera,
162 522 239 571 audit
267 533 313 572 tua
340 521 427 572 verba.
455 521 498 571 Tu
521 536 595 580 vero,

64 592 134 642 bone
157 593 231 651 iesu,
251 608 406 658 quanquam
425 602 495 642 esset
519 592 596 641 dolor

65 662 258 722 intolerabilis,
283 663 360 728 plaga
384 663 543 713 insanabilis
568 663 595 713 in

65 735 158 800 agonia
182 736 293 798 mortis,
317 748 343 786 et
375 737 471 786 ultimo
498 736 595 802 spiritu

65 806 235 865 constitutus,
244 822 300 855 non
310 806 474 857 oblivisceris
484 809 594 858 Matrem

66 886 150 941 tuam3
175 888 255 943 caput
281 877 401 937 inclinas,
427 887 452 928 et
480 893 538 928 eam
565 878 593 928 in

66 959 175 1001 matrem
186 950 285 1000 loanni
297 951 478 1009 commendas.
491 962 517 1001 et
530 967 593 1002 eum

64 1022 114 1072 sibi
126 1021 155 1072 in
173 1021 262 1072 filium
278 1024 397 1090 adoptas.
417 1023 492 1072 Felix
510 1023 594 1088 depo-

64 1093 153 1154 situm,
182 1094 318 1161 singulare
344 1094 523 1160 privilegium,
548 1093 593 1144 in-

10 1182 12 1223 ;
66 1165 138 1230 signe
155 1164 297 1215 solatium!
325 1165 439 1231 Urgebat
457 1176 482 1214 te
504 1163 592 1230 siqui-

10 1604 20 1753 l

10 1758 20 1853 t

62 1235 129 1295 dem,
156 1236 275 1288 Domine
302 1238 364 1287 Jesu
390 1252 396 1284 :
422 1247 592 1302 praeceptum‚

62 1305 156 1368 jussisti
194 1308 269 1358 enim
302 1325 309 1358 ι
336 1309 452 1359 Honora
486 1314 592 1373 patrem

64 1381 129 1427 tuum
153 1383 180 1427 et
202 1385 314 1429 matrem
336 1385 423 1440 tuam;
443 1378 591 1442 servitium,

64 1447 130 1511 quod
142 1447 202 1513 ipsa
213 1448 339 1498 exhibuit
349 1448 414 1511 tibi;
429 1449 591 1513 exemplum,

10 1514 13 1545 ³
63 1521 171 1582 posteris
184 1522 404 1588 relinquendum.
420 1522 592 1573 Considerate

63 1591 129 1652 libet,
142 1593 214 1642 bona
229 1595 323 1656 Mater,
338 1603 363 1644 et
378 1594 491 1659 genitrix
506 1605 532 1644 et
546 1611 592 1645 nu-

63 1661 118 1722 trix,
130 1672 157 1712 et
171 1663 228 1712 filia
242 1665 369 1722 desolata,
385 1663 447 1729 quis
462 1664 496 1713 sit
514 1664 591 1715 dolor

62 1741 127 1793 tuus,
140 1733 268 1799 angustia
283 1744 336 1783 tua.
353 1733 433 1784 Vides
447 1733 520 1783 enim
535 1751 591 1786 cru·

61 1800 163 1855 cifixum
198 1804 377 1870 Unigenitum
405 1815 498 1867 tuum,
527 1823 589 1857 mu-

61 1886 95 1926 tas
109 1877 222 1937 Filium,
241 1878 400 1943 Magistrum
420 1878 448 1927 in
470 1879 589 1945 discipu-

63 1948 122 2009 lum,
137 1949 240 2014 Regem
257 1949 286 1998 in
302 1949 426 2013 militem,
440 1949 588 2001 Dominum

10 2038 20 2105 ζ-
61 2016 223 2080 insertum,
244 2020 467 2084 Omnipotentem
488 2020 517 2070 in
539 2021 589 2071 de-

10 2110 24 2159 i.

62 2087 198 2142 ficientem.
216 2092 318 2141 Revera
332 2091 431 2141 viscera
446 2102 490 2142 tua
506 2109 588 2159 pene-

63 2171 108 2212 trat
124 2164 242 2229 gladius,
257 2164 367 2230 configit
380 2164 499 2215 animam
514 2176 587 2219 tuam

62 2233 143 2285 lancea
175 2247 201 2286 et
233 2237 332 2297 clavus,
364 2236 444 2286 laniat
471 2248 587 2288 mentem

19 2326 22 2331 ·
63 2314 128 2354 tuam
143 2306 286 2371 spinarum
300 2309 418 2370 aculeus,
433 2308 528 2360 lacerat
542 2326 588 2360 cor

17 2406 25 2449 ¹.
64 2384 133 2425 tuum
156 2378 220 2428 Filii
251 2379 290 2428 tui
320 2395 425 2431 amarus
448 2391 586 2446 aspectus3

21 2510 24 2517 Ι
64 2445 128 2497 deest
138 2447 189 2498 tibi
204 2464 260 2513 prae
271 2451 450 2502 amaritudine
464 2452 587 2517 lacryma,

65 2515 151 2568 desunt
163 2519 254 2577 verba,
268 2520 341 2571 deest
359 2521 498 2582 fortitudo,
514 2538 588 2571 mar-

65 2588 134 2638 cescit
167 2589 352 2653 pulchritudo.
380 2592 497 2642 Vulnera
526 2593 588 2644 Filii

69 2657 101 2706 tui
133 2670 197 2710 sunt
218 2661 329 2711 vulnera
355 2673 412 2728 tua;
437 2679 501 2714 crux
526 2663 588 2714 Filii

67 2728 107 2789 tui,
121 2740 147 2780 et
167 2747 232 2781 crux
251 2742 311 2794 tua,
332 2749 406 2784 mors
428 2735 495 2800 ejus,
517 2751 590 2785 mors

68 2808 111 2851 tua.
143 2803 262 2863 Nutrix,
299 2807 437 2870 quomodo
473 2806 590 2856 dimittis

69 2870 214 2935 alumnum,
243 2877 326 2926 Mater
351 2877 467 2940 Filium,
495 2877 590 2926 ancilla

70 2941 228 2997 Dominum?
252 2949 312 2998 Una
330 2950 374 2998 die
395 2949 499 2998 orbatis
516 2950 590 2999 Patre

68 3023 87 3062 et
98 3016 164 3068 Filio
177 3035 184 3068 :
200 3038 214 3065 n
231 3020 289 3070 haec
300 3022 479 3086 Augustinus

94 3086 121 3153 34
136 3090 282 3156 Coueassro
293 3087 390 3142 Desunt
403 3110 484 3144 susan
497 3095 591 3144 Marna

71 3170 116 3221 sun,
130 3177 213 3214 ierus
230 3180 457 3216 conronnnrrours
478 3183 511 3216 nr
533 3182 593 3216 ons·

71 3241 111 3278 tto.
123 3261 153 3271 -
168 3234 388 3300 compatiebatur
401 3237 491 3304 itaque
507 3237 593 3287 Filius

74 3299 138 3355 Matri
162 3309 335 3372 compatienti
367 3309 436 3372 sibi;
460 3320 595 3360 commota

70 3385 123 3426 tunt
148 3379 251 3444 quippe
281 3382 379 3432 omnia
406 3381 506 3432 viscera
534 3381 593 3446 ejus

69 3450 139 3511 tuper
154 3451 238 3500 Matre
256 3467 312 3502 sua.
328 3453 434 3502 Sciebat
449 3453 524 3502 enim
538 3453 594 3519 ipse

75 3520 198 3583 angustias
221 3523 332 3572 materni
360 3523 462 3583 cordis,
486 3535 595 3575 noverat

75 3585 181 3640 dolorem
202 3593 301 3643 animae
323 3593 391 3656 ejus.
417 3595 458 3657 Et,
478 3604 508 3645 ut
530 3594 595 3644 dicit

70 3655 264 3736 'Damascenum
289 3665 353 3730 quia
385 3665 492 3715 dolores
525 3681 594 3732 quos

69 3744 115 3793 tpsa
127 3732 155 3782 in
173 3750 221 3786 sua
237 3753 293 3786 non
304 3749 421 3788 senserat
434 3737 593 3804 parturitio-

1129 115 1178 183 591

651 245 694 289 ne,
708 245 780 279 nunc
798 229 1002 296 geminabantur
1014 230 1067 280 sibi
1082 231 1108 281 in
1124 231 1181 296 eius

652 300 791 365 Passione;
811 302 926 368 ideoque
956 311 981 352 et
1009 302 1066 367 ipse
1094 301 1181 367 gemi-

650 390 716 423 num
736 375 856 425 dolorem
881 375 1037 441 patiebatur,
1052 375 1180 425 scilicet:

649 445 735 495 crucis
764 457 790 496 et
818 446 919 497 Matris.
941 447 981 496 Ad
1007 445 1181 496 conforman-

649 518 714 567 dum
740 535 788 568 nos
814 519 878 570 huic
912 519 1025 570 articulo
1054 533 1181 584 compas-

648 591 734 642 sionis
753 592 865 642 materni
889 594 998 653 doloris,
1019 593 1180 643 meditemur

648 673 766 730 quantus
788 665 867 715 fuerit
894 665 971 716 dolor
998 665 1048 732 piae
1077 664 1180 728 Matris,

648 746 674 786 et
701 737 761 787 talis
791 738 898 798 Matris,
930 754 978 805 pro
1014 739 1084 788 Filio
1117 737 1180 799 tali,

647 826 728 878 quem
748 811 854 862 videbat
875 821 930 861 tam
953 811 1098 862 crudeliter
1120 821 1178 862 tra-

648 881 728 941 ctari,
748 893 773 932 et
795 894 849 932 tam
874 881 1068 932 miserabiliter
1099 881 1178 931 mori.

649 956 796 1006 Pensemus
829 955 909 1005 etiam
942 964 1061 1019 quantus
1096 953 1177 1004 fuerit

647 1027 724 1076 dolor
734 1025 924 1092 compassivus
935 1024 998 1074 Filii
1013 1025 1045 1074 ad
1057 1026 1180 1085 Matrem,

647 1096 698 1145 sibi
725 1097 942 1162 compatientem,
969 1105 1086 1160 quantus
1106 1110 1182 1144 amor

646 1165 709 1215 Filii
736 1167 769 1217 ad
797 1169 919 1225 Matrem,
945 1176 999 1216 tam
1028 1165 1182 1216 cordialiter

646 1251 705 1285 eam
720 1236 855 1302 discipulo
870 1234 1095 1304 commendantis.
1111 1235 1179 1284 Pen-

646 1321 737 1355 semus
749 1306 860 1372 insuper
874 1306 990 1372 qualiter
1005 1306 1033 1355 in
1048 1305 1093 1355 illa
1107 1322 1181 1356 com·

646 1377 817 1427 mendatione
840 1392 887 1426 cor
908 1378 1059 1444 virgineum
1087 1376 1180 1428 armie-

645 1447 737 1509 batur,
761 1464 822 1498 cum
852 1449 875 1499 ei
899 1464 946 1513 pro
969 1448 1038 1497 Filio
1060 1449 1179 1506 alienus,

644 1528 671 1568 et
694 1535 742 1583 pro
769 1519 955 1570 homine-Deo
985 1519 1068 1568 homo
1093 1534 1178 1584 purus

645 1589 767 1646 dabatur.
783 1591 806 1640 O
825 1605 906 1656 quam
927 1589 1090 1641 miserabilis
1104 1605 1180 1639 com-

645 1659 778 1710 mutatio!
796 1661 864 1720 Quis
892 1661 984 1726 itaque
1005 1661 1056 1710 ista
1086 1662 1180 1711 devota

644 1732 817 1782 meditatione
832 1747 955 1797 pensans,
970 1731 1068 1796 poterit
1079 1747 1107 1781 se
1118 1747 1180 1782 con·

643 1803 754 1854 tinerea
773 1803 921 1870 lacrymis?
938 1803 1006 1862 Quis
1023 1819 1076 1852 non
1099 1819 1176 1853 com-

643 1876 743 1941 patitur
761 1877 839 1925 Matri
855 1875 939 1926 totius
955 1875 1085 1942 pietatis?
1109 1876 1177 1935 Quis

642 1962 696 1996 non
706 1947 865 1997 misereatur
875 1945 954 1996 Matri
968 1947 1159 1997 misericordiae
1170 1948 1180 1997 't

642 2018 670 2067 Si
686 2034 749 2084 ergo
766 2019 855 2085 quoad
874 2018 947 2067 hunc
965 2018 1111 2067 articulum
1124 2034 1174 2068 vo-

641 2092 733 2141 lumus
766 2107 815 2141 nos
848 2091 957 2142 Christo
987 2091 1176 2151 conformare,

641 2162 838 2227 compatiamur
866 2161 968 2211 dolenti
1001 2162 1077 2210 Matri
1108 2176 1174 2222 suae,

639 2233 703 2299 quia
717 2247 874 2297 compassus
891 2241 931 2282 est
952 2231 986 2290 ei,
1002 2242 1027 2281 et
1042 2231 1109 2296 ipse.
1124 2233 1175 2281 Je-

641 2318 682 2367 sa,
700 2306 786 2371 quiin
805 2319 885 2356 cruce
902 2311 1029 2355 materna
1050 2320 1176 2370 compas-

641 2379 712 2429 sioni
725 2378 897 2443 eampatiens‚
919 2379 1006 2442 ipsam
1023 2383 1067 2428 tuo
1080 2379 1177 2430 dilecto

642 2450 784 2516 discipulo,
813 2457 838 2500 et
862 2450 1022 2515 discipulum
1051 2465 1181 2500 celsimen-

642 2525 709 2574 dare
737 2524 857 2587 curasti,
897 2525 1048 2575 commendo
1071 2541 1111 2576 me
1133 2525 1181 2575 tibi

642 2595 669 2646 in
684 2596 732 2646 illa
738 2596 798 2661 fide
815 2602 840 2645 et
850 2596 999 2657 dilectione,
1010 2612 1062 2661 qua
1079 2612 1124 2648 eos
1142 2598 1180 2647 ad

642 2667 753 2717 invicem
781 2668 984 2730 commendasti,
1006 2680 1032 2718 et
1057 2668 1179 2733 supplico

618 2738 700 2806 ltili,
725 2743 755 2787 ut
772 2753 823 2802 per·
846 2744 929 2788 tantae
953 2737 1106 2787 dilectionis
1128 2737 1177 2802 pi-

642 2823 731 2874 gnone
743 2808 840 2872 facias
857 2823 897 2858 me
911 2809 948 2857 ad
965 2821 1082 2857 amorem
1102 2813 1176 2856 tuum

643 2879 774 2929 veraciter
799 2879 954 2943 pervenire,
981 2885 1006 2928 et
1026 2893 1066 2927 me
1088 2892 1178 2927 eorum

643 2952 795 3002 commenda
810 2950 949 3012 custodia,
974 2957 1003 2999 ut
1018 2949 1179 3012 interimitis

645 3024 707 3073 aitte
729 3022 887 3073 discrimina
910 3023 944 3072 ab
959 3023 1030 3072 otttni
1050 3022 1179 3072 adversi-

646 3099 709 3155 tate,
728 3100 755 3142 et
777 3093 803 3143 in
826 3093 898 3142 orani
918 3092 1061 3142 sanctitate
1076 3107 1109 3141 ac
1123 3107 1179 3159 pa-

645 3161 728 3215 ritate
742 3172 768 3215 et
793 3166 918 3217 castitate
944 3165 1039 3215 mentis
1061 3171 1087 3215 et
1118 3180 1179 3216 eor-

641 3241 721 3306 poris
746 3240 828 3290 vitam
862 3254 946 3288 stream
970 3239 1131 3302 custodiant,
1154 3245 1180 3288 et

642 3309 799 3376 postlrajus
824 3310 887 3360 vitae
909 3309 1012 3359 exitam
1032 3310 1069 3358 ad
1090 3316 1115 3360 te
1123 3347 1131 3374 ,
1155 3316 1180 3360 te

647 3384 799 3445 miserante,
814 3383 973 3448 perducant.

680 3454 711 3504 35
731 3456 789 3504 Nou
802 3456 897 3504 Josuur
918 3469 1035 3514 rnnrusr,
1062 3470 1108 3504 san
1128 3470 1180 3504 on-

647 3541 724 3574 urnus
752 3540 890 3574 Frontinus
914 3540 983 3573 narn
1010 3539 1057 3573 nsr
1089 3525 1180 3573 Mnnrn

648 3613 674 3646 ru
693 3612 809 3646 srarneu.
822 3626 852 3637 -
867 3597 918 3646 Hic
943 3606 1015 3657 nota,
1035 3597 1179 3662 quoderat

648 3666 759 3733 quidam
773 3667 926 3733 religiosus,
942 3666 989 3733 qui
1011 3677 1113 3716 tantam
1127 3666 1179 3714 ha-

649 3738 727 3788 bebat
749 3738 920 3789 devotionem
944 3738 972 3819 in
1000 3737 1052 3787 isto
1083 3735 1177 3794 verbo,
