2626 4328
426 250 535 301 INDEX
551 247 753 300 GENERALIS
771 246 905 297 RERUM.

105 368 213 433 Septem
224 368 293 417 dona
307 367 423 433 Spiritus
434 365 525 416 Sancti
540 373 642 428 septem

137 438 253 502 panibus
267 448 426 503 comparata.
543 435 574 497 ll,
590 431 641 482 812

105 509 223 574 Spiritus
231 510 322 559 Sancti
335 509 461 559 efficacia.
526 507 571 557 lV.
590 522 642 571 777

105 578 225 644 Spiritus
239 581 352 630 Sanctus
369 578 508 644 quomodo
532 586 643 627 vocetur

134 650 247 701 flumen.
537 650 570 711 ll,
588 647 639 714 745

103 718 221 783 Spiritus
243 720 355 769 Sanctus
375 735 459 785 quare
472 727 641 783 comparetur

134 788 228 853 digito.
541 789 573 846 ΙΙ,
586 786 639 836 666

101 857 219 923 Spiritus
253 859 366 910 Sanctus
395 875 443 910 cur
475 857 639 908 insufflando

131 929 213 980 fuerit
227 932 313 982 datus.
523 930 568 990 lV,
586 946 634 995 711

98 1000 216 1068 Spiritus
234 1004 347 1053 Sanctus
371 1018 419 1052 cur
440 1001 594 1068 apparuerit
608 1000 637 1051 in

131 1072 270 1136 Baptismo
295 1073 414 1137 Christi,
448 1081 475 1123 et
497 1086 581 1138 quare
608 1071 637 1121 in

131 1142 220 1207 specie
230 1144 372 1194 columbae.
547 1143 566 1201 1,
585 1140 636 1191 218

99 1212 139 1262 De
163 1212 278 1264 adventu
304 1215 422 1278 Spiritus
446 1210 535 1262 Sancti
556 1227 637 1277 super

130 1285 276 1349 Apostolos
290 1285 320 1335 in
335 1286 472 1336 coenaculo
486 1298 637 1348 congrega-

131 1363 174 1404 tos
185 1355 229 1404 die
247 1356 424 1405 Pentecostes.
518 1355 564 1414 IV,
583 1370 635 1419 770

100 1423 157 1474 Cur
173 1433 302 1490 tanquam
319 1439 416 1475 ventus
438 1424 596 1484 vehemens,
610 1433 636 1474 et

131 1493 217 1553 instar
231 1495 313 1561 ignis,
327 1505 353 1545 et
362 1496 516 1561 linguarum
527 1495 636 1545 descen·

131 1562 209 1613 derit.
517 1563 562 1623 IV,
580 1579 630 1628 77¹

98 1632 217 1698 Spiritus
233 1634 346 1684 Sanctus
363 1635 405 1684 bis
420 1634 522 1684 missus
531 1643 571 1684 est
586 1648 634 1682 su-

130 1717 177 1768 per
190 1702 342 1765 Christum,
357 1713 383 1754 et
398 1705 440 1755 bis
453 1718 533 1769 super
547 1702 633 1768 ipsius

129 1774 282 1839 Apostolos.
520 1775 563 1824 IV.
580 1789 632 1839 772

97 1843 216 1909 Spiritus
247 1846 337 1896 Sancti
364 1844 461 1896 missio
488 1859 536 1894 cur
552 1843 634 1893 dilata

128 1915 190 1967 fuit.
519 1917 564 1976 IV,
580 1914 632 1982 778

97 1984 155 2036 Cur
180 1986 300 2050 Spiritus
324 1987 412 2037 Sancti
441 1984 537 2035 missio
566 1984 634 2035 facta

129 2055 357 2121 quinquagesimo
368 2057 419 2106 die.
517 2056 561 2115 lV,
580 2053 632 2120 778

98 2124 205 2190 Figurae
219 2127 358 2178 missionis
375 2138 400 2178 et
411 2126 538 2178 efficaciae
552 2126 634 2191 Spiri-

128 2203 173 2244 tus
187 2196 286 2246 Sancti.
513 2196 559 2256 lV‚
578 2212 632 2262 779

96 2262 217 2328 Spiritus
226 2265 315 2315 Sancti
327 2264 422 2314 missio
437 2266 536 2331 duplex
552 2282 558 2315 :
573 2266 634 2316 visi-

128 2335 202 2397 bilis,
217 2346 243 2387 et
257 2337 411 2388 invisibilis,
516 2339 560 2402 lV,
579 2337 630 2404 773

95 2405 213 2473 Spiritus
255 2409 343 2459 Sancti
375 2410 514 2475 praesentis
555 2410 633 2475 signa

126 2476 156 2527 in
187 2478 397 2543 incipientibus,
427 2479 632 2546 proficientibus

125 2555 152 2597 et
174 2547 306 2612 perfectis.
515 2550 559 2609 IV,
578 2564 632 2615 774

92 2614 176 2677 ltem,
199 2616 251 2667 alia
275 2617 352 2682 signa
373 2617 523 2683 praesentiae
543 2619 632 2684 Spiri-

125 2692 170 2734 tus
185 2685 285 2738 Sancti.
517 2688 562 2751 lV,
578 2689 629 2754 775

291 2849 412 2885 SPONSUS.

90 2956 216 3022 Sponsus
247 2957 346 3008 animae
373 2969 471 3010 nostrae
503 2959 630 3011 Christus

123 3025 206 3077 habet
238 3043 332 3078 ornnes
362 3029 505 3094 qualitates
531 3031 629 3096 optimi

124 3097 228 3163 sponsi.
539 3102 559 3162 l,
576 3101 628 3151 300

297 3244 413 3282 SPORTAE.

88 3346 194 3430 Sportae
219 3358 325 3431 septem
353 3351 568 3418 fragmentorum
600 3355 628 3405 in

121 3419 226 3470 Christi
240 3424 371 3473 miraculo
385 3425 451 3490 quid
465 3426 628 3566 signiltlicgrgtq.

290 3643 423 3682 STAGNUE.

89 3748 221 3814 Stagnum
242 3751 290 3802 ubi
307 3754 394 3805 vocati
416 3765 479 3806 sunt
501 3756 626 3822 Apostoli

121 3818 189 3883 quid
198 3821 312 3886 mystice
328 3823 472 3889 significet.
537 3826 557 3880 1.
574 3826 625 3876 282

1176 255 1228 307 9²9

907 376 1016 411 erman.

696 504 783 553 Stater
797 503 863 569 quid
877 503 920 554 sit.
1133 498 1176 557 111,
1197 495 1232 560 34

906 657 1018 693 STATUA.

692 782 785 834 Statua
799 786 864 836 salis
879 785 973 835 uxoris
982 782 1053 833 Loth
1067 781 1133 847 quid
1143 781 1227 847 signi·

723 852 791 904 ficet.
956 856 976 913 1,
993 868 1056 919 429,
1071 862 1097 901 et
1111 853 1156 910 ΙΙΙ,
1174 850 1224 901 303

691 924 730 974 De
745 936 833 978 statua
848 927 881 977 ab
892 925 1103 978 haemorrhoissa
1113 924 1223 1045 (lirisio

1149 1033 1155 1055 ν
1207 1011 1225 1059 4

722 1007 817 1048 erecta.

903 1152 1011 1188 smus.

689 1281 779 1332 Status
786 1281 930 1332 hominum
940 1291 993 1332 tres
1004 1298 1011 1331 ι
1023 1279 1223 1346 incipientium,

720 1350 920 1413 proficientium
938 1361 964 1401 et
991 1349 1179 1415 perfectorum.
1202 1351 1222 1410 Ι,

721 1419 770 1482 67,
788 1422 821 1481 ΙΙ,
847 1420 912 1484 5823
937 1421 980 1482 ΙΙΙ,
1006 1430 1092 1470 roret
1108 1420 1153 1480 lV,
1169 1419 1221 1470 662

688 1491 870 1557 Designantur
884 1492 913 1543 hi
931 1502 1015 1543 status
1028 1508 1075 1558 per
1090 1503 1144 1542 tres
1162 1493 1222 1544 Ma-

719 1564 781 1625 rias,
808 1579 868 1628 quae
883 1572 1057 1613 cucurrerunt
1080 1563 1112 1612 ad
1130 1563 1222 1627 sepul-

718 1633 816 1683 chrum
827 1633 936 1683 Domini
1001 1634 1044 1697 lV,
1056 1631 1109 1682 660
1123 1643 1150 1684 et
1170 1632 1223 1701 669

686 1707 889 1772 Incipientium,
906 1706 1112 1772 proficientium,
1128 1715 1154 1756 et
1169 1722 1225 1772 per·

716 1777 850 1828 sectorum
872 1786 957 1829 status
985 1778 1098 1844 mystice
1121 1776 1222 1843 signifi·

717 1857 819 1898 cantur.
1107 1847 1152 1913 lll,
1171 1846 1222 1897 302

906 2006 1016 2041 STELLA.

686 2138 768 2189 Stella
781 2151 842 2202 quae
856 2137 947 2201 Magos
963 2135 1041 2185 duxit
1054 2136 1086 2184 ad
1102 2151 1221 2202 praesepe

717 2206 827 2257 Domini
843 2207 870 2256 in
894 2204 988 2255 multis
1006 2204 1096 2265 differt
1108 2206 1141 2255 ab
1160 2206 1221 2256 aliis

717 2278 811 2328 stellis.
1131 2277 1151 2341 1,
1171 2292 1219 2326 102

685 2347 767 2398 Stella
785 2362 847 2412 quae
865 2345 951 2411 Magis
971 2345 1152 2411 apparuitcur
1166 2346 1220 2397 ali-

716 2432 772 2483 quo
791 2427 911 2482 tempore
926 2415 1095 2481 disparuerit.
1129 2416 1148 2480 l,
1169 2432 1221 2482 104

684 2488 771 2538 Stellae
809 2487 877 2554 quid
915 2488 1027 2552 mystice
1055 2485 1219 2608 Sigiiicgnil

1143 2595 1151 2621 ,
1188 2574 1197 2608 1

901 2711 994 2748 STOLA.

684 2835 763 2886 Stolae
777 2837 848 2902 apud
860 2847 963 2888 veteres
977 2853 1052 2888 usus.
1105 2837 1148 2902 ΙΙΙ,
1163 2836 1214 2887 282

683 2909 763 2958 Stolae
779 2909 873 2973 primae
882 2910 998 2961 redditio
1014 2909 1042 2958 in
1054 2925 1136 2960 sensu
1148 2924 1218 2975 mys·

713 2978 775 3028 tico.
1118 2979 1161 3040 lll,
1183 2978 1217 3045 59

883 3140 1021 3178 SUBDITUS.

681 3264 788 3315 Subditi
800 3281 856 3315 non
866 3265 1035 3316 offendantur
1045 3264 1148 3317 malitia
1155 3281 1215 3316 suo-

711 3353 773 3387 rum
789 3338 974 3404 Superiorum.
1112 3338 1144 3403 ll,
1161 3355 1213 3404 777

681 3410 790 3461 Subditi
827 3411 973 3475 aliquando
1000 3411 1058 3463 suis
1093 3412 1213 3476 praelatis

711 3495 844 3551 praestant.
1115 3487 1147 3550 ll,
1166 3484 1214 3536 155

885 3641 1019 3677 suenum.

678 3756 816 3821 Superbiae
831 3758 975 3825 repressio,
990 3772 1070 3824 poena
1085 3765 1111 3807 et
1133 3756 1209 3806 dete-

712 3828 801 3880 statio.
1100 3827 1143 3893 lll,
1159 3826 1213 3891 234
