2626 4328
95 301 146 367 548

94 414 145 464 sibi
165 415 320 479 insultante,
345 413 422 480 quasi
448 413 626 480 sapientiores

93 503 125 537 eo
139 486 264 551 fuerunt,
280 498 306 538 et
319 485 359 536 sic
377 502 431 535 non
448 488 538 537 solum
553 486 626 536 dolo·

94 574 136 609 res
151 569 177 608 et
195 574 296 624 poenas,
313 557 359 607 sed
382 556 463 606 etiam
482 567 626 608 contume-

94 629 144 679 lias
152 639 180 680 et
191 639 306 678 terrores
319 627 463 692 recipiebat
476 628 568 678 abeis.
585 627 627 677 Ex

95 703 147 752 hoc
169 701 291 762 articulo,
307 700 354 766 qui
374 701 403 750 in
424 701 540 752 clamore
560 717 626 751 con·

96 773 177 836 sistit,
192 771 309 821 trahitur
329 772 531 832 documentum,
553 771 627 837 quod

95 860 149 895 non
171 843 251 893 refert
277 843 308 892 ad
335 844 420 909 culpae
447 842 626 894 intentionem

94 914 214 966 occidere
235 913 378 963 hominem
395 914 485 980 lingua
501 915 542 963 vel
566 913 627 979 gle-

93 986 149 1045 din,
162 985 235 1034 unde
248 985 389 1035 Psalmista
399 1003 406 1035 :
417 986 526 1051 Lingua
535 999 626 1035 eorum

94 1056 207 1121 gladius
222 1061 334 1119 acutus;
348 1065 375 1105 et
388 1056 509 1122 loquitur
518 1056 549 1105 ad
559 1054 628 1105 litte-

95 1142 152 1176 ram
162 1126 195 1175 de
206 1125 306 1176 Judaeis
318 1126 494 1176 clamantibus
509 1144 516 1176 :
530 1124 627 1176 Cruci-

92 1197 163 1264 fige.
176 1198 262 1262 Super
271 1212 326 1262 quo
340 1199 530 1263 Augustinus:
545 1215 559 1242 u
575 1195 626 1245 No·

95 1268 124 1328 li,
146 1267 193 1328 ait,
206 1267 342 1317 attendere
371 1267 488 1317 inermes
518 1280 624 1325 manus,

94 1341 140 1393 sed
154 1356 185 1391 os
200 1350 341 1403 armatum,
360 1341 423 1390 inde
440 1341 544 1407 gladius
563 1355 626 1405 pro-

94 1415 174 1465 cessit
196 1430 251 1480 quo
271 1413 398 1464 Christus
417 1415 591 1465 occideretur.
611 1431 626 1460 n

95 1486 211 1536 Caveant
234 1500 297 1550 ergo
321 1485 374 1534 sibi
404 1487 576 1545 detractores,
600 1494 626 1534 et

95 1557 282 1624 proximorum
312 1557 493 1617 infamatores,
515 1573 624 1608 neexa-

94 1636 173 1676 cuant
197 1636 228 1675 ut
250 1627 370 1692 gladium
397 1626 504 1692 linguas
526 1642 590 1677 suas
615 1642 622 1676 :

94 1697 158 1764 quia
172 1698 241 1747 sicut
256 1695 343 1762 gladio
357 1712 462 1762 corpus,
479 1698 519 1768 sic
532 1698 628 1762 lingua

94 1770 165 1820 fama
177 1768 298 1818 hominis
315 1769 475 1835 perimitur;
495 1771 566 1820 unde
583 1770 627 1819 di·

94 1841 166 1891 citur
181 1842 211 1890 in
236 1840 410 1891 Proverbiis:
425 1841 507 1892 Mors
528 1849 556 1893 et
569 1841 627 1893 vita

94 1911 121 1961 in
136 1911 259 1960 manibus
275 1910 385 1976 liuguae.
400 1913 477 1972 Item,
491 1923 532 1962 est
542 1913 627 1962 docu-

95 1992 226 2044 mentum,
239 1983 312 2046 quod
323 1999 376 2032 non
391 1998 496 2049 semper
511 1984 544 2034 ad
556 1997 627 2050 quae-

94 2051 160 2108 libet
175 2052 335 2118 interrogata
345 2062 384 2102 est
397 2054 626 2119 respondendum.

94 2122 136 2172 Ad
150 2121 375 2173 conformandum
385 2124 493 2184 sehuic
502 2124 627 2185 articulo,

94 2195 221 2261 recogitet
253 2195 338 2245 homo
377 2212 460 2262 quam
492 2196 626 2248 terribiles

95 2266 204 2317 fuerunt
219 2267 258 2317 illi
270 2268 401 2318 clamores
415 2269 583 2330 ludaeorum,
599 2280 627 2320 et

95 2348 289 2388 rememoretur
303 2354 337 2388 an
353 2339 411 2405 ipse
431 2357 553 2407 unquam
569 2342 626 2392 ini·

91 2407 154 2474 quis
167 2408 312 2459 hominurn
327 2409 445 2475 insidiis,
457 2422 503 2462 aut
517 2412 625 2463 oblocu-

91 2477 230 2540 tionibus,
246 2494 293 2528 seu
310 2480 521 2533 detractionibus
536 2494 626 2534 contra

92 2547 248 2612 proximum
269 2564 316 2614 per
336 2566 499 2603 consensum
519 2555 626 2605 concla-

93 2618 216 2677 maverit,
229 2620 273 2668 vel
286 2621 351 2670 airas
369 2633 448 2686 prout
464 2624 537 2674 Deus
550 2625 627 2676 dede·

92 2688 136 2749 rit,
154 2699 181 2740 et
200 2691 239 2740 sic
263 2701 321 2740 oret
347 2708 353 2741 :
377 2695 453 2757 Jesu,
475 2696 521 2762 qui
543 2697 627 2747 terri-

94 2758 161 2810 biles
190 2759 349 2811 ludaeorum
380 2777 466 2826 voces,
493 2765 627 2831 crucifige,

94 2829 221 2896 crucifige
245 2830 431 2896 clamantium,
457 2834 553 2885 audie
574 2836 627 2885 mi-

93 2903 163 2956 nime
183 2905 331 2970 expavisti,
364 2905 400 2956 da
420 2906 487 2958 milri
504 2908 627 2960 inimico-

92 2994 152 3029 rum
178 2985 284 3030 tuorum
305 2980 394 3032 verbis
413 2982 628 3047 exsecrabilibus

93 3064 145 3102 non
168 3051 275 3114 terreri,
297 3053 439 3119 ellingae
458 3068 517 3105 mea
543 3069 627 3107 uocu-

93 3127 207 3171 mentum
216 3124 347 3187 proximo
363 3138 414 3174 non
427 3124 539 3194 inferre.

125 3208 160 3257 24
183 3193 467 3255 Prmrus,Crrn1sruu
484 3213 627 3249 nntrrrm

90 3277 200 3323 vorans,
215 3280 271 3315 auu
289 3282 379 3317 nruuo
399 3284 578 3320 taruanorum
595 3298 628 3308 -

90 3333 143 3383 Sed
158 3335 261 3385 Pilatus
274 3336 369 3387 videns
382 3338 484 3390 Christi
501 3340 627 3391 innocen-

93 3402 170 3464 tiam,
186 3415 212 3455 et
223 3407 377 3457 ludaeorum
390 3410 522 3461 malitiam
533 3410 628 3477 impel-

94 3473 211 3524 lentium
225 3477 257 3525 ad
281 3492 339 3526 rem
352 3476 484 3540 illicitam,
499 3490 525 3530 et
546 3496 625 3533 recu-

93 3558 156 3596 sans
177 3545 332 3612 crucifigere
354 3549 456 3611 lesum,
473 3551 542 3602 dixit
563 3552 627 3605 eis:

93 3615 217 3682 dermite
247 3631 305 3668 eum
331 3633 396 3682 vos,
415 3627 442 3673 et
464 3622 627 3690 crucifigite,

93 3687 141 3753 qui
165 3687 225 3738 sine
240 3705 319 3741 causa
342 3693 523 3744 consuevistis
541 3694 627 3746 inno-

93 3767 185 3808 centes
209 3759 395 3821 condemnare,
411 3777 463 3828 ego
483 3765 553 3816 euim
575 3780 627 3817 uon

94 3827 199 3879 inuenio
218 3829 245 3880 in
264 3844 295 3881 eo
305 3845 433 3896 causam,
447 3833 547 3886 scilicet
563 3851 627 3887 cru-

95 3897 239 3967 cifigendi,
258 3911 285 3952 et
308 3902 389 3954 dandi
410 3903 491 3956 talem
513 3914 626 3960 senteu-

374 298 550 350 SECUNDAE
564 297 688 348 Pastis
703 297 820 349 CAPUT
835 299 917 349 LXII.

679 412 756 463 tiam.
781 414 881 464 Verum
911 413 981 463 dixit
1006 412 1126 473 Pilatus,
1150 413 1211 480 quia

679 483 805 533 Christus
823 490 962 549 peccabam
987 497 1038 533 nort
1059 483 1150 550 fecit,
1167 498 1210 535 uec

679 554 800 605 iuvatur
831 562 874 606 est
901 555 982 606 dolus
1007 556 1036 605 iu
1062 569 1111 606 ore
1132 555 1188 621 elur
1200 574 1211 621 ,·

680 627 752 678 unde
770 628 838 679 bene
858 628 932 691 dicit,
946 628 973 678 in
993 642 1035 686 eo,
1056 628 1124 694 quis
1137 644 1211 681 causa

681 697 775 747 mortis
789 698 893 748 Christi
911 714 968 747 non
989 698 1040 748 fuit
1054 699 1084 747 in
1098 714 1150 760 eo,
1169 700 1211 751 sed

679 769 708 818 in
722 769 814 819 nobis.
830 770 864 820 Et
875 769 937 819 ideo
952 769 1018 819 dicit
1030 771 1211 822 Bmwdut:

680 858 693 886 u
707 839 833 891 Piissime
843 842 915 901 lesu,
928 840 995 906 quid
1008 841 1060 891 tibi
1072 852 1100 891 et
1111 842 1206 893 morti?

682 912 738 962 Nos
763 913 943 978 peccavimus,
964 922 991 963 et
1010 921 1041 963 tu
1066 912 1139 976 luis3
1161 928 1209 965 nos

681 982 837 1043 debuimus,
851 993 877 1033 et
889 992 918 1033 tu
937 983 1030 1034 solvis.
1045 1002 1058 1029 n
1070 985 1111 1033 Ac
1126 983 1149 1034 si
1170 983 1212 1034 di·

681 1063 752 1104 ceret
775 1055 896 1105 Pilatus:
914 1055 982 1104 Mihi
999 1070 1055 1104 non
1078 1055 1142 1106 licet
1155 1070 1211 1105 cru·

679 1126 786 1194 cifigere
800 1129 985 1189 innocentem,
994 1145 1042 1179 vos
1053 1128 1210 1196 crucifigite,

679 1198 702 1247 si
724 1197 817 1250 vultis.
839 1199 975 1250 Derisorie
994 1211 1020 1249 et
1039 1199 1209 1265 indigranter

679 1269 730 1319 hoc
744 1271 821 1330 dixit,
836 1270 971 1336 quianon
986 1270 1126 1320 habebant
1136 1279 1210 1336 pote·

679 1350 774 1391 statem
788 1341 923 1408 judicandi
944 1341 1064 1407 aliquem
1079 1342 1116 1391 ad
1136 1357 1208 1393 mar·

678 1421 756 1476 tem,
785 1414 858 1463 unde
890 1414 1039 1462 secundum
1074 1413 1213 1480 Chrysot-

678 1488 791 1549 tomuut,
815 1485 887 1552 quod
915 1485 1011 1534 dixit:
1034 1483 1211 1552 Crucifigite,

678 1555 840 1606 exsecrantis
857 1553 908 1604 fuit
924 1555 975 1604 hoc
996 1555 1123 1614 verbum,
1137 1564 1163 1606 et
1177 1555 1211 1605 ad

678 1638 735 1672 rem
746 1641 802 1674 non
815 1640 970 1676 concessam
989 1624 1046 1674 illis
1069 1624 1212 1691 impellen-

678 1694 723 1744 tis.
747 1697 878 1748 Videntes
902 1707 992 1747 autem
1024 1697 1113 1747 Judaei
1141 1695 1212 1765 quod

680 1767 784 1821 Pilatus
825 1768 990 1819 clamoribus
1021 1783 1120 1818 earum
1160 1782 1212 1819 non

678 1843 876 1910 acquiesceret,
903 1839 1072 1904 incoeperunt
1098 1839 1213 1905 allegere

679 1917 797 1967 rationes
811 1913 879 1963 alias
889 1950 900 1971 ,
917 1927 999 1975 quam
1014 1925 1096 1976 supra
1113 1911 1212 1977 allega-

680 1995 788 2046 verant,
815 1993 841 2034 et
861 1982 1020 2032 accusabant
1040 1997 1126 2041 eum,
1150 1979 1213 2047 quit

679 2066 772 2107 contra
798 2054 898 2119 Legem
920 2052 970 2102 Dei
990 2051 1094 2102 Fifium
1111 2051 1162 2104 Dei
1184 2065 1212 2103 se

678 2128 783 2191 fecit,et
801 2126 862 2176 idea
878 2137 906 2176 ut
921 2125 1110 2190 blasphemus,
1122 2141 1213 2177 secun·

678 2201 746 2249 dum
759 2199 859 2262 legem
873 2191 956 2262 quam
978 2195 1126 2256 habebant,
1138 2194 1208 2246 mori

678 2269 797 2319 deberet.
823 2267 921 2326 Erras,
936 2281 953 2315 o
968 2266 1077 2325 Judaee,
1098 2265 1168 2332 quia
1185 2279 1214 2316 se

679 2340 766 2390 Deum
790 2353 848 2387 non
873 2335 960 2396 fecit,
988 2336 1036 2385 sed
1055 2337 1133 2386 Pater
1150 2350 1213 2387 eum

679 2409 772 2476 genuit
784 2409 858 2459 Deus
872 2408 960 2457 Deum
972 2416 1017 2466 ,et
1030 2422 1096 2472 ergo
1109 2407 1213 2458 Filium

678 2481 727 2531 Dei
740 2495 769 2530 se
788 2479 919 2538 dicendo,
934 2494 990 2527 non
1008 2477 1212 2544 blasphemavit,

679 2552 725 2602 sed
739 2551 879 2602 veritatem
893 2549 970 2600 dixit.
985 2549 1066 2600 Unde
1077 2550 1213 2616 Augusti·

679 2636 756 2672 nus:
778 2640 792 2668 u
812 2621 879 2670 Ecce
891 2621 974 2670 altera
988 2621 1126 2685 majorsst
1141 2620 1213 2672 invi-

679 2696 735 2756 dia,
759 2710 841 2760 parva
870 2693 973 2759 quippe
998 2693 1045 2743 illa
1073 2693 1214 2745 videbatur

679 2767 753 2816 velut
770 2765 895 2816 affectatae
922 2764 1021 2816 illicito
1040 2780 1112 2816 ausu
1133 2765 1213 2834 regiae

680 2835 829 2902 potestatis.
848 2835 881 2885 Et
899 2844 990 2885 tamen
1011 2845 1140 2886 neutrum
1158 2834 1214 2887 sibi

679 2909 757 2959 lesus
787 2907 951 2958 mendaciter
981 2907 1143 2973 usurparit,
1167 2906 1214 2959 md

680 2987 841 3044 utrumque,
855 2976 958 3027 scilicet
975 2995 984 3028 :
997 2977 1064 3044 quia
1076 2987 1134 3029 erat
1146 2978 1214 3037 lin,

679 3059 706 3100 et
716 3049 803 3101 Filius
819 3048 880 3110 Dei,
894 3063 989 3098 verum
1003 3057 1061 3098 est:
1076 3057 1105 3098 et
1116 3048 1213 3115 unige-

680 3120 754 3170 nitus
768 3129 809 3170 est
819 3118 869 3170 Dei
883 3118 981 3178 Filius,
996 3128 1022 3169 et
1037 3119 1106 3170 Rex
1124 3133 1143 3169 a
1153 3119 1216 3171 Dm

681 3193 840 3244 ementiretur
853 3205 934 3256 super
949 3190 1016 3242 Sion
1029 3197 1145 3242 montem
1154 3204 1215 3242 sarr·

680 3268 750 3312 ctum
763 3262 821 3327 ejus
829 3278 840 3323 ,·
862 3270 889 3311 et
907 3269 1056 3326 utrumque
1075 3276 1150 3311 nunc
1164 3261 1215 3312 de·

680 3343 893 3398 monstraretur,
932 3333 986 3384 nisi
1021 3343 1125 3400 quanto
1158 3341 1216 3384 eret

680 3404 824 3472 potentior,
836 3414 911 3455 tanto
931 3406 1023 3455 mallet
1035 3421 1094 3455 esse
1107 3404 1215 3472 patien-

679 3479 733 3530 tior
759 3496 765 3529 :
792 3499 806 3526 »
835 3479 894 3531 haec
926 3480 1111 3546 Augustinus.
1139 3480 1217 3531 Tm

680 3565 748 3618 ergo
781 3549 893 3601 Pilatus
924 3550 1016 3616 magis
1045 3551 1156 3613 tieruit,
1180 3562 1215 3599 ne

680 3620 748 3672 forte
772 3636 867 3686 verum
886 3632 955 3672 esset
979 3621 1053 3687 quod
1071 3631 1145 3672 esset
1162 3618 1215 3671 uei

679 3693 778 3754 Filius,
787 3704 814 3744 et
829 3693 869 3744 s'xc
887 3692 989 3744 factum
1003 3708 1116 3744 enorme
1135 3691 1215 3743 fecis·

679 3775 720 3817 set
743 3765 834 3832 ipsum
859 3765 995 3832 puniendo
1015 3775 1042 3816 et
1063 3763 1216 3823 tundendo,

679 3848 706 3890 et
721 3855 757 3891 ne
779 3839 915 3891 videretur
930 3838 1024 3906 inique
1047 3853 1127 3906 agere
1141 3835 1216 3889 ouri·

680 3910 779 3963 dendo.
799 3909 841 3979 Illi
863 3924 926 3961 vero
949 3909 1002 3961 hoc
1021 3909 1143 3963 dicentes
1157 3920 1214 3961 nou
