2626 4328
89 288 140 357 576

89 416 208 472 temptus
237 406 348 473 gloriae,
373 407 503 472 pecuniae,
527 406 620 473 patria

92 489 117 529 et
141 480 293 544 parentelae.
315 480 388 530 Crux
413 495 475 529 vero
510 478 623 545 spiritus

93 565 134 601 est
148 551 236 604 fervor
253 551 415 610 devotionis,
432 553 507 616 cujus
521 551 623 602 simili-

92 633 133 673 ter
146 634 210 674 sunt
226 633 342 690 quatuor
357 623 481 686 brachia,
495 623 598 674 scilicet
614 640 624 674 ι

92 710 177 754 amor,
199 711 269 761 spes,
289 695 372 744 timor
394 705 420 745 et
440 695 534 759 dolor;
561 710 625 761 spes

93 782 211 826 sursum,
240 765 324 816 timor
349 766 485 824 deorsum,
507 781 583 816 amor
609 781 625 816 a

93 840 202 902 dextris,
215 840 292 890 dolor
305 855 321 888 a
337 838 462 890 sinistris.
479 839 566 889 Radix
580 855 624 890 au-

91 921 157 971 tem,
172 925 204 960 ex
222 925 276 976 qua
288 909 380 960 omnia
396 910 453 960 haec
474 909 624 975 pullulant,

93 992 134 1034 est
157 984 270 1048 caritas,
298 983 369 1032 unde
397 984 570 1049 Apostolus:
592 983 625 1034 In

93 1056 208 1106 caritate
231 1056 365 1118 radicati,
382 1062 410 1106 ut
425 1056 539 1121 possitis
553 1070 625 1106 com·

85 1127 263 1193 prehendere,
283 1142 340 1178 cnm
357 1128 478 1179 omnibns
506 1127 624 1190 Sanctis,

94 1212 154 1263 quoe
173 1199 210 1248 sit
222 1198 351 1261 latitudo,
368 1196 524 1263 longitudo,
539 1197 626 1246 subli-

93 1271 173 1321 mitas
193 1277 219 1322 et
236 1271 417 1337 profanandum
437 1270 484 1320 ubi
510 1269 625 1336 figuram

95 1343 189 1405 crucis,
204 1343 301 1408 eteius
316 1341 474 1408 mysterium
488 1341 627 1407 aptissime

97 1415 224 1480 exprimit
237 1416 395 1481 Apostolus,
406 1415 555 1465 secundum
568 1416 626 1466 nu-

94 1488 234 1553 gustiuum
256 1497 282 1538 et
300 1487 435 1538 Giossom.
458 1488 499 1536 Ad
518 1486 629 1536 confor-

95 1560 225 1609 mandum
238 1574 266 1609 se
281 1559 346 1609 huic
362 1558 489 1618 articulo,
501 1559 628 1623 recogitet

96 1631 180 1681 homo
194 1631 331 1696 quomodo
351 1629 476 1680 Christus
495 1630 629 1694 pendebat

96 1701 125 1751 in
142 1701 233 1751 medio
250 1702 401 1764 latronum,
422 1710 449 1750 et
464 1701 580 1751 revolvat
597 1699 627 1749 in

98 1783 189 1823 mente
203 1773 396 1824 documentum
413 1783 439 1824 et
453 1783 532 1823 oret:
546 1772 626 1836 Jeme,

96 1844 142 1910 qui
155 1843 224 1894 inter·
242 1844 310 1894 duos
324 1844 443 1895 latrones
455 1844 590 1910 crucifigi,
603 1850 630 1894 ei

89 1929 154 1966 cum
185 1915 324 1965 sceleratis
357 1916 478 1982 reputari
503 1916 627 1978 voluisti,

96 1987 132 2037 da
153 1986 275 2052 spiritum
292 2000 376 2036 meum
392 1987 419 2036 in
438 1987 523 2037 medio
538 1987 629 2037 carnis

97 2057 225 2115 armandi
239 2057 372 2123 crucifigi,
387 2063 628 2123 qnatenus,extre-

98 2128 149 2178 mis
173 2128 238 2177 milri
265 2128 421 2195 cruentati,
448 2128 475 2179 in
501 2133 525 2178 te
543 2127 628 2179 medio

95 2198 290 2263 conquiescam.

130 2268 163 2320 15
187 2268 291 2321 Turum
306 2270 418 2321 Cuarsrr
447 2285 630 2322 inconsonus

97 2359 292 2395 tirrannum
316 2361 350 2395 ur
375 2361 493 2396 ursrrcn.
517 2345 547 2382 -'
573 2344 628 2394 Nec

99 2426 189 2466 tamen
222 2416 330 2466 Christo
363 2417 402 2468 sic
432 2417 586 2482 angustiato
613 2431 629 2466 a

92 2489 224 2539 »convitiis
235 2501 362 2555 parcunt,
379 2493 438 2552 sed,
456 2492 529 2557 quod
551 2504 630 2556 poena

100 2559 175 2625 pejus
190 2570 238 2617 est,
256 2576 365 2625 passum
380 2563 556 2612 subsannant.
572 2561 630 2611 Un-

97 2629 181 2695 dique
207 2646 307 2695 poenae,
332 2633 454 2697 undique
477 2631 630 2697 opprobria,

99 2701 220 2766 undique
232 2701 356 2753 convitia.
372 2704 509 2763 Quidam,
529 2702 631 2752 scilicet

80 2768 198 2823 'milites
224 2782 359 2839 quatuor,
383 2775 431 2840 qui
453 2790 516 2824 eum
544 2773 630 2823 cruci-

97 2842 223 2906 fixerunt,
233 2852 390 2910 acceperunt
401 2845 554 2895 vestimenta
563 2844 629 2910 ejus,

101 2926 208 2981 excepta
222 2915 326 2978 tunica,
349 2927 375 2965 et
393 2915 466 2980 juxta
486 2929 632 2964 numerum

101 3002 278 3054 personarum
303 2988 454 3055 diviserunt
476 2986 528 3037 sibi
549 3001 581 3036 ea
603 2985 631 3035 in

101 3067 217 3125 quatuor·
227 3068 323 3127 portes
332 3101 340 3126 ‚
363 3061 391 3112 in
412 3059 555 3127 praesentia
574 3074 631 3109 sua.

102 3133 135 3183 Et
162 3133 282 3184 tunicam
314 3134 480 3199 superiorem
507 3131 633 3182 similiter

97 3214 260 3268 ¹acceperunt
281 3204 349 3254 circa
369 3214 457 3270 partes
483 3202 631 3270 praedictas,

103 3287 184 3336 quam
210 3273 262 3322 nisi
274 3274 446 3324 -scinderetur
464 3271 556 3338 partiri
577 3287 632 3322 non

102 3351 262 3408 potuerunt;
278 3345 323 3394 sed
337 3345 437 3394 utiliter
451 3355 477 3394 et
488 3342 632 3394 commode

100 3410 186 3461 scindi
209 3428 263 3462 non
289 3414 393 3479 potuit,
422 3413 486 3479 quia
505 3419 565 3464 erat
588 3412 632 3463 in-

102 3482 254 3544 consutilis,
276 3484 305 3534 id
324 3494 365 3535 est
390 3485 448 3535 sine
472 3494 582 3543 sutura,
605 3493 633 3534 et

101 3551 240 3602 reticulato
266 3570 346 3620 opere
380 3555 471 3615 facta,
504 3553 632 3621 qualibus

101 3622 270 3675 indumentis
290 3641 421 3691 pauperes
443 3626 472 3674 in
492 3624 633 3675 Palaestina

100 3696 142 3746 uti
153 3708 364 3760 consueverunt,
377 3710 404 3749 et
420 3699 489 3758 ideo,
504 3713 539 3749 ne
556 3696 631 3747 scin-

98 3767 227 3833 deretur,
252 3770 286 3819 ad
309 3785 395 3819 unum
415 3785 474 3819 eam
498 3769 630 3833 integram

73 3873 78 3882 ·
99 3842 240 3907 pervenire
258 3843 379 3894 sortione
397 3844 560 3892 maluerunt
579 3840 630 3893 Di-

93 3914 168 3967 citur
180 3925 270 3968 autem
283 3934 290 3966 :
302 3918 375 3984 quod
387 3917 420 3967 ad
441 3916 554 3966 modum
568 3913 630 3967 chi-

366 290 541 343 SECUNDAE
558 290 683 341 Pauus
696 291 813 342 CAPUT
830 291 920 343 LXlll.

676 407 846 459 rothecarum
856 424 904 459 seu
917 409 1092 469 birretomm,
1104 417 1132 459 et
1142 423 1211 475 quo.
1239 427 1242 437 ·

677 479 802 530 rumdam
820 480 979 541 ciliciorum,
989 481 1110 547 quodam
1126 495 1208 544 opere

677 551 765 603 textili
789 551 856 603 facta
879 553 952 618 fuit;
975 563 1001 603 et
1027 553 1104 619 quod
1132 552 1209 606 beata

676 624 761 690 Virgo
782 624 900 690 propriis
917 625 975 674 suis
997 624 1126 674 manibus
1147 639 1208 675 eam

677 694 781 760 fecerit;
796 705 823 746 et
834 696 907 761 quod
920 712 982 746 cum
995 695 1059 745 iesu
1073 703 1209 747 crescente

676 767 806 832 paulatim
832 768 912 818 etiam
941 767 1062 818 creverit.
1089 768 1129 818 Et
1149 774 1210 819 erat

678 838 791 902 desuper
811 845 938 889 contexta
955 854 1006 905 per
1025 844 1118 900 totum,
1136 839 1210 906 quis,

677 920 708 960 ut
724 910 832 974 dicitur,
851 912 885 961 ab
903 923 976 962 extra
997 927 1043 979 per
1066 921 1156 963 totum
1175 911 1212 963 de

678 999 766 1050 panno
792 984 883 1051 aliquo
906 995 963 1035 erat
981 984 1157 1050 appositum,
1177 985 1212 1035 ad

678 1070 738 1106 eam
750 1054 948 1106 fortificandum
961 1056 1049 1123 magis
1060 1065 1087 1106 et
1104 1070 1213 1107 conser-

677 1125 804 1179 vandum.
820 1128 906 1183 Unde.
917 1129 1067 1178 secundum
1078 1127 1214 1193 Chrysus·

678 1205 790 1263 tomum‚
821 1200 873 1250 hoc
905 1199 997 1248 dicens
1021 1197 1211 1263 Evangelista,

678 1271 780 1322 occulte
805 1270 889 1321 vestis
915 1270 1045 1320 vilitatem
1076 1269 1212 1330 insinuat3

679 1357 743 1392 nam
776 1341 806 1392 in
837 1341 976 1392 Palaestina
1004 1350 1043 1390 est
1075 1338 1215 1406 quoddam

679 1429 765 1480 genus
792 1413 919 1473 vestium,
945 1423 1054 1478 propter
1082 1424 1214 1477 pauperes

679 1500 712 1535 ex
728 1485 824 1536 multis
836 1486 936 1551 pannis
950 1493 1116 1539 contextum,
1130 1479 1211 1549 quasi

680 1573 752 1607 unus
766 1572 873 1622 pannus
885 1570 965 1620 super
976 1554 1070 1604 alium.
1088 1553 1148 1602 Hoc
1160 1565 1213 1600 au-

680 1643 734 1681 tem
757 1630 857 1681 factum
880 1640 938 1689 est,
964 1636 992 1679 ut
1016 1627 1214 1694 adimpleretur

680 1702 856 1762 consecutive,
868 1701 895 1751 id
910 1712 949 1751 est
960 1699 993 1749 ad
1005 1699 1068 1760 hoc,
1079 1708 1150 1749 etex
1160 1696 1216 1747 hoc

680 1774 858 1840 adimpletum
878 1783 938 1834 est,
961 1772 1032 1837 quod
1052 1771 1154 1820 diction
1174 1773 1217 1819 est

676 1861 729 1913 per·
738 1847 911 1914 Prophetam,
920 1860 952 1895 ex
965 1857 1079 1910 persona
1090 1837 1217 1892 Christi:

681 1918 839 1968 Diviserunt
867 1916 919 1966 sibi
951 1914 1104 1965 vestimenta
1133 1924 1217 1973 ntea,

681 1988 782 2039 scilicet
799 1989 851 2038 alia
871 1986 1005 2048 atunica;
1019 1991 1045 2036 et
1062 1997 1145 2049 super
1164 1995 1217 2033 ne-

681 2067 748 2111 stem
762 2073 856 2119 meam,
869 2058 971 2109 scilicet
983 2055 1101 2114 tunicam
1117 2053 1220 2103 incon·

681 2134 807 2194 sulitem,
831 2132 960 2182 miserunt
980 2118 1088 2181 sortitu.
1108 2128 1219 2178 smm-

681 2208 747 2257 dum
777 2204 985 2271 Augustorum,
1020 2197 1219 2267 quadripartita

680 2279 764 2330 vastis
786 2277 897 2329 Domini
923 2277 987 2326 iesu
1011 2272 1117 2331 Christi
1143 2285 1220 2338 qua·

680 2349 848 2416 dripartitam
859 2346 984 2413 figuravit
994 2346 1050 2410 ejus
1060 2341 1222 2401 Ecclesium,

681 2431 737 2471 toto
767 2419 831 2469 orbe
858 2417 959 2468 scilicet
985 2426 1118 2466 terrarum
1130 2450 1141 2476 ‚
1166 2411 1218 2479 qui

682 2501 797 2559 quatuor
817 2489 938 2555 partibus
951 2495 1063 2548 constat,
1078 2482 1218 2541 diffusam,

682 2574 709 2613 et
737 2563 767 2613 in
799 2561 929 2612 omnibus
962 2557 1065 2608 eisdem
1092 2552 1218 2620 partibus

683 2633 830 2699 aequaliter,
845 2633 925 2681 idest
943 2627 1110 2680 concorditer
1125 2622 1218 2675 distri·

684 2705 786 2766 butam,
798 2704 831 2752 ad
843 2718 910 2768 quas
924 2701 1010 2760 virtus
1024 2695 1153 2751 Crucifixi
1167 2709 1220 2747 ex·

684 2774 812 2840 panditur
825 2788 872 2839 per
886 2783 1002 2838 quatuor
1015 2778 1104 2836 partes
1117 2765 1219 2817 cruda.

685 2845 787 2897 Tunica
807 2860 871 2896 vero
896 2844 942 2893 illa
963 2843 1066 2904 sortita,
1090 2837 1220 2891 omnium

685 2917 803 2983 partium
824 2914 960 2981 significat
986 2912 1126 2970 unitatem,
1154 2924 1220 2976 quae

685 2988 803 3039 caritatis
840 2987 949 3038 vinculo
991 2983 1153 3035 continetur.
1189 2981 1220 3033 si

685 3060 760 3110 enim
778 3059 876 3110 caritas
897 3056 1092 3122 supereminet,
1116 3063 1145 3104 et
1167 3066 1221 3103 su-

686 3150 733 3199 per
756 3133 849 3184 omnia
878 3139 1009 3198 praecepta
1032 3137 1095 3191 est;
1118 3124 1223 3177 merito

684 3205 785 3264 vestis,
808 3217 866 3268 qua
891 3199 1077 3266 significatur,
1101 3197 1219 3262 desuper

686 3280 814 3326 contexta
841 3271 1009 3336 perhibetur.
1037 3268 1071 3319 Et
1093 3264 1223 3327 addidit,

682 3360 733 3411 per
748 3349 848 3403 totum,
862 3341 927 3407 quia
943 3356 1023 3390 nemo
1035 3339 1095 3402 ejus
1111 3346 1153 3387 est
1168 3350 1224 3386 ex-

685 3432 761 3482 pers,
789 3414 838 3481 qui
862 3409 996 3479 pertinere
1022 3409 1159 3461 invenitur
1183 3407 1220 3459 ad

684 3499 790 3547 totum,
805 3501 820 3536 a
833 3502 889 3552 quo
906 3495 962 3535 toto
983 3482 1113 3534 catholica
1135 3494 1220 3531 vocu-

684 3570 728 3610 tur
753 3557 880 3609 Ecclesia.
915 3552 1089 3606 inconsutilis
1124 3559 1219 3601 autem

684 3629 800 3690 dicitur,
815 3643 849 3677 ne
863 3625 1009 3692 aliquando
1024 3624 1177 3684 dissuatur;
1191 3628 1221 3671 et

684 3704 716 3752 ad
735 3717 823 3753 unum
846 3699 976 3766 pervenit,
994 3696 1059 3762 quia
1078 3695 1109 3745 in
1129 3708 1219 3746 uuum

684 3789 780 3823 omnes
791 3772 906 3837 colligit,
923 3769 952 3819 in
975 3776 1046 3818 sorte
1059 3775 1150 3817 autem
1166 3763 1219 3816 Dei

684 3843 768 3909 gratia
788 3841 976 3893 commendam
998 3847 1048 3898 est,
1062 3837 1136 3902 quia,
1154 3850 1218 3888 cum

684 3929 743 3965 sors
761 3913 880 3964 mittitur
892 3949 900 3972 ,
911 3927 968 3961 non
985 3923 1107 3975 persono
1122 3908 1218 3972 cuius·
