2626 4328
142 406 197 458 832

173 533 240 583 stus,
255 530 332 574 ectus
343 519 603 572 conformationis&

176 593 274 644 oratio.

148 679 179 732 ¹9
194 661 329 714 Amicitia
344 661 537 714 confoederstio
555 661 602 712 in·

175 746 215 788 ter
225 736 341 786 Pilatum
354 744 380 785 et
391 735 525 786 Herodem
534 734 602 801 quid

176 805 288 871 signati
394 811 398 818 '

144 893 178 925 20
200 878 400 927 Documentum
420 891 456 927 ex
480 875 531 926 hac
557 889 601 925 re-

175 947 371 1010 conciliatione,
394 957 469 998 actus
486 944 600 998 eonfor-

626 589 679 655 527

624 803 678 869 527

514 432 518 440 ·
564 402 674 455 INDEX
691 399 849 454 CAPITUM

765 515 898 567 metionis
913 523 939 566 et
953 513 1047 566 oratio.
1222 513 1274 564 528

737 603 767 640 21
804 588 938 655 Frtigndo
967 597 997 640 et
1027 587 1196 638 documenta

785 670 883 711 ustuor
905 676 937 712 ex
963 659 1090 711 ductione
1105 667 1132 709 et
1145 673 1195 710 ro-

764 677 892 782 iuctionc
918 729 1019 782 Christi
1041 729 1075 780 de
1099 729 1199 794 judice

764 805 798 856 nd
812 805 1027 870 indicamento
1041 801 1197 854 conforme·

763 876 848 927 tionis
863 886 889 927 et
904 875 999 926 oratio.

1218 870 1273 941 529

321 1146 439 1198 CAPUT
453 1146 532 1196 [ΧΠ.
547 1175 578 1186 -
592 1145 634 1198 De
648 1146 757 1210 Tertia,
775 1146 802 1198 in
815 1148 954 1200 Paetinae
966 1147 1086 1200 Domini.

165 1331 176 1365 r
208 1317 318 1376 Pilatus,
347 1316 436 1367 sciens
458 1315 604 1366 Christum

177 1401 236 1438 esse
247 1386 434 1448 innocentem,
444 1385 536 1437 ornnis
545 1394 604 1437 ten·
663 1394 670 1410 “

174 1469 214 1509 tat
228 1469 258 1509 ut
270 1459 362 1524 ipsum
380 1459 487 1509 liberet.
625 1439 681 1522 530

162 1544 177 1577 2
191 1531 251 1579 Mos
260 1528 392 1580 liberandi
406 1529 603 1579 malefactorem

180 1599 209 1648 in
224 1599 292 1650 festo
307 1600 424 1649 Peschae.
627 1594 678 1648 531

154 1669 178 1720 ’3
194 1669 293 1720 Visum
309 1668 402 1719 uxoris
414 1668 501 1719 Pilati.
626 1667 680 1718 532

164 1741 287 1805 4ludaei
323 1740 432 1791 Christo
459 1740 604 1791 Bamhnm

179 1811 337 1878 praeferunt3
351 1812 465 1878 quinem
474 1812 517 1863 eis
527 1811 605 1863 simi·

181 1883 243 1934 les?

163 1953 181 2003 5
198 1953 259 2003 Duo
283 1952 444 2004 documenta
454 1968 491 2004 a
508 1954 605 2018 ptule-

178 2023 251 2074 tione
264 2024 398 2086 Bumbae,
411 2034 488 2076 nctus
500 2023 606 2075 confor-

180 2097 353 2147 mationiset
369 2098 465 2148 oratio.
541 2137 543 2143 .

165 2168 181 2218 6
199 2169 300 2219 Pilatus
324 2168 422 2220 frustra
445 2184 541 2220 manus
563 2170 605 2218 la-

182 2250 234 2290 vat.
630 2236 682 2303 534

166 2312 273 2381 7lubet
289 2310 430 2362 Christum
440 2310 580 2376 flagellari.
627 2309 681 2361 535

164 2381 180 2430 8
195 2381 329 2432 Dominus
346 2382 515 2432 vestimentis
528 2381 604 2432 exui-

179 2464 232 2514 tur,
257 2455 311 2504 duo
335 2455 506 2515 documenta,
531 2464 606 2505 ectus
634 2477 639 2488 ·

179 2523 404 2576 conformationis
417 2535 443 2576 et
456 2523 550 2575 oratio.
625 2521 682 2574 536

163 2594 445 2661 9Christusflngcllis
459 2595 577 2646 caeditur.
627 2593 682 2646 ’536

151 2681 183 2715 ro
198 2665 399 2732 Flagellntionis
411 2666 560 2717 Dominicae
568 2664 605 2716 fi-

180 2752 263 2802 gurae.

154 2823 180 2857 11
199 2806 318 2858 Solvitur
329 2807 454 2857 Christus
468 2822 483 2857 a
498 2806 606 2856 colum-

180 2893 223 2936 na,
238 2877 293 2928 duo
307 2878 468 2928 documenta
478 2876 605 2943 exipsius

179 2948 367 3015 flagellatione,
395 2957 470 2998 actus
496 2946 605 2998 confor-

180 3022 307 3072 mationis
320 3031 346 3072 et
361 3021 456 3072 oratio.

155 3107 184 3140 12
202 3092 336 3142 Dominus
355 3091 499 3159 chlamyde
518 3091 605 3142 cocci-

183 3163 232 3212 ries
246 3162 375 3213 induitur.

153 3233 184 3287 v13
210 3235 375 3285 Documenta
398 3233 452 3284 duo
479 3249 511 3285 ex
532 3242 607 3285 veste

182 3321 323 3371 purpurea,
334 3316 410 3356 actus
419 3304 607 3356 conformatio-

182 3375 225 3426 nis
240 3388 266 3427 et
277 3377 372 3427 oratio.
630 3372 682 3440 540

155 3446 344 3508 1400r0natio
360 3446 463 3498 Christi
478 3463 539 3498 cum
553 3444 607 3496 dia-

181 3515 286 3567 demate
309 3517 414 3582 spineo,
440 3517 493 3568 tria
517 3518 602 3570 docu-

184 3597 273 3638 menta
287 3604 319 3638 ex
335 3605 365 3640 ea
378 3599 404 3641 et
416 3591 512 3642 oratio.

628 1881 681 1934 532

628 2095 679 2148 533

628 2735 682 2787 538

627 3017 682 3071 538

628 3159 682 3229 539

153 3658 185 3710 ι5
197 3659 284 3708 ,Datur
298 3659 322 3708 ei
337 3671 473 3726 sceptrum
489 3659 605 3712 arundi-
652 3644 655 3656 Δ

184 3730 236 3791 nis,
261 3731 457 3782 documentum
477 3748 557 3783 exeo
580 3741 607 3783 et

183 3803 278 3853 oratio.

156 3873 187 3925 16
201 3875 264 3925 Tria
278 3872 416 3924 illusionis
437 3872 605 3925 instrumen-

179 3957 206 3998 ta
221 3948 249 3997 in
265 3946 383 4011 Christo,
394 3945 461 4013 quid
476 3945 607 4012 signant?
627 3943 679 4014 541

148 4035 182 4084 17
194 4018 289 4071 Flcxio
302 4033 423 4086 genuum
445 4026 508 4068 ante
522 4017 605 4069 Chri-

630 3801 679 3868 541

628 3587 682 3656 540
712 3648 714 3651 ,

765 1326 847 1382 stum,
865 1318 1063 1369 documentum
1075 1333 1109 1368 ex
1122 1331 1157 1369 es
1166 1327 1197 1368 et

764 1388 860 1439 oratio.

738 1455 770 1509 ι8
783 1458 912 1510 Christus
934 1460 1021 1511 dettuo
1047 1458 1200 1524 nuptm

766 1539 792 1580 et
805 1529 975 1596 conspuitur.

740 1615 771 1666 19
797 1601 939 1652 Percussio
965 1600 1061 1666 cepitis
1086 1599 1197 1650 Christi

765 1686 829 1720 cum
842 1671 984 1735 arundine,
998 1671 1198 1722 documentum
1259 1737 1273 1789 3

739 1828 772 1862 20
787 1813 937 1864 Dominicae
956 1810 1143 1862 coronationis
1169 1821 1200 1864 nt

772 1882 909 1934 illusionis
922 1883 1024 1948 figure.
1225 1879 1277 1946 544

738 1968 768 2003 21
787 1953 912 2020 Mysteria
926 1952 1087 2018 illusionum
1104 1949 1196 2002 cnti-

768 2026 802 2076 sti
816 2026 987 2092 etsuperbiae
997 2023 1156 2076 exsecratio.
1225 2023 1295 2090 544.

737 2113 770 2150 sn
783 2097 912 2149 Christus
925 2112 1018 2148 comm
1031 2096 1137 2162 poptdo
1146 2095 1201 2146 sd·

767 2168 888 2228 ducitur,
908 2168 1068 2219 documenta
1088 2181 1122 2215 ex
1145 2164 1201 2216 hoc

768 2249 794 2290 et
808 2238 905 2289 oratio.

703 2353 707 2362 .
734 2309 770 2362 23
785 2310 926 2360 Clamores
936 2309 1091 2360 Judaeorum
1108 2305 1197 2356 cruci-

768 2383 896 2434 fixionem
907 2382 1018 2434 Domini
1031 2379 1201 2448 petentium,

768 2455 961 2506 documentum
985 2469 1017 2503 cx
1043 2452 1099 2515 eis,
1119 2459 1201 2501 actus

768 2523 992 2576 conformationis
1006 2532 1033 2574 et
1045 2521 1145 2573 oratio.
1222 2519 1277 2586 547

737 2610 774 2660 24
799 2595 910 2656 Pilatus,
933 2593 1073 2645 Christum
1097 2589 1201 2643 dimit·

767 2676 824 2716 tere
837 2665 942 2726 volens,
958 2679 1021 2714 eum
1036 2662 1127 2713 denuo
1150 2659 1201 2711 in-

768 2744 894 2802 terrogat.

737 2804 770 2858 25
786 2808 837 2858 Sed
857 2807 1010 2858 Judaeorum
1031 2803 1200 2856 clamoribus

767 2880 884 2940 territus,
899 2895 947 2945 pro
961 2877 1090 2930 tribunali
1099 2875 1202 2942 judica·

766 2960 845 3000 turus
860 2949 936 3001 sedit.

737 3019 954 3072 monumenta
973 3021 1027 3070 duo
1048 3034 1080 3069 ex
1105 3017 1198 3069 addu-

766 3093 856 3144 ctione
877 3093 979 3145 Christi
1004 3093 1038 3143 nd
1063 3090 1198 3152 tribunal,

766 3174 840 3214 actus
854 3161 1078 3214 conformationis
1092 3169 1119 3212 et
1133 3173 1199 3212 ora-

767 3233 815 3284 ti0.

737 3322 771 3373 27
784 3308 912 3358 Christus
926 3307 1071 3358 damnatur
1083 3305 1117 3354 ad
1133 3319 1200 3355 cru-

767 3395 836 3429 cem.
1034 3422 1047 3435 ,,

737 3448 771 3498 28
799 3450 1002 3500 Documentum
1033 3462 1065 3497 ex
1092 3445 1199 3497 Christi

767 3511 1006 3578 condemnationi,
1028 3526 1104 3567 nctus
1126 3531 1200 3567 con-

767 3591 939 3643 formationis
956 3601 981 3640 et
993 3589 1087 3640 oratio.

737 3677 771 3730 29
801 3664 874 3714 Crux
901 3659 1056 3728 imponitur
1093 3658 1199 3711 Christi

766 3735 900 3785 humeris.
997 3789 999 3793 ,

737 3805 770 3856 30
795 3806 903 3872 Figurae
931 3799 1105 3869 bajulationis
1133 3816 1200 3852 cru-

767 3895 814 3930 cis.

738 3949 767 4000 31
783 3947 911 4000 Christus
923 3948 957 3999 ed
972 3946 1138 4014 supplicium
1153 3961 1200 3998 ex·

767 4031 808 4070 tra
832 4019 968 4070 civitatem
991 4017 1119 4080 trahitur,
1142 4017 1197 4070 tri-

1218 1385 1274 1453 542

1217 1525 1274 1592 542

767 1757 799 1806 ex
811 1757 843 1793 en
853 1752 882 1793 et
895 1743 992 1794 oemio.

1226 2234 1275 2300 54⁵

1223 2729 1275 2797 548

1223 2946 1273 3013 ⁵49

1226 3227 1271 3281 552

1224 3373 1270 3426 552

1220 3586 1268 3650 554

1223 3729 1270 3792 554

1220 3872 1270 3937 554
