2626 4328
328 279 377 331 DE
392 279 515 339 SEXTA,
532 278 568 329 IN
584 278 751 334 PASSIONE
769 282 907 335 DOMINI.

60 396 98 446 sic
117 395 148 447 fit
168 395 198 445 in
213 396 299 462 portis
313 396 457 446 domorum
470 396 513 445 vel
529 393 597 444 civi-

62 479 156 528 tatum,
167 468 281 533 quando
296 483 339 517 res
352 476 413 517 actu
424 465 597 529 describitur,

63 537 249 604 triumphalis,
277 537 326 604 qui
354 537 454 587 scilicet
479 536 599 587 continet

62 623 173 658 causam
188 618 215 659 et
230 608 354 658 ordinem
371 608 482 672 alicujus
497 607 598 657 trium-

64 681 120 746 phi,
136 691 164 732 et
188 681 251 730 talis
270 691 301 731 ut
315 682 360 732 hic
377 680 481 740 titulus,
495 679 528 730 de
542 695 598 746 quo

65 767 137 803 nunc
167 752 277 803 dicitur.
305 753 370 803 Post
396 751 497 803 victum
524 751 597 801 enim

64 825 225 886 diabolum,
252 841 335 891 super
361 835 439 891 caput
462 826 520 889 ejus
545 823 598 875 tuit

60 899 195 965 scriptum
217 916 224 949 :
245 900 302 951 Hie
325 905 366 950 est
395 900 458 949 Rex
484 898 598 949 Judaeo-

63 989 131 1036 rm,
152 973 256 1024 scilicet
271 974 350 1023 corde
365 971 596 1035 circumcisorum,

61 1046 181 1112 spiritu,
209 1062 266 1097 nou
294 1046 395 1109 littera;
421 1054 448 1096 et
476 1061 522 1111 per
545 1045 597 1094 hoc

61 1117 135 1183 quod
154 1117 238 1167 etiam
260 1117 288 1166 in
307 1127 394 1167 morte
411 1116 518 1179 dicitur,
533 1116 598 1166 Rex

61 1188 231 1250 iudeorum,
253 1189 403 1239 ostenditur
416 1188 489 1254 quod
505 1187 597 1237 necin

63 1270 151 1311 morte
165 1259 282 1325 perdidit
302 1275 417 1326 regnum
431 1260 597 1320 ludaeorum,

62 1331 109 1382 sed
128 1331 218 1397 magis
239 1331 382 1397 acquisivit
397 1346 522 1381 verorum
542 1329 597 1381 sci-

62 1401 125 1453 licet
147 1402 314 1463 ludaeorum,
334 1403 424 1468 ipsum
439 1402 528 1462 corde,
551 1418 598 1453 ore

63 1484 88 1524 et
104 1489 189 1541 opere
204 1473 397 1528 confitentium.
410 1475 450 1524 Ex
465 1473 518 1523 isto
532 1473 598 1524 arti-

63 1545 125 1597 culo
140 1544 379 1610 superscriptionis
392 1544 472 1602 tituli,
485 1545 599 1595 habetur

63 1618 269 1681 documentum,
291 1619 364 1685 quod
380 1618 598 1685 quandocunque

62 1688 260 1758 impugnamur
278 1705 294 1740 a
316 1690 447 1749 daemone,
473 1705 597 1756 oppona-

59 1777 124 1813 mus
147 1762 203 1814 sibi
230 1763 340 1814 titulum
370 1763 450 1813 istum
480 1780 488 1813 z
516 1760 598 1815 Jesus

61 1835 230 1902 Nazarenus
255 1837 321 1886 Rex
347 1836 514 1887 Judaeorum.
543 1835 597 1897 Qui

61 1905 123 1958 ideo
152 1907 251 1959 titulus
279 1907 452 1973 triumphalis
479 1907 597 1970 dicitur,

60 1979 125 2045 quia
136 1980 309 2048 triumphum
323 1980 424 2031 Christi
439 1991 531 2032 contra
545 1981 598 2032 dia-

60 2050 156 2101 bolum
182 2050 320 2100 evidenter
352 2050 487 2116 exprimit.
516 2051 595 2111 Quod

61 2121 182 2174 sentiens
201 2122 325 2173 diabolus
346 2139 409 2173 mox
423 2123 501 2174 affixo
515 2123 596 2174 titulo

62 2193 146 2256 cruci,
156 2194 264 2244 Judaeos
279 2193 425 2260 instigavit,
439 2203 469 2244 ut
482 2209 497 2244 a
512 2194 596 2244 Pilato

61 2262 135 2315 tituli
147 2263 328 2314 mutationem
341 2274 476 2330 peterent;
492 2265 538 2315 sed
554 2264 597 2314 Pi·

62 2335 143 2395 latus,
155 2334 250 2385 divino
266 2335 399 2385 instinctu
412 2335 441 2385 in
461 2336 513 2385 hoc
527 2335 596 2385 facto

60 2414 164 2465 motus,
185 2405 386 2457 immutabilem
409 2422 466 2457 esse
486 2406 595 2457 titulum

59 2477 188 2529 asseruit.
214 2480 246 2529 In
266 2479 342 2529 omni
367 2495 431 2546 ergo
449 2479 595 2545 impugna-

60 2551 136 2603 tione
156 2551 302 2611 diabolica,
325 2551 500 2603 Christianus
522 2553 595 2602 hunc

62 2623 173 2675 titulum
194 2624 221 2675 in
240 2626 319 2674 corde
342 2635 368 2674 et
388 2640 443 2684 ore,
458 2624 499 2675 vel
514 2625 596 2675 etiam

63 2694 92 2745 in
104 2695 208 2760 scripto
221 2705 313 2763 gerat;
340 2695 404 2762 quia
418 2695 488 2746 inter
501 2697 596 2746 omnia

61 2779 137 2817 arm
152 2766 293 2817 Passionis
303 2767 460 2827 Dominicaa
473 2768 595 2818 diabolus

64 2835 138 2889 bunc
149 2837 264 2889 titulum
274 2838 466 2904 triumphalem
478 2838 597 2888 maxime

60 2911 251 2976 perhorrescit,
268 2923 348 2978 prout
372 2913 486 2978 ipsemet
499 2913 595 2962 diabo-

59 2982 102 3033 lus
116 2982 228 3033 cuidam
255 2999 373 3049 persouae
389 2984 491 3035 devotae
509 2982 538 3031 in
552 2981 595 3032 vi-

59 3052 140 3103 sione
160 3054 280 3119 quadam
294 3066 401 3104 exactus
415 3054 539 3104 asseruit.
553 3054 594 3103 Ad

60 3121 290 3174 conformandum
319 3139 348 3174 se
375 3124 440 3175 huic
464 3124 594 3184 articulo,

58 3193 107 3260 qui
136 3193 279 3245 illusorius
308 3193 361 3244 fuit
382 3211 414 3245 ex
443 3195 594 3245 intentione

58 3264 234 3325 ludaeorum,
259 3266 376 3315 attendat
403 3266 488 3315 homo
508 3265 595 3315 docu-

59 3345 195 3397 mentum,
214 3335 294 3387 etsie
310 3347 366 3387 oret
380 3354 387 3387 :
400 3338 477 3400 lesu,
492 3337 538 3403 qui
558 3336 594 3386 ri-

59 3408 112 3459 rati
124 3408 303 3473 triumphalis
317 3410 544 3476 superscriptione
558 3407 595 3458 lu·

58 3479 133 3531 serie
155 3478 298 3545 diffamari
320 3480 438 3545 voluisti,
466 3482 503 3531 da
530 3481 595 3531 milri

56 3550 108 3600 sub
133 3551 227 3602 eodem
257 3551 336 3602 titulo
356 3558 400 3602 tuo
424 3554 464 3604 sie
486 3551 594 3604 strenue

59 3621 187 3685 rulime,
203 3627 233 3671 ut
243 3622 362 3688 trophaeo
373 3630 419 3674 tuo
430 3624 516 3676 hostis
525 3640 595 3689 per-

57 3691 172 3743 territus
198 3692 264 3742 milri
280 3707 331 3744 non
354 3695 454 3745 audeat
479 3695 595 3760 propin-

59 3777 151 3827 quare.

94 3834 124 3889 13
138 3837 235 3888 Fortun
252 3854 346 3890 cnucrs
365 3854 484 3898 musque
505 3855 596 3890 exent-

1130 288 1181 356 573

650 404 735 446 teram
750 410 822 460 nota,
835 403 908 468 quod
923 419 987 454 crux
998 420 1053 454 non
1068 406 1185 457 habebat

650 469 754 536 aliquid
769 487 851 538 super
866 475 970 542 lignum
991 490 1182 538 transversum,

650 540 752 592 habens
768 545 818 595 tria
839 545 947 598 brachia
969 549 1002 598 ad
1022 549 1183 599 similitudi-

652 629 714 664 nem
728 615 824 667 litterae
836 619 872 682 T;
889 621 935 671 sed
949 621 1008 671 loco
1023 621 1110 687 quarti
1126 623 1183 672 bra-

649 687 714 748 chii,
740 688 840 740 Pilatus
864 694 1036 759 superposuit
1059 694 1181 744 cavillam

650 768 676 808 et
698 760 827 821 tabulam,
854 763 980 815 similiter
1009 765 1041 814 ad
1070 765 1181 814 modurn

654 829 715 880 Tau
738 832 761 882 ei
777 832 892 896 affixam,
908 845 934 885 et
950 835 978 885 in
1002 836 1092 885 tabula
1113 835 1182 885 scri-

649 910 712 966 ptus
738 912 794 953 erat
821 904 925 956 titulus
949 906 1072 956 Creditur
1091 915 1182 956 autem

650 988 714 1022 crux
737 974 847 1024 Domini
864 975 1024 1041 quindecim‘
1035 976 1114 1042 pedes
1131 976 1182 1027 ha-

650 1045 742 1096 buisse
755 1046 784 1096 in
798 1049 883 1097 altum
898 1057 924 1098 et
944 1049 1034 1098 tabula
1048 1064 1180 1114 superpo—

649 1119 700 1169 sita
717 1121 813 1184 pedem
829 1130 855 1170 et
876 1120 1031 1171 dimidium.
1048 1121 1183 1171 Dicuntur

649 1207 758 1259 quoque
772 1193 802 1242 in
813 1208 893 1243 cruce
902 1191 1012 1242 Domini
1024 1191 1107 1242 fuisse
1120 1207 1183 1258 qua-

649 1273 710 1313 tuor
724 1262 799 1329 ligna
812 1263 925 1323 diversa,
949 1272 975 1313 et
993 1277 1123 1328 generum
1137 1262 1182 1312 di-

649 1350 798 1395 versorum,
813 1334 912 1384 scilicet
922 1351 929 1384 ε
941 1333 1022 1399 stipes
1037 1331 1093 1382 sive
1103 1342 1183 1381 trun-

650 1405 739 1457 cusin
752 1422 819 1472 rupe
834 1405 967 1465 defossus,
985 1403 1030 1454 cui
1048 1419 1113 1452 crux
1127 1413 1183 1452 erat

650 1476 740 1536 infixa,
754 1479 787 1528 de
801 1478 892 1540 cedro;
905 1477 990 1541 palus,
1005 1475 1061 1524 sive
1076 1474 1182 1539 lignum

650 1559 778 1613 erectum,
794 1551 827 1599 de
841 1563 984 1615 cypresso;
997 1545 1183 1603 transversale,

650 1621 706 1671 sive
715 1621 820 1687 lignum
830 1630 1019 1674 transversum,
1030 1617 1062 1665 de
1077 1616 1182 1682 palma3

649 1694 742 1745 tabula
756 1693 932 1760 superposita,
952 1691 986 1742 de
1007 1687 1086 1750 oliva,
1109 1686 1182 1739 unde

649 1777 690 1818 est
703 1767 754 1818 iste
765 1782 858 1817 versus
874 1783 881 1816 z

649 1912 741 1978 Ligna
769 1911 858 1963 crucis
878 1911 981 1977 palma,
1005 1909 1111 1968 cedrio,
1128 1921 1182 1973 cy—

947 1984 1082 2048 [pressur,
1099 1978 1181 2029 oliva.

648 2129 743 2194 Signat
770 2137 861 2178 autem
882 2127 975 2177 cedrus
1010 2122 1182 2174 altitudinem

649 2198 902 2266 contemplationis;
917 2209 1066 2262 cypressus,
1081 2191 1182 2242 famam

650 2272 728 2321 bonae
753 2269 907 2336 opinionis;
934 2268 1037 2332 palma,
1065 2263 1184 2312 fructum

648 2343 778 2409 justitiae3
806 2342 888 2402 oliva,
914 2339 1053 2390 lenitatem
1077 2334 1182 2385 miseri·

649 2414 753 2465 cordiae.
780 2414 852 2465 Crux
888 2426 951 2462 vero
989 2405 1184 2475 quadripartita

648 2484 840 2559 quadrifariam
866 2493 968 2548 partem
990 2479 1086 2530 mundi
1107 2477 1184 2529 desi·

648 2568 730 2624 gnat;
744 2573 808 2607 nam
823 2556 846 2606 si
864 2565 934 2606 recte
947 2554 1056 2620 jacendo
1070 2552 1098 2602 in
1113 2562 1184 2603 terra

648 2629 814 2695 projiciatur,
829 2628 882 2677 alia
896 2641 956 2693 pars
971 2625 1073 2690 eiusad
1087 2623 1183 2674 Orien-

648 2714 712 2763 tem,
735 2702 787 2752 alia
807 2702 840 2751 ad
868 2699 1051 2758 Occidentem,
1073 2697 1125 2747 alia
1147 2695 1182 2746 ad

648 2773 801 2834 Meridiem,
824 2773 876 2825 alia
902 2774 935 2823 ad
954 2770 1180 2837 Septemtrionem

647 2846 765 2913 respicit.
784 2846 854 2896 Cum
870 2860 933 2910 ergo
948 2843 1082 2893 Dominus
1099 2840 1184 2902 huius

647 2933 733 2981 genus
743 2917 839 2966 mortis
847 2917 979 2966 sustinere
988 2912 1083 2970 voluit,
1093 2921 1181 2959 osten-

647 2991 687 3040 dit
699 2990 763 3055 quia
778 2989 960 3056 quadrifidum
975 2985 1110 3035 mundum
1125 2983 1179 3033 sal-

646 3072 758 3112 vaturus
772 3070 837 3118 erat,
856 3069 882 3108 et
900 3075 933 3109 ex
947 3066 1064 3123 quatuor
1083 3053 1178 3103 mundi

646 3131 767 3196 partibus
780 3132 878 3180 electos
891 3129 924 3178 ad
939 3143 1016 3177 suam
1026 3125 1106 3175 fidem
1120 3124 1180 3174 col·

646 3203 762 3252 lecturus
776 3210 847 3262 erat,
873 3209 900 3250 et
923 3199 996 3264 quod
1018 3197 1105 3248 virtus
1121 3197 1180 3246 Pas-

646 3275 733 3326 sionis
760 3283 785 3325 et
802 3272 985 3324 crucifixionis
1006 3287 1061 3322 suae
1079 3271 1113 3320 ad
1129 3269 1180 3321 has

646 3348 738 3413 plagas
756 3346 852 3398 mundi
873 3362 920 3412 per
943 3361 1048 3395 crucem
1065 3342 1179 3408 expandi

646 3418 768 3469 debebat.
798 3418 860 3469 Sive
894 3419 975 3469 etiam
1011 3417 1064 3467 tale
1095 3428 1180 3481 genus

647 3489 742 3539 mortis
761 3489 894 3539 sustinere
917 3489 1013 3548 voluit,
1036 3497 1066 3538 ut
1087 3496 1181 3536 osten·

646 3563 719 3614 deret
742 3578 792 3628 pro
815 3563 918 3628 quibus
934 3561 1117 3612 restaurandis
1132 3574 1180 3626 pa·

646 3635 784 3694 tiebatur,
809 3635 910 3684 scilicet
941 3651 949 3684 ε
980 3649 1029 3700 pro
1054 3630 1180 3698 supernis

645 3707 813 3771 Angelorum
843 3705 931 3755 ruinis
958 3703 1103 3770 replendis,
1130 3716 1181 3767 pro

646 3777 724 3840 justis
738 3776 771 3825 de
783 3775 868 3824 limbo
883 3774 1036 3833 educendis,
1053 3789 1101 3839 pro
1115 3770 1181 3821 arni-

646 3849 686 3899 cis
709 3847 870 3913 colligendis
897 3857 924 3896 et
947 3844 1107 3902 adunandis,
1131 3856 1181 3908 pro

60 3919 139 3959 carro
150 3923 180 3961 rs
193 3923 275 3959 sensu
288 3925 409 3961 ursrrco.
430 3938 461 3949 -
482 3910 524 3960 Ad
545 3909 595 3961 lit·
642 3918 764 3973 inimicis
780 3917 987 3969 reconciliandis
1010 3933 1017 3966 :
1042 3913 1173 3981 primum,
