2626 4328
275 251 322 302 DE
337 252 441 302 POENA
458 250 650 302 INFERNALI
665 252 711 302 ET
725 250 860 303 GLORIA
876 250 1043 302 COELESTl.

93 368 261 432 rihcatione;
276 367 348 432 juxta
362 383 399 427 se,
412 368 445 418 de
457 368 622 434 Angelorum

94 450 119 488 et
137 439 279 488 hominurn
303 438 487 488 associatione.
514 440 543 488 ln
563 447 625 488 tan-

93 520 151 559 tum
176 523 293 574 namque
313 507 439 574 gaudebit
458 509 573 574 quisque
593 509 625 558 de

94 583 167 632 bono
188 581 307 640 alterius
334 591 466 646 quantum
492 582 525 631 de
552 582 624 631 bono

95 651 220 717 proprio;
232 651 305 716 quod
318 661 407 700 tamen
418 651 624 723 intelligendum

94 734 134 773 est
150 722 253 772 nonde
278 722 367 787 gaudii
394 722 553 782 intentione,
579 723 624 773 sed

94 794 127 843 de
151 793 310 859 gaudiorum
333 808 454 843 numero.
477 793 516 843 lbi
544 793 625 844 etiam

94 864 195 929 singuli
218 880 233 915 a
250 864 366 929 singulis
380 874 585 929 cognoscentur,
601 872 626 914 et

94 934 197 984 videbit
225 935 415 1000 unusquisque
450 935 626 1000 cogitationes

94 1005 204 1054 alterius
230 1015 309 1069 prout
335 1006 406 1067 vult3
436 1006 509 1071 quia,
536 1015 566 1056 ut
589 1005 626 1055 ait

96 1075 257 1140 Gregorius
274 1074 487 1141 uniuscujusque
507 1086 625 1126 mentem

95 1144 129 1193 ab
148 1144 257 1193 alterius
276 1144 362 1194 oculis
382 1145 549 1210 corpulentia
571 1160 626 1195 non

94 1217 248 1266 abscondet.
270 1217 409 1267 Videbunt
427 1218 518 1283 itaque
531 1218 625 1282 justos,

96 1300 126 1338 ut
140 1291 288 1354 gaudeant,
304 1291 435 1340 videbunt
449 1306 559 1356 quoque
576 1307 628 1356 poe·

97 1374 145 1408 nas
160 1361 345 1424 reproborum,
358 1371 388 1410 ut
401 1361 434 1410 de
446 1361 626 1425 periculorum

96 1430 219 1479 evasione
239 1430 336 1496 gratias
357 1441 444 1497 agant.
467 1431 627 1481 Videbimus

96 1498 134 1547 ibi
147 1500 235 1549 Deum
249 1501 276 1549 in
292 1516 328 1561 se,
343 1501 484 1566 Deumque
497 1501 523 1550 in
539 1501 626 1560 nobis,

96 1580 123 1619 et
138 1585 188 1620 nos
207 1570 234 1619 in
252 1572 316 1631 Deo,
335 1582 360 1622 et
376 1572 461 1621 Deum
477 1572 505 1621 in
522 1583 627 1622 creatu-

96 1641 143 1704 ris,
165 1651 191 1692 et
211 1653 342 1693 creaturas
367 1643 395 1692 in
421 1644 486 1695 Deo.
511 1643 549 1693 lbi
575 1643 628 1694 erit

96 1713 170 1763 Deus
182 1715 270 1764 omnia
289 1716 315 1764 in
330 1716 459 1776 omnibus,
477 1715 504 1764 id
519 1724 567 1775 est,
582 1731 626 1765 se-

96 1785 216 1834 cundum
237 1788 434 1852 Augustorum,
452 1797 531 1837 erunt
551 1787 627 1837 ineo

96 1870 268 1922 quaecunque
283 1858 315 1906 ab
331 1859 460 1908 omnibus
475 1858 627 1908 desideran-

97 1939 141 1974 tur
155 1942 162 1974 ε
178 1936 203 1976 et
217 1926 279 1987 vita,
296 1937 322 1978 et
337 1929 418 1988 salus,
445 1939 471 1979 et
492 1928 577 1994 copia,
602 1936 628 1978 et

97 1998 194 2059 honor,
205 2012 229 2049 et
244 2016 303 2065 pax,
319 2012 344 2052 et
359 2002 449 2051 omnia
466 2002 544 2052 bona.
559 2003 629 2052 Tan-

97 2079 130 2118 tae
142 2070 377 2130 enim,secundum
388 2072 561 2136 Gregorium,
575 2071 629 2122 ine·

98 2139 243 2191 stimabilis
268 2142 480 2206 pulchritudinis
510 2153 570 2202 est,
599 2151 629 2192 ut

69 2270 72 2278 Ι
97 2213 194 2277 Angeli
222 2213 269 2278 qui
298 2215 382 2264 solem
416 2214 628 2281 septempliciter

97 2297 146 2332 sua
167 2283 278 2334 vincunt
296 2286 507 2350 pulchritudine,
531 2287 629 2353 jugiter

98 2354 127 2403 in
160 2371 223 2406 eum
255 2358 407 2408 desiderent
442 2359 629 2410 insatiabiliter

99 2429 258 2494 prospicere.
284 2431 323 2481 lbi
352 2432 447 2494 etiam,
479 2433 628 2483 secundum

99 2502 223 2552 eumdem
243 2505 435 2568 Augustinum,
458 2519 553 2555 sensus
576 2505 629 2554 ho-

100 2571 183 2621 minis
207 2573 320 2623 interior
347 2575 482 2635 reficitur,
510 2575 537 2624 in
563 2590 630 2624 con-

100 2645 273 2710 templatione
297 2646 462 2710 divinitatis;
486 2655 512 2697 et
535 2662 631 2697 sensus

100 2715 215 2765 exterior
233 2716 261 2765 iu
279 2717 507 2782 contemplatione
532 2718 631 2767 huma-

101 2784 193 2836 nitatis
208 2802 215 2835 :
231 2798 369 2852 propterea
390 2789 463 2838 Deus
487 2789 570 2838 homo
589 2787 631 2837 fa-

101 2864 158 2905 ctus
172 2866 222 2916 est,
243 2868 272 2906 ut
295 2867 381 2906 totum
407 2857 546 2907 hominem
562 2858 633 2907 inse

101 2925 268 2976 beatificaret.
281 2928 355 2977 Deus
366 2943 461 2978 omnes
475 2943 569 2978 sensus
581 2927 633 2993 spi·

100 2996 190 3046 rituali
213 3007 239 3047 et
253 2998 382 3048 ineffabili
399 2997 573 3048 delectatione
587 3012 632 3047 re-

100 3064 181 3128 ficiet,
195 3083 258 3118 cum
275 3068 332 3133 ipse
351 3068 483 3132 obiectum
507 3067 632 3117 omnium

101 3155 229 3191 sensuum
244 3141 280 3191 sit
300 3140 418 3190 futurus.
439 3140 496 3190 Erit
516 3154 633 3206 namque

101 3214 173 3264 Deus
186 3216 325 3280 speculum
339 3214 419 3273 visui,
439 3215 540 3264 cithara
553 3213 633 3264 audi·

102 3286 151 3346 tui,
167 3288 220 3337 mel
237 3287 338 3352 gustui,
350 3286 500 3336 balsamum
515 3285 633 3347 olfactui,

102 3356 154 3406 flos
182 3358 271 3408 tactui.
297 3357 337 3407 lbi
363 3357 414 3407 erit
441 3357 541 3408 candor
565 3356 634 3408 lucis

102 3427 238 3488 aestivalis,
252 3427 393 3478 amoenitas
406 3428 528 3492 vernalis,
545 3427 634 3478 abun·

103 3498 194 3548 dantia
216 3498 391 3560 autumnalis,
406 3499 513 3564 requies
528 3498 634 3548 hiema-

103 3567 147 3622 its.
160 3570 208 3618 llla
219 3569 363 3628 beatitudo,
377 3568 529 3619 secundum
542 3571 636 3633 Augu-

103 3641 212 3702 stintrm,
222 3641 249 3690 in
258 3642 365 3691 duobus
375 3640 507 3699 consistit,
518 3639 634 3690 scilicet:

106 3710 135 3759 in
150 3711 298 3761 necessaria
314 3710 457 3776 praesentia
478 3709 569 3759 omnis
583 3710 635 3758 bo-

104 3781 143 3841 ni,
164 3789 191 3830 et
202 3781 232 3831 in
247 3780 395 3830 necessaria
408 3779 530 3830 absentia
545 3777 636 3831 omnis

105 3853 178 3905 mali.
190 3854 223 3903 Et
238 3853 361 3917 breviter,
376 3853 525 3904 secundum
540 3853 636 3918 Augu-

1155 251 1206 302 815

678 367 776 417 stinum
792 375 818 417 et
831 366 1003 432 Gregorium,
1023 374 1096 416 tanta
1110 375 1151 417 est
1170 367 1209 417 ibi

679 438 852 503 pulchritudo
866 437 984 501 justitiae,
1000 446 1070 491 tanta
1081 436 1210 501 jucundi-

678 521 718 560 tas
732 511 800 561 lucis
820 520 943 570 aeternae,
968 519 999 559 ut
1019 509 1100 560 etiam
1115 510 1138 560 si
1154 527 1210 560 non

679 583 770 633 liceret
794 583 822 632 in
850 597 880 632 ea
910 582 1026 647 amplius
1054 580 1142 632 vivere
1162 598 1210 633 seu

680 669 785 704 manere
797 669 879 719 quam
891 653 974 702 unius
988 653 1041 703 diei
1054 669 1138 712 mora,
1153 669 1211 719 pro·

679 734 737 784 pter
751 725 803 774 hoc
817 726 906 775 solum
929 724 1140 774 innumerabiles
1155 725 1210 774 hu-

678 796 722 856 jus
735 794 796 845 vitae
816 795 873 844 dies
892 794 964 859 pleni
988 795 1091 844 deliciis
1117 806 1143 845 et
1167 795 1210 846 af-

680 868 790 918 fluentia
826 867 1015 933 temporalium
1057 867 1210 930 bonorum,

680 948 751 989 recte
792 937 942 1003 meritoque
979 946 1209 989 contemneretur.

680 1010 740 1059 Non
757 1008 830 1059 enim
854 1008 921 1058 falso
942 1016 988 1058 aut
1011 1023 1091 1073 parvo
1116 1008 1210 1060 affectu

680 1083 782 1132 dictum
806 1091 846 1132 est
862 1098 868 1131 :
885 1081 954 1141 Quia
976 1081 1070 1131 melior
1092 1089 1133 1131 est
1153 1083 1211 1134 dies

681 1168 734 1203 una
749 1153 775 1203 in
790 1152 870 1202 atriis
883 1152 945 1213 tuis,
959 1166 1040 1217 super·
1052 1152 1147 1202 millia.

711 1241 729 1289 4
748 1226 837 1275 Sronn
863 1240 951 1274 numa
976 1239 1009 1272 rr
1032 1239 1161 1274 conrorus
1183 1239 1210 1273 m

680 1311 820 1346 ornentur.
836 1325 865 1333 —
878 1297 940 1344 Haec
955 1295 1035 1345 etiam
1046 1295 1101 1345 vita
1115 1305 1212 1345 aeterna

680 1366 804 1416 consistit
815 1367 841 1415 in
854 1366 922 1415 stola
935 1365 1032 1415 animae
1046 1374 1071 1415 et
1081 1363 1210 1430 corporis.
1276 1395 1284 1411 .

680 1439 753 1489 Stola
781 1439 893 1501 animae,
920 1436 1044 1488 consistit
1072 1437 1099 1487 in
1124 1437 1211 1488 tribus

680 1509 793 1571 dotibus
804 1509 869 1574 ejus,
887 1509 988 1559 scilicet
1003 1526 1010 1559 ε
1026 1507 1053 1557 in
1068 1508 1212 1560 manifesta

680 1580 834 1646 cognitione
850 1595 963 1629 summae
983 1579 1133 1639 Trinitatis,
1150 1593 1211 1644 quae

681 1652 799 1701 succedit
812 1650 889 1712 fidei3
907 1651 936 1700 in
949 1650 1063 1715 perfecta
1076 1651 1134 1716 ejus
1149 1650 1213 1700 frui·

680 1723 762 1783 tione,
777 1738 839 1788 quae
854 1722 972 1772 succedit
986 1722 1060 1788 spei;
1079 1723 1108 1772 in
1123 1721 1212 1787 perfe-

680 1804 720 1842 cta
739 1793 797 1857 ejus
816 1793 970 1853 dilectione,
995 1792 1125 1857 quianon
1149 1807 1212 1843 eva-

681 1863 823 1923 cuabitur,
862 1865 907 1933 sed
938 1862 1090 1927 perficietur
1117 1862 1212 1914 caritas

681 1933 768 1999 ipsius
783 1934 841 1984 Dei.
857 1934 930 1984 Stola
944 1943 1034 1983 autem
1052 1933 1172 1999 corporis
1183 1932 1211 1982 in

681 2016 796 2070 quatuor
811 2007 920 2056 dotibus
935 2007 992 2070 ejus
1011 2006 1142 2067 consistit,
1158 2005 1213 2055 sci-

681 2076 761 2125 licet:
781 2076 809 2125 in
832 2076 960 2134 claritate,
987 2075 1213 2140 impassibilitate,

682 2144 839 2204 subtilitate,
861 2155 886 2195 et
906 2145 1032 2211 agilitate.
1056 2146 1139 2194 Dotes
1161 2144 1214 2194 ani-

682 2232 744 2276 mae,
760 2227 822 2267 sunt
835 2218 868 2266 de
890 2217 1002 2281 praemio
1023 2214 1212 2277 substantiali;

683 2289 758 2337 dotes
772 2302 835 2337 vero
854 2288 976 2352 corporis
994 2286 1027 2336 de
1041 2285 1153 2351 praemio
1168 2299 1214 2335 ac·

683 2358 818 2409 cidentali.

716 2429 730 2479 5
748 2430 888 2479 Sanctarm
902 2446 934 2479 ne
948 2445 1044 2479 rnraus
1059 2445 1149 2479 anina:
1163 2443 1215 2477 oo·

683 2515 769 2550 rmus.
792 2529 822 2537 —
845 2500 937 2550 Prima
960 2515 1022 2566 ergo
1047 2501 1096 2550 dos
1119 2498 1216 2549 animae

684 2581 724 2620 est
746 2570 875 2635 cognitio,
900 2586 960 2636 quae
981 2580 1006 2620 et
1025 2569 1094 2620 visio
1108 2570 1216 2629 dicitur,

684 2657 738 2707 qua
764 2640 856 2691 divina
885 2641 1000 2692 essentia
1024 2641 1160 2692 videbitur
1182 2640 1217 2692 ab

668 2719 672 2725 '
685 2711 815 2762 omnibus
829 2721 892 2771 tota,
903 2713 948 2762 sed
960 2728 1015 2762 non
1029 2712 1125 2771 taliter,
1138 2719 1218 2776 prout

686 2795 725 2836 est
737 2785 852 2836 infinita.
867 2785 1012 2835 Videbitur
1020 2794 1111 2833 tamen
1128 2797 1218 2832 essen·
1250 2841 1256 2852 .

686 2857 723 2906 tia
737 2855 829 2905 divina
843 2855 984 2920 limpidius
1000 2855 1033 2904 ab
1047 2869 1111 2912 uno,
1133 2865 1217 2917 quam

687 2928 719 2976 ab
749 2925 811 2988 alio,
839 2926 866 2974 in
892 2935 1024 2990 quantum
1043 2938 1114 2973 unus
1131 2920 1217 2987 magis

686 2999 736 3049 erit
750 2997 881 3064 perfectus
903 2996 1006 3046 lumine
1027 2995 1119 3062 gloriae
1135 3008 1217 3059 quam

686 3070 760 3123 alter.
785 3068 817 3118 Et
832 3068 870 3118 sic
890 3066 940 3117 ista
956 3066 1105 3117 differentia
1119 3065 1170 3114 erit
1185 3078 1218 3114 ex

686 3150 759 3207 parte
770 3139 901 3200 videntis3
912 3138 976 3204 quia
986 3139 1058 3188 idem
1068 3136 1119 3187 erit
1128 3135 1218 3186 visum

687 3227 719 3262 ex
744 3220 826 3275 parte,
844 3211 929 3275 cujus,
945 3225 1006 3259 cum
1021 3209 1056 3258 sit
1070 3203 1218 3271 simplicis·

688 3284 797 3342 simum,
809 3284 882 3333 nulla
895 3293 982 3349 potest
997 3297 1055 3332 esse
1069 3279 1217 3331 diversitas.

688 3355 788 3405 Tribus
816 3365 905 3405 autern
932 3353 1022 3403 modis
1047 3351 1220 3418 cognoscitur

688 3427 790 3477 scilicet
805 3442 812 3475 ι
829 3427 902 3492 quod
916 3437 965 3488 est,
977 3426 1019 3475 vel
1031 3423 1101 3474 sicut
1113 3434 1161 3484 est,
1178 3422 1221 3474 vel

688 3497 820 3562 quidest.
842 3496 933 3545 Primo
955 3495 1036 3544 modo
1049 3493 1221 3560 cognoscitur

688 3568 761 3616 Deus
774 3566 801 3616 in
815 3565 867 3624 via,
883 3566 962 3615 etiam
981 3580 996 3615 a
1015 3564 1111 3629 malis3
1130 3578 1222 3613 secun·

689 3641 733 3699 do,
759 3639 895 3689 videbitur
918 3638 947 3687 in
972 3637 1058 3704 patria
1080 3652 1095 3687 a
1124 3636 1221 3696 bonis,

689 3712 762 3776 juxta
776 3709 843 3759 illud
862 3708 976 3760 Joannis
991 3725 997 3758 :
1013 3707 1123 3759 Similes
1133 3707 1158 3757 ei
1171 3705 1222 3756 eri·

690 3794 757 3843 mus,
770 3778 894 3845 quoniam
911 3779 1057 3829 videbimus
1069 3792 1127 3829 eum
1141 3773 1222 3826 sicuti

690 3857 739 3912 est,
764 3850 791 3900 id
814 3858 854 3900 est
875 3849 1050 3914 majestatem,
1063 3846 1219 3904 claritatem,
