2626 4328
235 259 283 310 DE
299 261 409 312 PRIMO
426 258 695 327 COMPLETORIO,
710 263 745 313 IN
765 265 932 321 PASSIONE
947 270 1082 324 DOMINI.
1161 275 1212 340 483

101 390 149 425 non
160 376 236 440 quod
248 375 450 426 simulationem
462 391 513 426 nos
526 376 628 437 doceat,

99 445 136 495 sed
150 460 187 496 ne
203 445 369 511 proditorem
379 447 471 512 fugere
483 447 627 512 videretur,

98 525 117 566 et
136 517 200 582 plus
217 516 335 568 afficeret
354 518 537 584 proditorem,
565 534 626 569 cum

97 589 192 639 amoris
201 588 324 639 officium
338 606 392 640 non
411 601 533 655 negaret3
545 591 627 643 simul

97 670 116 710 et
128 659 199 711 illud
220 661 373 711 Psalmistae
385 662 523 726 complens
538 679 545 713 ι
561 663 627 714 Cum

95 731 132 782 iis
148 732 204 798 'qui
214 733 332 783 oderunt
343 748 437 799 pacem
452 748 525 784 eram
533 736 629 802 pacifi-

96 819 145 856 cus.
165 805 216 869 Et,
238 816 366 872 suscepto¹
382 807 483 867 osculo,
498 808 573 859 dixit
586 809 628 860 illi

96 878 170 928 lesus
186 896 194 929 :
209 878 326 939 Amice,
353 879 390 929 ad
412 881 477 946 quid
507 881 627 932 uenisti?

96 947 172 998 Vocat
185 963 251 999 eum
265 949 392 1008 amicum,
408 951 558 1001 secundum
573 962 624 1002 sta·

96 1030 146 1071 tum
161 1020 328 1091 pristinum,
348 1023 526 1074 amicabiliter
549 1024 624 1075 enim

97 1093 140 1144 luit
155 1095 259 1145 electus
282 1110 297 1145 a
317 1096 435 1146 Domino
456 1096 485 1146 in
506 1098 625 1163 Aposto-

96 1164 156 1214 lum.
171 1166 211 1215 Ac
226 1165 250 1215 si
265 1164 381 1216 diceret:
393 1166 433 1215 Ad
448 1167 520 1232 quod
537 1168 624 1218 scelus

96 1233 210 1300 dilapsus
231 1250 270 1295 es,
285 1245 316 1285 ut
335 1236 485 1301 discipulus
509 1239 625 1288 traderes

97 1308 259 1375 Magistrum,
268 1321 294 1360 et
307 1310 373 1360 dum
383 1325 455 1361 esses
467 1312 623 1377 Apostolus,

96 1377 172 1429 lactus
188 1395 218 1430 es
238 1380 372 1431 traditor?
390 1381 451 1430 vide
465 1381 532 1446 quid
551 1381 624 1432 feces

96 1447 135 1508 ris,
151 1459 178 1499 et
199 1450 341 1500 considera
361 1450 444 1501 finem
465 1461 543 1501 tuum
563 1467 623 1502 ma·

96 1517 158 1584 lum;
173 1521 228 1580 vel,
242 1521 336 1583 amice,
349 1521 413 1587 quia
426 1521 510 1588 diligo
527 1533 561 1584 te,
576 1523 622 1573 sed

96 1589 209 1653 inimice,
223 1591 289 1658 quia
308 1608 352 1642 me
367 1593 464 1656 tradis;
481 1595 532 1655 vel,
547 1605 623 1645 vocat

95 1661 286 1712 eumamicum
315 1663 417 1713 ironice
435 1663 623 1730 improperans

94 1730 286 1783 simulationes.
308 1734 459 1799 Tanquam,
473 1735 622 1785 secundum

94 1802 286 1868 augustinum,
301 1803 400 1855 diceret
419 1821 426 1855 :
447 1804 584 1856 Oscularis
597 1818 623 1856 et

94 1872 235 1936 insidiaris,
248 1875 311 1925 novi
326 1892 409 1942 quare
423 1877 546 1943 veneris3
558 1879 623 1929 ami·

94 1961 148 1997 cum
184 1948 289 2014 tingis,
322 1965 384 1999 cum
412 1950 532 2016 proditor
565 1952 620 2014 sis;

92 2017 209 2068 ostendis
234 2019 381 2069 amicitiam
401 2020 499 2086 signo,
523 2031 549 2071 et
565 2021 622 2086 agis

92 2088 273 2152 proditionem
294 2091 327 2139 de
340 2088 417 2140 facto.
431 2090 562 2141 Amicitiae
581 2091 622 2142 si-

91 2160 147 2226 gnis
162 2161 317 2227 proditores
340 2173 463 2224 utuntur,
480 2174 510 2214 ut
527 2180 621 2215 eorum

91 2232 164 2282 dolus
203 2233 332 2283 latentius
364 2245 513 2300 peragatur.
544 2235 621 2286 Unde

91 2301 205 2367 apertius
218 2301 241 2352 ei
257 2302 325 2353 dixit
338 2319 344 2353 :
359 2304 442 2367 Juda,
460 2305 551 2356 osculo
569 2306 621 2355 Fi-

91 2372 285 2424 liumhominis
305 2375 402 2438 tradis,
423 2376 508 2427 idest
527 2377 556 2427 in
582 2377 621 2427 si-

91 2461 138 2511 gno
168 2446 297 2507 caritatis,
322 2449 501 2514 proditionem
527 2450 621 2500 homi-

91 2517 148 2567 cidii
163 2517 239 2569 facis.
263 2517 360 2568 Infelix
373 2519 493 2585 signum,
508 2521 555 2570 ubi
574 2537 621 2586 per

91 2605 178 2655 pacem
193 2590 306 2653 bellum,
324 2607 371 2657 per
386 2593 510 2643 osculum
527 2593 619 2643 homi-

90 2660 195 2722 cidium,
208 2676 255 2727 per
262 2662 449 2714 salutationem
460 2664 621 2714 condemna-

91 2731 123 2782 tio
146 2733 320 2799 procuratur!
345 2733 397 2784 Ubi
427 2734 588 2787 Ambrosius
610 2752 619 2785 .·

92 2818 102 2845 u
126 2803 203 2855 lllud
220 2803 283 2869 plus
311 2803 429 2854 confutat
464 2805 618 2870 ingratum,

93 2873 157 2935 quod
171 2887 235 2923 eum
250 2873 397 2934 tradiderit,
412 2873 460 2940 qui
475 2890 535 2924 curn
549 2885 619 2925 esset

94 2939 135 2990 Dei
153 2942 250 3003 Filius,
267 2953 374 3008 propter
392 2959 442 2994 nos
460 2944 546 2994 Filius
565 2945 618 2994 ho-

95 3010 167 3062 minis
177 3028 236 3063 esse
249 3014 385 3065 voluisset.
399 3015 482 3075 Quasi
502 3015 617 3066 diceret:

96 3079 195 3147 Propter
221 3094 247 3134 te
274 3085 378 3150 suscepi
403 3085 516 3151 ingrate,
544 3086 616 3151 quod

95 3152 173 3204 tradis.
192 3155 371 3221 hypocrita.»
395 3157 447 3217 Et,
469 3158 618 3208 secundum

95 3225 229 3287 eumdem,
265 3227 341 3293 quasi
373 3228 488 3279 amantis
523 3227 616 3280 affectu

95 3295 383 3363 corripuitproditorem
398 3315 405 3348 z
420 3309 445 3349 et
456 3299 517 3349 ideo
526 3299 616 3359 etiam,

96 3366 232 3417 secundum
271 3367 493 3435 Chrysostomum
504 3407 513 3432 ,
550 3385 616 3435 pro-

97 3435 174 3497 prium
190 3453 291 3489 nomen
313 3439 411 3504 posuit,
435 3441 508 3506 quod
531 3441 618 3507 magis

97 3503 201 3558 dolentis
228 3519 286 3560 erat
309 3519 335 3559 et
359 3510 515 3571 revocantis,
534 3526 616 3577 quam

97 3579 219 3639 provocati
229 3579 263 3630 ad
275 3579 353 3630 iram.
367 3579 445 3639 Unde
455 3580 599 3632 Auselmus
609 3598 617 3631 :

97 3651 193 3717 «Signo
206 3652 448 3718 quod-acceperant
461 3668 477 3704 a
489 3654 558 3704 duce
569 3652 618 3704 fla-

96 3719 155 3784 gitii,
166 3723 283 3790 teipsum
297 3723 481 3776 manifestasti.
493 3725 561 3776 Nam
572 3741 618 3776 ac-

96 3792 222 3845 cedentem
246 3794 279 3844 ad
302 3795 425 3845 osculum
453 3794 622 3846 sanctissimi

96 3863 141 3917 otis
149 3867 188 3918 tui
203 3876 343 3920 cruentam
358 3866 470 3919 bestiam
480 3877 618 3920 aversatus

683 395 786 444 nones,
799 382 846 432 sed
857 399 888 434 os
903 385 930 435 in
943 401 994 452 quo
1006 387 1084 438 dolus
1092 389 1214 442 iuuentus

681 465 733 501 non
744 459 792 514 est,
808 453 848 504 ori
866 455 940 520 quod
953 457 1098 509 abundavit
1112 461 1214 515 malitia

680 522 795 574 dulciter
801 525 990 591 applicuisti.0
1000 528 1126 580 innocens
1137 534 1213 598 Agna

680 593 738 653 Dei,
747 595 813 660 quid
826 596 875 646 tibi
887 607 913 647 et
924 598 988 663 lupo
1003 598 1059 648 itlit
1074 600 1141 660 Quae
1153 617 1212 654 con-

680 665 767 715 ventio
792 667 896 718 Christi
912 670 949 719 ad
977 670 1093 721 Belial?
1117 675 1167 723 Sed
1185 685 1211 726 et

681 733 732 784 hoc
750 735 923 802 benignitatis
936 748 989 790 tuae
1004 752 1068 803 erat,
1087 743 1210 807 Domine,

680 817 710 857 ut
728 809 821 860 omnia
833 809 873 860 illi
892 812 1040 873 exhiberes,
1055 831 1116 880 quae
1136 818 1209 882 pravi

679 878 767 929 cordis
779 880 820 930 sui
831 881 1005 945 pertinaciam
1026 886 1147 937 emollire
1158 903 1209 952 po-

679 951 800 1003 tuissent.
826 953 894 1003 Nam
919 964 945 1005 et
964 957 1060 1010 veteris
1083 960 1210 1012 amicitiae

678 1019 754 1071 illum
770 1026 1092 1086 commonuisti,dicens:
1107 1031 1208 1095 Amice,

677 1091 714 1141 ad
725 1093 790 1158 quid
805 1095 925 1146 uenisti?
944 1098 975 1147 Et
992 1098 1105 1149 horrore
1126 1102 1210 1152 scele-

677 1161 715 1212 ris
736 1162 778 1213 sui
797 1179 843 1214 cor
860 1164 975 1231 impium
990 1167 1068 1218 ferire
1089 1171 1208 1233 voluisti,

677 1248 740 1282 cum
755 1234 861 1286 dicebas
876 1252 883 1286 ι
899 1237 982 1310 duda,
1001 1240 1092 1290 osculo
1108 1242 1208 1293 Filium

676 1303 790 1356 hontiuis
807 1307 897 1358 tradis
911 1325 920 1360 t
936 1328 949 1355 n
963 1305 1020 1360 haec
1033 1313 1183 1364 Anselmus.

711 1390 743 1439 17
756 1375 864 1435 Qumau
882 1378 955 1428 Juna:
966 1382 1086 1432 stultus?
1102 1398 1135 1432 ar
1146 1401 1209 1437 rnre

676 1459 764 1495 uuus
775 1462 951 1498 raaurrronau
962 1466 1068 1501 aulaea
1084 1468 1207 1504 aronen-

675 1531 729 1566 rra.
741 1546 771 1556 -
784 1519 840 1570 Hoc
852 1520 922 1571 idem
935 1531 1022 1588 potest
1033 1523 1084 1574 dici
1098 1525 1207 1592 indigne

677 1590 846 1642 sumentibus
855 1593 959 1659 Corpus
969 1594 1080 1659 Christi,
1089 1598 1189 1650 scilicet
1199 1617 1207 1651 ι

675 1661 758 1724 Juda,
769 1663 861 1716 osculo
874 1665 974 1715 Filium
986 1666 1098 1718 hominis
1109 1671 1205 1722 tradit.

676 1731 820 1792 Moraliter,
841 1734 922 1786 ludas
945 1747 986 1787 est
1008 1739 1136 1800 mundus,
1158 1742 1205 1808 qui

676 1803 783 1866 quando
794 1805 826 1854 ad
836 1804 944 1855 libitum
961 1808 1006 1858 dat
1015 1809 1132 1872 divitias,
1142 1821 1207 1864 tunc

676 1872 762 1936 ridet;
784 1875 893 1941 quando
907 1877 953 1927 dat
965 1878 1067 1940 solatia,
1089 1891 1115 1931 et
1135 1881 1205 1932 deli-

675 1944 737 2006 cias,
758 1956 823 1997 tunc
851 1949 1002 2013 osculatur;
1025 1952 1135 2016 quando
1160 1955 1205 2006 dat

676 2016 799 2078 honores,
812 2028 877 2070 tunc
891 2022 1074 2086 amplexatur3
1089 2025 1134 2074 sed
1149 2041 1207 2076 om-

676 2087 756 2138 nibus
778 2088 837 2140 istis
858 2091 947 2141 modis
974 2108 1023 2142 nos
1044 2090 1152 2161 decipit,
1178 2107 1207 2149 et

675 2158 754 2208 morti
768 2169 871 2212 aetemre
883 2177 933 2212 nos
946 2163 1035 2222 tradit,
1051 2174 1117 2216 teste
1129 2166 1205 2217 beato

673 2228 723 2278 lob
733 2229 779 2295 qui
792 2230 858 2281 dicit
872 2248 878 2282 :
893 2233 1003 2284 Ducunt
1013 2234 1039 2283 in
1055 2235 1130 2286 bouis
1144 2237 1203 2288 dies

674 2314 747 2364 suos,
761 2301 825 2351 etin
837 2309 937 2366 puncto
950 2303 987 2353 ad
1004 2303 1139 2371 infernum
1156 2307 1204 2356 de-

674 2372 809 2422 scendunt.
820 2373 888 2423 Vide
901 2373 946 2424 hic
960 2375 1106 2425 maximam
1125 2393 1205 2428 man-

673 2442 843 2492 suetudinem
860 2443 981 2504 Domini,
995 2445 1059 2511 quia
1081 2449 1204 2500 osculum

674 2513 803 2578 proditori
822 2529 872 2564 suo
886 2514 969 2576 dedit,
986 2526 1012 2566 et
1025 2517 1113 2569 verbis
1126 2519 1205 2571 blan-

673 2583 793 2634 dissimis
812 2586 953 2651 alloquens
971 2587 1088 2638 amicum
1114 2590 1204 2655 ipsum

673 2654 785 2706 vocavit.
807 2655 831 2706 O
853 2667 920 2722 quot
942 2669 1006 2708 sunt
1024 2658 1105 2710 hodie
1129 2662 1204 2721 tales,

671 2725 720 2793 qui
745 2725 871 2777 videntur
895 2728 974 2778 amici
998 2743 1056 2779 esse
1083 2731 1204 2791 Domini,

673 2806 699 2846 et
724 2812 779 2846 non
805 2808 869 2848 sunt
893 2800 950 2864 ejus
975 2798 1069 2849 amici!
1101 2801 1204 2853 Amicis

672 2866 746 2915 enim
760 2866 817 2916 suis
830 2867 922 2917 omnia
932 2878 994 2918 nota
1003 2867 1074 2927 facit,
1087 2869 1203 2921 scilicet:

672 2938 807 2987 mundum
830 2949 1009 3000 contemnere,
1025 2954 1130 2990 carnem
1152 2941 1204 2990 do-

672 3025 754 3071 mare,
777 3021 803 3060 et
824 3010 962 3061 diabolum
985 3025 1047 3060 cum
1070 3011 1127 3062 suis
1143 3023 1203 3062 ten-

672 3083 818 3134 tationibus
838 3084 953 3134 vincere.
981 3084 1032 3134 Sed
1055 3085 1135 3136 multi
1160 3088 1205 3138 ab·

672 3165 766 3221 euntes
787 3165 867 3215 retro,
892 3165 952 3221 post
970 3156 1203 3222 concupiscentias

672 3242 742 3286 suas,
774 3241 835 3276 cum
863 3227 930 3276 Juda
962 3227 1098 3292 proditore
1122 3229 1200 3280 abie-

671 3311 732 3351 runt
743 3300 776 3350 ad
789 3298 966 3366 poenasQuot
977 3310 1041 3351 sunt
1057 3301 1135 3352 etiam
1152 3303 1203 3353 ho-

670 3370 723 3430 die,
746 3369 793 3436 qui
819 3369 887 3420 inter
912 3384 941 3420 se
963 3369 1089 3422 videntur
1112 3371 1213 3433 amici,

671 3442 717 3492 sed
731 3450 795 3492 sunt
810 3440 866 3491 ficti
881 3451 908 3492 et
922 3443 1025 3508 pejores
1048 3458 1130 3509 quam
1145 3444 1202 3495 ini-

671 3513 733 3564 mici
757 3513 860 3580 aperti!
884 3514 1013 3565 lnimicus
1025 3516 1098 3567 enim
1113 3517 1202 3567 mani·

670 3584 754 3635 festus
776 3584 872 3635 melior
889 3595 930 3635 est
947 3600 1028 3650 quam
1051 3586 1154 3638 amicus
1167 3586 1202 3639 fi-

671 3664 753 3716 ctus;
787 3652 833 3704 ille
868 3654 934 3704 dum
962 3654 1092 3717 timetur,
1126 3656 1203 3708 facile

670 3723 786 3787 vitatur;
817 3723 868 3774 iste
885 3724 1019 3790 'praelavet
1045 3725 1110 3776 dum
1145 3742 1201 3776 non

671 3795 851 3861 cognoscitur.
868 3797 898 3846 ln
915 3795 968 3847 isto
982 3806 1071 3848 autem
1087 3797 1201 3848 articulo

671 3866 824 3918 traditionis
848 3876 874 3917 et
901 3867 987 3918 osculi
1013 3867 1203 3935 exprimuntur
