2626 4328
445 567 808 694 TABULA

239 855 717 930 CONCIONATORIBUS
746 844 1014 928 PERUTILIS

67 1123 596 1211 EVANGELIORUM
643 1126 790 1228 QUAE
836 1125 1182 1211 LEGUNTUR

469 1332 516 1423 [N
541 1359 795 1438 DOMINICIS,

139 1579 262 1631 FESTIS
278 1581 324 1631 ET
341 1580 456 1631 FERIIS
472 1577 606 1628 TOTIUS
622 1575 709 1627 ANNI
727 1572 884 1624 PROPRIO
899 1568 1110 1622 EVANGEL'IO

500 1666 749 1719 GAUDENTIBUS

397 1892 502 1938 JUXTA
525 1890 662 1938 MISSALE
685 1888 863 1936 ROMANUM.

297 2114 501 2149 CORRESPONDET
526 2112 615 2148 Aurnx
643 2109 780 2145 LUDOLPHI
804 2107 950 2143 CAPITIBUS.

173 2425 370 2517 Evangelia
399 2425 587 2493 missarum
609 2425 651 2494 de
668 2419 827 2518 P'roprio
847 2419 890 2488 de
913 2428 1076 2509 tempore.

100 2651 243 2703 Dominica
256 2618 276 2704 ιΙ
287 2653 427 2703 Adventus
448 2650 567 2702 Domini.
685 2656 734 2700 etc.
750 2648 816 2698 Luc.
835 2663 858 2708 1,
872 2664 902 2713 p.
922 2663 945 2708 1,
960 2663 983 2697 c.
1000 2643 1028 2696 5.

68 2771 156 2822 Erunt
179 2771 256 2836 signa
283 2771 312 2822 in
333 2772 398 2833 sole,
420 2779 445 2820 et
467 2770 541 2831 luna,
575 2778 602 2819 et
827 2766 912 2816 Feria
924 2771 1014 2814 sexta.

100 2846 193 2906 steffisv
224 2855 273 2895 etc.
308 2845 373 2894 Luc·
401 2859 444 2904 ²¹·
472 2856 546 2909 parte
575 2861 601 2910 2>
656 2859 812 2923 Exsurgens
826 2855 919 2914 Maria,
928 2853 995 2904 abiit
1007 2853 1036 2902 in
1047 2859 1184 2909 montana,

101 2931 157 2982 αἱΡ·
174 2932 218 2980 42·
687 2938 737 2980 etc.
751 2928 817 2978 Luc.
837 2942 860 2987 1,
877 2942 903 2991 p.
924 2941 947 2984 1,
961 2939 984 2973 c.
999 2921 1025 2973 6.

236 3015 378 3066 Dominica
398 3014 437 3064 Π.
855 3039 984 3089 sabbato.

69 3130 140 3199 §um
154 3132 272 3181 audisset
292 3134 408 3184 Joannes
430 3131 459 3182 in
475 3128 602 3189 vinculis,
657 3142 737 3190 Anno
758 3136 959 3206 quintodecimo
973 3132 1078 3184 Tiberii
1093 3132 1185 3183 cm.

22 3264 25 3269 ,
109 3205 273 3256 etc.Mattl1.
294 3222 334 3268 11,
350 3222 376 3272 p.
398 3222 420 3265 1,
436 3220 462 3254 c.
481 3203 524 3255 56.
689 3211 737 3272 ris,
748 3220 797 3260 etc.
809 3210 875 3260 Luc.
891 3206 917 3267 3,
927 3223 953 3272 p.
969 3221 994 3264 1,
1007 3221 1029 3255 c.
1048 3220 1091 3270 17.

225 3325 369 3376 Dominica
390 3326 446 3376 III.
812 3323 956 3375 Dominica
977 3322 1029 3372 IV.

70 3412 203 3462 Miserunt
214 3413 300 3463 Judaei
311 3414 345 3463 ab
354 3413 541 3480 Jerosolymis,
553 3423 602 3464 etc.
657 3419 737 3468 Anno
753 3414 849 3483 quinto
874 3414 988 3472 decimo,
1010 3421 1059 3462 etc.
1078 3411 1144 3462 Luc.
1161 3410 1186 3470 3,

100 3483 181 3534 Joan.
198 3500 221 3544 1,
235 3500 262 3549 p.
283 3501 305 3548 1,
322 3501 345 3535 c.
364 3501 405 3552 19·
689 3504 716 3554 p.
732 3504 757 3549 1,
771 3503 848 3554 c.17.

87 3601 171 3652 Feria
186 3606 283 3666 quarta
294 3600 416 3661 Quatuor
426 3601 588 3665 Temporum
689 3602 720 3653 In
740 3600 843 3667 Vigilia
856 3599 1020 3650 Nativitatis
1043 3597 1155 3649 Christi.

257 3671 406 3722 Adventus·
658 3695 727 3746 Cum
746 3701 817 3742 esset
837 3690 996 3756 desponsata
1022 3691 1105 3741 Mater
1113 3689 1186 3750 Jmu,

75 3769 174 3820 Missus
187 3778 228 3820 est
241 3769 361 3835 Angelus
375 3768 483 3820 Gabriel
498 3782 515 3818 a
536 3767 602 3826 Deo,
688 3775 739 3818 etc.
748 3764 849 3815 Matth.
867 3779 890 3824 1,
905 3780 932 3830 p.
949 3779 1012 3826 1‚c.
1030 3763 1056 3815 8.
