2626 4328
88 253 142 320 466

90 364 240 438 imaginari,
251 384 350 439 quanta
360 373 395 424 sit
403 372 514 438 dejectio
525 381 551 422 et
560 387 623 422 con-

91 453 209 508 temptus
227 458 288 508 erga
310 444 460 493 Dominum
486 453 620 502 nostrum,

90 525 207 579 quantus
218 513 303 574 dolor,
316 524 448 580 quantave
462 513 571 564 afflictio
591 513 619 564 in

91 583 169 633 corde
183 593 209 633 et
223 599 333 649 corpore
348 599 398 635 suo
412 599 420 647 ;
443 594 468 634 et
481 584 555 650 quod
576 598 622 633 ra·

91 655 129 707 tio
155 656 289 706 Passionis
311 667 337 707 et
359 656 553 722 compassionis
566 671 621 706 suae

92 738 196 793 peccata
215 737 304 778 nostra
318 728 382 779 sint.
398 730 521 794 Magnam
539 729 622 778 habe-

93 815 154 849 mus
169 799 305 850 materiam
321 799 412 860 flendi,
426 811 452 851 et
463 816 569 851 causam
583 801 624 850 lu·

93 871 182 935 gendi,
214 871 237 920 si
264 871 360 952 irptime
385 871 532 937 cogitemus
550 871 622 936 quod

92 954 187 989 sumus
205 955 311 990 occasio
323 941 394 991 necis
409 940 541 1006 unigeniti
560 940 622 990 Filii

92 1009 151 1068 Dei,
166 1010 204 1059 rei
219 1011 289 1060 laesae
306 1011 450 1075 majestatis
470 1011 535 1074 ejus.
547 1010 623 1060 Con!

91 1079 240 1130 sideramus
251 1092 351 1146 quanta
365 1092 429 1131 tunc
443 1080 623 1132 amaritudine

92 1151 210 1214 repletus
232 1163 288 1201 erat
304 1152 470 1217 Angelorum
489 1151 623 1214 dulced03

92 1232 223 1285 quantum
233 1222 312 1272 etiarn
326 1223 483 1287 aggravabat
495 1238 557 1273 eum
569 1236 624 1270 non

40 1307 41 1311 ¹
93 1301 198 1340 tantum
219 1308 304 1358 poenae
321 1293 406 1344 illatio
426 1305 452 1344 et
467 1304 558 1343 nostra
579 1292 624 1342 in-

93 1362 251 1426 gratitudo,
285 1364 331 1414 sed
361 1364 443 1415 etiam
477 1362 626 1414 assistentis

95 1433 188 1483 Matris
208 1434 326 1498 afflictio,
341 1451 422 1501 quam
436 1434 475 1485 sic
488 1434 626 1500 diligebat,

95 1515 122 1555 et
135 1507 212 1571 quasi
226 1507 338 1558 deficere
361 1524 416 1573 prae
436 1505 626 1571 conpassionis

95 1578 186 1628 dolore
200 1578 314 1629 videbat.
327 1580 384 1629 lam
396 1595 458 1645 ergo
473 1578 628 1643 transfigant

96 1649 184 1698 cordis
204 1649 288 1698 nostri
310 1649 406 1700 intima
422 1651 479 1714 ejus
501 1649 627 1712 convitia,

96 1717 200 1783 flagella
212 1728 237 1769 et
248 1720 376 1783 vulnera3
393 1735 441 1770 nec
456 1720 484 1769 in
501 1719 580 1770 nobis
593 1719 628 1770 sit

98 1792 171 1855 quod
193 1807 247 1840 non
263 1790 436 1856 perfundatur
455 1806 487 1840 ex
505 1806 629 1856 compas-

98 1861 192 1920 sione,
207 1871 232 1910 et
247 1877 301 1910 non
321 1861 454 1926 affligatur
469 1862 561 1911 dolore
575 1861 630 1910 irn-

99 1948 203 1983 menso,
217 1961 247 1972 -
261 1932 368 1993 Tertio,
383 1933 582 1983 consideremus
596 1932 628 1982 ad

98 2001 263 2066 mirandum,
275 2002 348 2068 quis,
358 2018 418 2068 quae
431 2012 456 2052 et
471 2018 519 2068 pro
529 2002 630 2068 quibus

99 2090 193 2141 passus
209 2086 263 2138 est;
283 2087 310 2127 et
328 2087 368 2126 est
384 2077 416 2126 de
437 2093 491 2142 quo
513 2077 630 2126 multum

100 2146 191 2195 mirari
206 2147 345 2197 debemus.
360 2147 450 2207 Quis?
468 2145 516 2196 Dei
529 2146 631 2196 scilicet

98 2217 193 2277 Filius,
216 2219 287 2269 Deus
300 2234 388 2278 verus,
403 2234 509 2269 summe
528 2228 630 2283 potens,

98 2291 204 2356 sapiens
220 2302 246 2342 et
270 2292 366 2342 bonus.
384 2292 435 2342 Sed
457 2293 533 2357 quaei
549 2291 631 2340 Pere-

98 2361 287 2425 grinationem‚
307 2362 408 2428 fugam,
424 2362 532 2421 famem,
544 2361 629 2422 sitim,

99 2429 193 2496 frigus,
213 2434 337 2494 calorem,
362 2442 541 2498 tempestates,
565 2432 631 2481 hor-

98 2515 181 2564 rores,
194 2503 401 2567 persecutiones,
420 2503 630 2562 observationes,

97 2573 214 2633 vincula,
230 2573 342 2639 flagella,
355 2574 495 2625 illusiones
510 2586 536 2625 et
556 2575 631 2624 dolo-

98 2661 150 2697 res.
165 2646 330 2713 conspuitur
343 2648 437 2713 gloria,
448 2648 632 2698 contemnitur

99 2717 209 2780 justitia,
225 2718 309 2768 Judex
324 2718 464 2784 judicatur,
482 2717 631 2767 inoffensus

99 2787 266 2852 inculpatur,
299 2787 430 2838 innocens
462 2786 630 2847 infamatur,

99 2858 172 2908 Deus
187 2858 396 2923 blasphematur,
416 2857 542 2908 Christus
563 2872 631 2906 con-

99 2930 227 2990 culcatur,
242 2930 294 2980 vita
309 2929 447 2991 occiditur,
469 2928 509 2978 sol
530 2927 631 2977 obscu-

99 3011 181 3060 ratur,
198 3002 263 3050 luna
285 3000 450 3065 denigratur,
465 2998 551 3048 sidera
572 2997 631 3047 dis-

100 3082 253 3137 perguntur.
283 3072 333 3122 Sed
368 3087 416 3137 pro
442 3069 543 3136 quibus
575 3069 632 3119 haec

100 3145 214 3211 patitur?
232 3146 283 3195 Pro
304 3143 516 3195 sceleratissimis
537 3142 632 3193 inimi-

99 3215 154 3274 cis,
182 3232 231 3282 pro
258 3215 433 3282 nequissimis
469 3214 630 3280 mancipiis,

100 3302 148 3354 pro
158 3287 386 3353 contemptoribus
395 3287 494 3336 divinae
508 3287 632 3351 majesta-

100 3359 152 3418 tis,
173 3370 199 3410 et
223 3375 277 3425 pro
303 3358 415 3425 ingratis
441 3357 538 3408 divinae
571 3357 631 3423 pie·

101 3432 158 3482 tati.
179 3433 249 3497 Ergo
271 3430 331 3481 talis
355 3439 380 3480 et
402 3439 502 3488 tantus,
517 3427 581 3479 talia
606 3437 632 3478 et

100 3511 180 3563 tanta,
200 3515 248 3567 pro
262 3511 317 3551 tam
326 3499 467 3550 vilissimis
481 3509 507 3549 et
521 3498 632 3564 abjectis

102 3586 195 3636 passus
218 3582 267 3622 est.
292 3570 344 3621 Sed
362 3585 377 3620 a
400 3569 518 3632 quibus?
533 3571 556 3620 Α
569 3584 632 3635 spe-

100 3642 202 3693 cialiter
215 3642 329 3697 dilectis.
345 3641 445 3707 quibus
456 3653 569 3690 'omnem
583 3640 633 3690 be-

65 3751 67 3758 ·
101 3715 257 3781 nignitatetn
273 3714 400 3774 ostendit,
413 3723 439 3764 et
451 3729 466 3764 a
480 3712 631 3771 vilissimis,

100 3800 116 3836 a
133 3785 311 3846 stultissimis,
323 3785 357 3834 ab
371 3783 472 3850 impiis,
487 3782 631 3842 maximus,

100 3845 333 3925 sapientissimus,
356 3872 463 3908 summe
482 3855 560 3922 pius;
579 3865 634 3906 eta

364 255 538 307 SECUNDAE
554 255 677 306 PARTIS
691 255 808 307 CAPUT
825 256 914 307 LVlll.

674 371 749 422 sanie
760 371 929 422 foetidissima
943 373 1068 438 splendor
1079 382 1208 424 aeternus.

674 441 709 491 Et
721 441 749 491 in
763 441 806 492 his
820 443 950 492 omnibus
964 443 990 493 in
1009 443 1106 493 divinae
1119 443 1206 508 pieta-

674 511 708 561 tis
718 511 893 562 admiratione
903 515 1044 563 elevemur.
1052 542 1082 570 -r
1095 510 1208 574 Quarto,

673 582 876 634 consideremus
887 599 946 634 eam
956 586 989 634 ad
1004 584 1205 635 exsultandum.

675 653 814 704 Exsultnre
832 653 860 704 in
875 669 905 704 ea
917 655 1047 706 debemus
1057 656 1089 706 de
1108 654 1211 705 redem-

675 725 767 790 ptione
785 726 911 785 humana,
925 727 1115 777 restauratione
1125 741 1209 792 ange·

675 796 724 846 lica
736 805 761 846 et
775 796 915 846 clementia
929 797 1029 847 divina.
1047 799 1085 847 De
1107 797 1210 848 redem-

675 866 766 931 ptione
786 866 906 917 humana
934 866 994 917 sine
1017 867 1101 917 dubio
1126 866 1211 917 nimis

676 937 789 1002 gaudere
801 937 931 988 debemus
944 976 950 995 ,
964 937 1031 988 facta
1045 953 1091 1003 per
1106 937 1209 988 Christi

677 1008 830 1059 Passionem
845 1020 871 1060 et
885 1020 1008 1059 mortem.
1021 1009 1211 1075 Quis,quaeso,

677 1094 732 1128 non
743 1080 856 1129 exsultet
868 1089 894 1129 et
909 1080 1029 1144 gaudeat,
1043 1095 1105 1129 cum
1119 1087 1213 1130 cernat

676 1165 705 1200 se
714 1165 761 1216 per
776 1150 843 1200 hanc
854 1151 1021 1216 redemptum
1032 1150 1210 1201 adamnatio-

678 1236 711 1271 ne
724 1231 853 1279 aeterna,a
865 1224 951 1286 culpae
966 1221 1124 1287 ignominia,
1134 1237 1149 1270 a
1160 1236 1211 1286 po-

678 1304 770 1344 testate
784 1294 929 1345 diabolica?
945 1295 1115 1344 Exsultemus
1129 1294 1211 1345 etiam

678 1368 750 1433 quod
764 1383 810 1433 per
829 1367 930 1418 Christi
944 1367 1099 1418 Passionem
1113 1378 1213 1418 restau-

679 1448 734 1487 rata
749 1447 789 1487 est
800 1437 918 1503 angelica
931 1437 1017 1487 ruina.
1036 1439 1132 1502 Magna
1146 1453 1211 1503 pre-

679 1507 783 1557 tiositas
794 1507 872 1557 debet
888 1523 947 1558 esse
963 1508 1041 1557 nobis
1061 1524 1122 1557 cum
1135 1508 1212 1558 vide-

683 1597 744 1632 mus
757 1597 803 1647 per
816 1581 918 1634 Christi
927 1593 1040 1632 mortem
1055 1593 1109 1632 tarn
1121 1582 1214 1632 nobile

681 1651 825 1717 collegium
838 1653 953 1717 reparari
966 1653 999 1702 de
1016 1652 1103 1712 nobis,
1118 1662 1148 1703 ut
1155 1652 1214 1719 fiat

681 1739 761 1775 unum
782 1723 854 1774 ovile·
867 1730 893 1773 et
915 1739 982 1775 unus
996 1731 1103 1790 pastor,
1124 1734 1150 1774 et
1171 1723 1213 1774 si·

682 1809 744 1844 mus
756 1810 839 1844 unum
854 1795 963 1845 denno.
975 1795 1108 1860 Praecipue
1122 1804 1212 1844 autem

681 1866 812 1916 exsultare
824 1867 954 1916 debemus
966 1876 1103 1916 cernentes
1111 1866 1139 1916 in
1149 1880 1216 1931 prae·

682 1937 763 1987 dictis
789 1937 916 1988 omnibus
942 1953 1076 1988 summam
1101 1938 1211 1988 Domini

684 2008 956 2059 nostriclementiam.
973 2008 1035 2069 Ubi,
1047 2025 1147 2074 quaeso,
1161 2022 1216 2058 ma·

683 2078 724 2144 gis
751 2090 860 2145 apparet
890 2079 1082 2145 benignissima
1104 2079 1213 2129 Domini

683 2150 833 2213 clementia,
856 2165 938 2216 quam
953 2150 981 2199 in
1001 2149 1128 2200 Passione
1145 2149 1214 2199 sua?

683 2221 735 2271 Ubi
753 2231 807 2270 tam
822 2221 910 2287 turpia
928 2231 954 2272 et
970 2221 1059 2286 gravia
1082 2220 1215 2270 sustinere

683 2291 768 2342 voluit
786 2307 834 2357 pro
847 2291 959 2341 inimico
975 2307 1024 2341 suo
1034 2291 1173 2341 liberando
1188 2300 1216 2341 et

683 2361 875 2429 glorificando,
903 2361 950 2428 qui
975 2362 1129 2430 puniendus
1157 2371 1212 2411 erat

683 2435 799 2501 quadam
825 2444 911 2492 morte
935 2443 1042 2483 aeterna,
1058 2431 1213 2491 -Quinto,

684 2505 884 2555 consideremus
909 2503 1090 2554 beatissimam
1114 2502 1216 2552 Christi

686 2578 848 2638 Passionem,
870 2577 903 2626 ad
918 2577 1040 2626 cordium
1061 2586 1216 2626 nostrorum

683 2648 875 2699 resolutionem
896 2648 924 2696 in
943 2647 1092 2704 Christum,
1107 2647 1159 2696 hoc
1176 2643 1217 2697 est

684 2734 730 2784 per
747 2718 889 2783 perfectam
905 2717 1166 2767 transformationem
1187 2717 1216 2767 in

684 2789 789 2854 ipsum,
814 2787 886 2853 quod
910 2786 939 2836 fit
958 2787 1067 2852 quando
1091 2803 1145 2836 non
1165 2803 1213 2837 so-

684 2859 741 2909 lum
755 2857 884 2916 imitatur,
899 2857 1070 2921 compatitur,
1094 2855 1214 2907 admira-

684 2941 728 2982 tur
737 2941 763 2982 et
771 2930 899 2992 exsultat,
909 2929 1041 2979 sedetiam
1048 2939 1120 2978 totus
1134 2930 1218 2980 horno

684 3001 884 3069 quodammodo
898 3001 1061 3050 convertitur
1074 2999 1101 3049 in
1116 2999 1216 3064 ipsum,

684 3073 784 3123 scilicet
798 3071 947 3121 Dominum
965 3071 1057 3120 lesum
1074 3069 1215 3120 Christum

684 3143 842 3194 crucifixum
855 3159 862 3191 ι
877 3152 907 3191 ut
920 3143 971 3206 jam
987 3140 1064 3207 quasi
1078 3139 1180 3207 ubique
1192 3150 1220 3191 et

684 3229 789 3279 semper
800 3212 851 3262 sibi
865 3210 1007 3262 crucifixus
1017 3216 1152 3270 occurrat,
1161 3211 1220 3261 imo

685 3297 749 3336 tunc
755 3300 816 3335 vere
826 3285 855 3333 in
867 3284 957 3348 ipsum
972 3283 1121 3340 resolvitur,
1131 3297 1219 3349 quan-

684 3357 719 3406 do
731 3371 763 3406 ex
776 3370 804 3405 se
818 3354 910 3405 exiens
922 3354 1013 3416 homo,
1031 3364 1057 3404 et
1068 3352 1222 3419 supraposi-

685 3437 729 3477 tus
751 3426 888 3483 universo,
910 3425 965 3474 imo
992 3434 1064 3487 totus
1086 3439 1175 3489 supra,
1191 3439 1220 3474 se

686 3506 774 3556 totum
785 3497 933 3546 abstractus
947 3496 981 3545 ab
992 3494 1130 3553 omnibus,
1146 3503 1220 3544 totus

686 3577 726 3617 est
750 3580 893 3616 conversus
916 3564 944 3614 in
967 3564 1114 3614 Dominum
1139 3579 1220 3614 suum

686 3646 811 3702 passum,
832 3645 861 3684 ut
883 3650 937 3684 non
962 3634 1050 3684 videat
1071 3632 1221 3699 sentiatque

687 3708 756 3758 intra
771 3707 890 3772 seipsum
904 3706 956 3755 nisi
973 3703 1114 3754 Christum
1125 3703 1217 3753 cruci-

687 3779 771 3831 fixum
800 3779 930 3840 illusum,
955 3775 1167 3842 exprobratum,
1195 3785 1223 3826 et

689 3869 797 3920 passum
816 3868 865 3920 pro
880 3851 968 3902 nobis,
987 3878 1018 3887 —
1033 3851 1133 3907 Sexto,
1154 3863 1222 3898 con-
