2626 4328
118 268 170 334 758

117 382 216 432 festum
249 382 475 442 Patriarcharum,
501 383 649 447 Propheta-

118 470 189 514 rum,
203 465 228 504 et
242 456 355 505 aliarum
376 456 528 504 animarum
544 466 650 504 sancta-

119 541 189 584 rum,
213 526 276 591 quia
303 527 335 575 ad
363 541 507 589 supernam
534 525 648 591 patriam

120 596 200 646 hodie
216 597 343 661 primitus
356 596 533 647 intraverunt.
546 597 573 646 Si
587 611 650 663 ergo

119 665 218 715 testum
246 666 359 716 facimus
382 665 415 715 de
438 667 529 732 aliquo
553 667 650 716 Sancto

118 737 150 785 ad
167 737 248 786 coelos
272 737 413 801 migrante,
441 747 542 803 quanto
564 738 650 804 magis

118 811 151 860 de
172 820 211 860 tot
231 809 362 869 millibus,
385 821 411 861 et
433 822 535 877 quanto
563 812 650 878 magis

118 883 151 931 de
178 883 275 931 Sancto
300 883 473 933 Sanctorum?
498 885 543 934 Est
567 885 648 934 etiam

116 952 215 1002 festum
235 953 358 1003 Dominae
383 966 489 1018 nostrae,
515 971 576 1020 quae
602 955 649 1005 Fi-

117 1025 184 1075 lium
195 1042 276 1075 suurn
291 1027 463 1093 unigenitum
479 1030 506 1079 in
522 1044 551 1079 ea
569 1045 649 1079 carne

117 1111 198 1176 qupm
224 1097 256 1146 de
279 1113 307 1147 se
334 1111 500 1165 assumptam
529 1109 649 1161 noverat,

117 1177 200 1218 totam
218 1169 302 1219 oculis
318 1170 375 1220 suis
395 1171 514 1237 gloriose
529 1171 566 1221 sic
580 1172 649 1221 vidit

117 1247 244 1302 tanquam
269 1239 355 1288 Deum
381 1256 475 1290 verum
498 1257 579 1306 super
600 1257 648 1290 ex-

115 1309 185 1358 celsa
204 1312 391 1372 conscendere,
412 1321 438 1360 et
455 1327 550 1362 omnes
568 1313 648 1362 coelos

116 1380 276 1429 dominandi
302 1381 360 1445 jure
385 1391 540 1446 penetrare3
570 1383 647 1432 acin

114 1451 163 1500 Dei
198 1453 282 1501 Patris
308 1469 464 1503 consessum
480 1457 648 1505 ascendendo

114 1529 273 1595 pertingere.
302 1532 347 1581 Est
361 1532 442 1581 etiam
464 1533 647 1584 nihilominus

114 1602 222 1666 proprie
238 1602 335 1652 festum
361 1615 494 1664 nostrum,
512 1607 576 1671 quia
597 1607 648 1656 hu·

115 1687 193 1720 mana
209 1681 302 1722 natura
320 1672 402 1723 hodie
418 1690 499 1740 super
511 1677 593 1726 coelos
607 1687 647 1726 est

113 1744 235 1802 exaltata,
253 1757 278 1794 et
297 1746 380 1796 homo
403 1748 533 1812 perditus,
554 1751 587 1798 ad
603 1765 647 1799 re-

113 1829 166 1878 gna
181 1816 307 1875 coelestia,
327 1827 352 1866 et
365 1818 397 1866 ad
414 1818 568 1868 societatem
588 1820 646 1868 An-

112 1885 234 1949 gelorum
256 1902 302 1950 pet
321 1887 469 1936 Dominum
490 1891 584 1940 Jesum
607 1902 646 1940 est

112 1969 259 2007 revocatus.
286 1961 345 2024 Ipse
373 1961 444 2010 enim
472 1962 519 2011 Dei
549 1962 644 2023 Filius,

112 2027 158 2090 qui
170 2029 252 2078 exivit
264 2045 278 2078 a
292 2031 375 2090 Patre,
391 2047 446 2081 non
465 2048 510 2098 per
525 2034 575 2083 loci
587 2051 644 2084 mu·

110 2099 248 2159 tationem,
270 2104 315 2152 sed
329 2119 377 2168 per
389 2116 517 2162 aeternam
536 2122 644 2171 genera-

110 2170 223 2232 tionem,
244 2184 270 2222 et
296 2176 464 2242 personalem
488 2177 644 2228 distinctio-

109 2257 191 2306 nem,
232 2244 311 2293 hodie
344 2246 453 2312 reliquit
483 2250 642 2314 mundum,

108 2324 240 2377 quantum
270 2317 302 2364 ad
327 2318 496 2381 praesentiam
517 2334 643 2384 corpora-

107 2386 171 2445 lem,
192 2399 218 2436 et
242 2387 291 2437 ivit
314 2391 346 2438 ad
374 2390 491 2454 Patrem,
520 2390 642 2442 faciendo

107 2465 231 2506 naturam
248 2460 387 2509 mortalem
413 2471 530 2525 paternae
549 2462 641 2527 gloriae

107 2541 269 2592 consortem.
284 2526 381 2596 ‘Igitur
406 2534 482 2584 valde
511 2537 641 2586 solemnis

106 2608 146 2647 est
158 2599 215 2647 dies
231 2599 294 2662 iste3
317 2612 343 2650 et
367 2604 458 2653 anima
472 2620 532 2670 quae
545 2606 641 2656 Domi-

107 2684 173 2717 num
189 2670 280 2718 Jesum
304 2671 372 2720 bene
387 2672 521 2738 diligeret,
543 2676 640 2725 merito

105 2741 186 2790 hodie
207 2744 359 2792 exsultaret.
377 2744 410 2792 Si
427 2744 578 2809 diligeritis
590 2761 638 2810 me,

105 2811 216 2877 inquit,
253 2812 409 2878 gauderitis
441 2814 551 2878 utique,
577 2816 639 2880 quia

105 2883 174 2932 vado
194 2883 231 2932 ad
247 2884 368 2933 Patrem.
383 2884 458 2933 Unde
475 2885 529 2935 Leo
546 2886 614 2951 Papa
631 2905 637 2936 :

104 2954 200 3004 «Dicit
221 2955 330 3020 quidem
347 2956 481 3006 Dominus
501 2956 582 3006 Jesus
602 2958 641 3009 di-

104 3025 218 3089 scipulis
250 3026 306 3076 suis
330 3027 389 3077 :Si
408 3028 563 3095 diligeretis
589 3045 637 3094 me,

99 3097 257 3161 gauderetis
281 3100 369 3164 utique
393 3101 481 3166 ,quia
508 3101 578 3152 vado
602 3104 639 3152 ad

102 3166 224 3218 Patrem.
239 3169 323 3218 Vobis
338 3169 412 3219 enim
429 3171 483 3221 haec
498 3183 638 3238 praestatur

103 3242 250 3290 ascensio:
275 3250 301 3290 et
324 3257 404 3307 super
432 3260 526 3295 omnes
558 3247 638 3297 coelos

102 3310 135 3358 ad
154 3311 239 3361 Patris
253 3313 388 3362 dexteram
413 3316 573 3376 collocanda,
588 3333 637 3368 ve·

102 3390 157 3431 stra
167 3382 195 3431 in
209 3400 251 3433 me
261 3385 402 3435 humilitas
414 3386 541 3438 elevatur.
554 3390 636 3440 Univi

103 3452 174 3502 enim
202 3471 249 3505 vos
281 3457 372 3518 mihi,
400 3467 426 3506 et
458 3457 544 3509 factus
574 3477 635 3512 sum

102 3524 188 3574 Filius
214 3526 344 3589 hominis,
380 3539 411 3579 ut
435 3546 482 3580 vos
508 3531 557 3582 filii
586 3534 633 3584 Dei

101 3610 159 3647 esse
182 3599 303 3662 possitis.
330 3601 401 3661 Quia
422 3601 506 3668 igitur
534 3603 635 3655 Christi

101 3668 223 3718 ascensio
251 3680 341 3719 nostra
366 3672 500 3736 provectio
525 3683 588 3738 est,
610 3685 636 3725 et

101 3753 156 3804 quo
171 3738 300 3803 processit
314 3741 399 3804 gloria
411 3743 515 3808 capitis,
527 3758 558 3793 eo
573 3759 635 3811 spes

101 3820 210 3860 vocatur
225 3818 251 3859 et
269 3810 397 3873 corporis,
409 3811 507 3877 dignis,
520 3813 636 3866 dilectis-

101 3879 182 3945 simi,
208 3881 373 3933 exsultemus
398 3883 513 3948 gaudiis,
538 3895 564 3936 et
589 3887 633 3951 pia

392 268 564 318 SECUNDAE
582 264 705 316 PARTIS
721 265 837 316 CAPUT
854 265 979 316 LXXXll.

702 383 850 447 gratiarum
874 384 979 433 actione
1001 384 1130 434 laetemur.
1153 384 1244 437 Hodie

703 454 776 503 enim
792 470 844 504 non
860 455 946 504 solum
966 454 1080 518 paradisi
1100 471 1244 519 possesso-

703 539 745 574 res
761 524 858 574 firmati
872 540 981 585 sumus;
997 524 1043 572 sed
1061 525 1141 573 etiam
1156 527 1242 576 coelo-

703 610 764 644 rum
777 596 804 645 in
821 595 929 645 Christo
950 610 1065 658 superna
1086 596 1242 659 penetravi-

703 668 910 733 mus,ampliora
919 667 1005 731 adepti
1018 683 1064 731 per
1074 667 1242 718 ineffabilem

703 739 804 788 Christi
819 738 945 803 gratiam,
961 752 1042 802 quam
1064 752 1110 800 per
1137 737 1241 787 diaboli

701 808 877 858 amiseramus
900 807 1040 856 invidiam.
1072 807 1139 855 Nam
1170 823 1240 872 quos

701 879 850 929 virulentus
872 877 998 927 inimicus
1026 876 1106 942 primi
1133 876 1240 928 habita-

701 947 753 997 culi
771 947 895 997 felicitate
912 947 1017 1011 dejecit,
1038 962 1085 996 eos
1100 947 1152 996 sibi
1169 963 1239 998 con-

701 1031 856 1085 corporatos
883 1020 932 1069 Dei
963 1019 1050 1068 Filius
1077 1020 1110 1067 ad
1150 1019 1237 1070 Patris

701 1094 837 1142 dexteram
852 1091 1000 1140 collocavit.

736 1179 767 1230 19
785 1163 843 1213 Con
867 1178 989 1212 vosrnutr
1013 1177 1164 1212 ascannnna
1187 1179 1237 1213 ne-

701 1253 750 1287 anr
771 1254 824 1287 cuir
841 1237 967 1286 Cnnrsro.
990 1236 1194 1287 -Audiamus
1214 1247 1240 1287 et

701 1310 882 1375 Augustinum
911 1307 943 1356 de
971 1306 1021 1356 hac
1043 1306 1188 1358 festivitate
1202 1308 1240 1358 sic

701 1382 857 1446 loquentem
873 1397 880 1429 t
895 1399 907 1425 (ι
923 1378 1018 1438 Hodie,
1030 1379 1100 1428 sicut
1114 1379 1239 1440 audistis,

701 1451 812 1509 fratres,
841 1450 975 1500 Dominus
1003 1450 1079 1498 Jesus
1111 1449 1238 1500 Christus

701 1521 820 1570 ascendit
847 1520 875 1568 in
894 1520 1004 1579 coelum;
1029 1520 1154 1568 ascendat
1175 1535 1238 1570 cum

701 1592 748 1642 illo
774 1603 799 1642 et
823 1607 868 1641 cor
895 1601 1028 1640 nostrum.
1056 1590 1131 1639 Sicut
1163 1591 1238 1641 enim

700 1664 745 1713 ille
776 1663 912 1722 ascendit,
942 1676 989 1710 nec
1016 1661 1126 1710 recessit
1150 1677 1166 1711 a
1186 1679 1238 1712 no-

701 1734 760 1798 bis;
799 1733 837 1783 sic
870 1742 895 1782 et
926 1747 975 1781 nos
1004 1747 1065 1780 cum
1102 1732 1150 1780 illo
1184 1732 1237 1796 jam

699 1802 796 1862 simus,
824 1802 948 1867 quamvis
972 1802 1092 1850 nondum
1121 1801 1151 1850 iu
1178 1816 1235 1852 cor-

699 1889 763 1938 pore
790 1888 881 1923 nostro
908 1874 960 1938 jam
984 1871 1083 1920 factum
1109 1871 1145 1921 sit
1162 1875 1236 1939 quod

699 1946 867 2011 promittitur
900 1945 987 1994 nobis.
1026 1945 1095 1993 Cum
1138 1960 1235 1996 ascen-

698 2016 738 2066 dit
767 2016 795 2065 in
825 2017 932 2075 coelum,
958 2029 1008 2063 nos
1038 2013 1080 2062 ab*
1100 2012 1148 2063 illo
1180 2031 1235 2065 non

698 2111 863 2160 separamur.
886 2096 947 2144 Non
963 2093 1042 2142 nobis
1057 2093 1160 2143 invidet
1178 2111 1232 2146 coe-

697 2179 771 2240 lum;
800 2178 845 2226 sed
868 2175 1072 2241 quodammodo
1099 2176 1198 2226 clamat
1221 2194 1228 2226 ε

698 2263 757 2298 mea
782 2246 903 2296 membra
926 2257 1018 2303 estote,
1046 2245 1068 2294 si
1089 2248 1233 2297 ascerdere

696 2320 778 2370 vultis
793 2320 821 2370 in
842 2320 948 2368 coelum.
966 2318 993 2366 ln
1016 2318 1067 2366 hoc
1087 2333 1151 2382 ergo
1169 2335 1233 2368 om-

697 2407 744 2442 nes
757 2391 865 2441 interim
880 2389 1049 2446 roboremur,
1066 2386 1094 2436 in
1116 2389 1170 2438 hoc
1181 2405 1231 2440 vo-
1304 2388 1306 2392 '

695 2462 731 2511 tis
758 2461 886 2512 omnibus
916 2469 1084 2521 aestuemus,
1110 2458 1139 2508 in
1176 2461 1229 2510 hoc

697 2533 859 2582 meditemur
885 2530 913 2580 in
943 2529 1046 2590 terris;
1077 2529 1152 2594 quod
1179 2530 1231 2580 ali-

694 2607 802 2670 quando
826 2611 1014 2668 computemur
1030 2601 1059 2649 in
1075 2601 1161 2651 coetis.
1177 2603 1231 2663 Qui

694 2686 758 2725 tunc
784 2673 890 2725 exuturi
917 2687 1023 2721 carnem
1047 2672 1231 2731 mortalitatis,

695 2762 768 2795 nunc
794 2759 925 2794 exuamur
956 2742 1054 2791 animae
1087 2752 1230 2794 vetustate.

693 2816 781 2865 Facile
795 2829 892 2878 corpus
914 2813 1043 2862 levabitur
1058 2811 1085 2860 in
1103 2814 1157 2862 alta
1172 2829 1229 2864 coe-

693 2888 804 2944 lorum,
832 2886 854 2934 si
883 2900 937 2933 non
969 2891 1071 2948 premat
1099 2884 1231 2947 spiritum

693 2957 796 3008 sarcina
816 2967 995 3022 peccatorum.
1012 2973 1025 2999 t>
1044 2954 1077 3002 Et
1099 2955 1200 3004 iterum
1219 2971 1227 3004 ε

693 3047 706 3075 vr
722 3029 792 3087 Quia
806 3043 868 3078 vero
883 3024 1024 3092 temporali
1040 3024 1144 3074 Christi
1162 3040 1229 3092 prae·

691 3101 780 3150 sentia
793 3098 895 3149 viduati
919 3112 1014 3147 sumus
1029 3134 1035 3159 ,
1052 3097 1084 3144 ad
1099 3108 1229 3149 aeternam

670 3229 672 3232 y
691 3173 748 3236 ejus
761 3173 896 3222 visionem
911 3180 965 3220 tota
987 3168 1139 3218 intentione
1156 3168 1231 3220 festi·

692 3261 789 3295 nemus
810 3245 888 3310 eique
911 3243 1053 3290 dicamus:
1073 3241 1136 3289 Tibi
1152 3241 1230 3292 dixit

690 3331 736 3367 cor
771 3331 875 3376 meum,
903 3312 1052 3378 exquisivit
1080 3317 1106 3360 te
1132 3312 1230 3377 jacies

689 3403 747 3438 mea
756 3407 767 3453 ,·
789 3388 884 3445 faciem
905 3392 985 3448 tuam,
1004 3385 1124 3445 Domine,
1141 3385 1230 3450 requi·

689 3475 757 3509 ram.
779 3459 847 3508 Tota
862 3472 979 3522 namque
994 3455 1161 3520 dispensatio
1174 3455 1230 3505 hu·
1245 3503 1248 3508 ,

689 3533 825 3582 manitatis
839 3531 942 3580 Christi
965 3530 1034 3579 nihil
1059 3529 1133 3577 aliud
1151 3528 1226 3592 fecit,

689 3603 741 3653 nisi
766 3613 797 3654 ut
822 3602 1002 3652 intentionem
1036 3610 1159 3648 nostram
1191 3599 1227 3650 ad

688 3689 803 3739 superna
829 3673 970 3738 dirigeret;
996 3680 1021 3720 et
1046 3684 1078 3719 ex
1099 3679 1227 3734 tempore

689 3757 785 3796 nostrae
807 3745 978 3795 mortalitatis
996 3744 1028 3793 ad
1052 3742 1226 3793 manifestam

687 3818 821 3868 visionem
841 3819 882 3868 sui
909 3816 1078 3882 perduceret;
1108 3830 1138 3864 ac
1159 3829 1226 3881 per-

688 3890 784 3940 ductos
800 3899 897 3940 aeterna
910 3889 1001 3939 vultus
1016 3885 1058 3936 sui
1072 3884 1160 3951 gloria
1184 3900 1226 3937 sa-
