2626 4328
352 90 363 123 i

216 251 261 340 nn
283 291 504 346 ascensione
516 293 645 346 ιιοιιιιιι
662 295 792 347 nosrnr
808 296 888 349 insu
905 297 1054 349 cuaisrr

76 421 123 471 per
135 406 235 456 nubem
251 409 332 458 coelos
345 419 487 474 penetrans
501 424 609 461 assum-

1140 297 1192 364 753

661 412 781 496 Angeli'
775 428 804 463 ιιι
822 412 1049 465 formativorum
1064 419 1197 465 steterunt

10 490 12 492 ’
75 485 138 541 ptus
155 477 237 526 estin
259 480 358 529 coelum
382 479 539 542 aethereum,
561 495 608 532 seu
654 484 742 552 juxta
771 485 871 536 illos
862 502 888 536 m
915 487 1032 538 vestibus
1058 487 1137 548 albis,
1162 496 1194 537 ut

661 556 803 622 gratulatio
815 567 1012 608 monstraretur
1025 573 1057 608 ex
1072 557 1139 624 ipsis
1153 559 1196 608 in-

661 627 815 690 dumentis,
843 629 891 694 qni
911 635 938 679 et
965 629 1095 679 dixerunt
1122 627 1190 679 eis:

667 697 726 748 Viri
738 696 858 760 Galilaet',
871 692 941 765 quid
954 701 1035 750 statis
1056 700 1102 750 hic
1115 700 1194 764 aspi-

75 563 233 614 empyreum
254 566 310 601 non
326 552 426 602 virtute
449 553 545 615 aliena,
562 555 607 605 sed

75 621 207 687 propria:
224 635 288 674 tunc
302 625 407 675 ratione
421 624 536 688 deitatis,
549 639 609 692 quae

76 692 169 741 omnia
184 703 288 758 potest,
311 705 370 745 turn
390 695 492 746 ratione
507 696 608 746 huma-

75 762 169 815 nitatis
191 767 325 831 gloriosae,
349 779 482 837 quantum
498 770 531 819 ad
546 785 609 819 mo-

74 846 134 886 tum
155 838 266 888 localem
284 855 339 905 per·
356 842 446 890 dotem
469 842 607 907 agilitatis,

74 922 136 974 quoe
156 919 196 960 est
212 911 240 960 in
262 913 308 961 tali
325 928 444 978 corpore.
459 913 537 964 Unde
551 930 607 964 non

73 994 163 1042 curru,
178 997 232 1032 non
254 984 366 1049 Angelis
390 985 545 1036 sublevatus
566 987 607 1036 le-

72 1050 154 1117 gitur,
179 1053 243 1118 quia
259 1055 306 1119 qui
323 1055 420 1106 fecerat
438 1057 540 1117 omnia,
557 1072 607 1107 su-

73 1134 121 1186 per
147 1122 240 1173 omnia
264 1139 312 1174 sua
339 1125 438 1176 virtute
461 1125 605 1177 ferebatur.

661 768 783 819 cientes
773 783 799 818 m
814 769 935 821 coelum?
952 766 1062 821 Galilaea
1075 772 1193 852 Aposto-

660 840 749 889 lorum
764 839 849 905 patria
860 838 921 901 fuit,
936 841 1047 892 undeet
1061 841 1115 892 viri
1132 840 1192 892 Ga-

661 910 728 961 titaei
752 910 889 961 dicuntur.
922 912 961 962 Ac
987 911 1010 962 si
1035 912 1154 962 dicerent
1184 928 1192 961 ι

659 982 742 1032 Statis
769 981 814 1032 hic
837 981 912 1032 etin
936 984 1035 1033 coelum
1062 983 1192 1049 aspicitis,
1216 1005 1218 1011 ·
1287 976 1291 986 ’

660 1051 738 1116 quasi
763 1053 841 1102 obliti
867 1052 933 1119 quid
957 1053 1043 1104 facere
1063 1053 1193 1104 debeatis.

660 1122 755 1173 Redite
779 1123 807 1173 in
826 1123 977 1184 Civitatem,
1000 1133 1026 1174 et
1044 1133 1194 1190 exspectate

74 1192 188 1243 Henoch
202 1208 265 1244 vero
284 1196 317 1245 ab
333 1198 446 1262 Angelis
461 1200 607 1248 translatus
654 1195 860 1258 promissionem
879 1194 986 1258 Patris,
1007 1195 1077 1246 sicut
1089 1195 1192 1245 dictum

73 1272 124 1324 est,
137 1273 163 1314 et
179 1265 251 1314 Elias
266 1281 346 1317 curru
365 1269 510 1319 subvectus
524 1269 605 1320 estin

38 1346 41 1352 '
73 1337 171 1401 coelum
181 1352 298 1400 aereum,
309 1356 364 1391 non
374 1341 473 1393 virtute
488 1343 605 1426 propria,

73 1408 138 1473 quia
152 1409 277 1461 homines
292 1412 352 1476 puri
368 1423 453 1474 erant,
467 1425 494 1465 et
507 1413 606 1466 virtute

72 1478 231 1545 indigebant
254 1483 350 1544 aliena,
376 1494 402 1534 et
424 1484 508 1551 quia
511 1500 605 1536 eorum

73 1565 187 1616 corpora
211 1554 334 1603 nondum
360 1564 425 1605 sunt
449 1554 605 1622 glorificata

72 1617 184 1674 Stabant
207 1635 297 1674 autern
319 1625 402 1676 Mater
423 1636 450 1677 et
468 1626 605 1694 discipuli,

73 1703 99 1744 et
120 1695 285 1761 Magdalena,
312 1708 338 1746 et
357 1697 429 1747 alii'
423 1710 569 1750 intuentes
575 1698 605 1749 in

72 1767 170 1816 coelum
185 1777 295 1818 euntem
311 1767 399 1829 illum,
414 1771 535 1835 quandiu
554 1786 606 1837 ap-

74 1837 183 1902 parebat
204 1838 290 1888 oculis
313 1855 416 1890 eorum.
436 1839 515 1891 Unde
537 1844 605 1892 Am-

72 1907 179 1957 brosius
194 1927 202 1958 .-
218 1927 231 1954 ιι
253 1909 367 1959 Stabant
390 1910 461 1960 beati
480 1912 604 1977 Apostoli

69 1986 127 2028 toto
141 1980 268 2044 suspensi
283 1996 403 2046 corpore,
417 1991 443 2031 et
456 1983 605 2033 ascenden-

72 2060 126 2100 tem
141 2052 174 2100 ad
189 2053 286 2102 coelum
303 2053 463 2115 Dominum,
481 2055 545 2121 quia
559 2054 605 2105 in-

70 2134 148 2171 cessu
171 2138 227 2171 non
251 2133 382 2189 poterant,
404 2126 490 2175 oculis
504 2141 604 2192 seque-

70 2191 178 2241 bantur.
209 2193 241 2242 Et
271 2193 332 2242 licet
358 2195 390 2244 ad
416 2196 602 2246 deducendum

70 2261 234 2311 Salvatorem
248 2263 318 2313 visio
333 2265 454 2316 humana
469 2266 603 2326 defecerit,

70 2329 134 2382 fidei
168 2344 258 2383 tamen
288 2335 395 2385 devotio
423 2352 478 2386 non
504 2336 602 2387 deficit.

71 2403 166 2468 Usque
189 2406 222 2454 ad
245 2406 345 2456 nubem
367 2407 441 2458 enirn
467 2408 604 2459 deducunt

72 2476 212 2527 Christum
240 2481 335 2542 oculis,
361 2497 447 2546 usque
466 2483 499 2532 ad
522 2482 603 2531 coelos

71 2556 163 2596 autem
177 2563 238 2598 curn
253 2551 362 2601 Christo
376 2550 438 2600 fidei
459 2551 603 2601 devotione

70 2618 239 2669 comitantur.
268 2622 344 2672 Unde
374 2621 410 2671 ait
436 2622 601 2686 Apostolus,

69 2688 157 2738 sciens
171 2688 252 2740 fidem
268 2702 387 2742 nostram
410 2692 439 2742 in
457 2693 532 2744 coelis
544 2708 603 2744 esse

69 2776 132 2810 cum
147 2762 267 2812 Domino
283 2781 289 2813 ι
306 2765 412 2815 Nostra
435 2771 522 2816 autem
537 2781 602 2817 cott-

71 2833 191 2883 versatio
206 2834 233 2882 in
248 2835 323 2884 coelis
337 2843 378 2886 est
398 2852 407 2886 .·
433 2855 445 2881 ι
463 2836 522 2887 haec
533 2840 602 2888 Am-

70 2901 184 2953 brosius.
210 2905 233 2954 O
253 2905 319 2970 quid
333 2916 389 2956 erat
401 2905 491 2957 videre
505 2907 602 2958 Domi-

69 2989 136 3024 num
158 2977 197 3027 sic
212 2978 328 3042 gloriose
343 2979 548 3030 ascendentem?
569 2979 602 3030 Et

69 3044 171 3111 siquis
198 3048 329 3112 potuisset
353 3049 446 3098 audire
466 3059 492 3099 et
513 3049 602 3100 videre

68 3115 130 3165 illos
145 3118 316 3169 beatissimos
327 3120 448 3186 spiritus,
458 3130 485 3170 et
498 3121 602 3172 animas

68 3197 172 3237 sanctas
198 3205 259 3239 cum
285 3206 317 3240 eo
348 3190 447 3256 pariter
474 3191 602 3241 inceden-

68 3270 118 3320 tes,
144 3260 212 3310 forte
229 3279 284 3328 prce
299 3263 397 3329 gaudio
417 3264 508 3314 anima
528 3265 602 3314 illius

65 3344 81 3380 a
104 3345 218 3396 corpore
235 3344 354 3399 separata
370 3334 474 3400 fuisset,
497 3346 523 3387 et
540 3352 602 3386 cum

66 3401 107 3451 eis
122 3402 202 3453 etiam
224 3407 324 3469 pariter
338 3407 510 3458 ascendisset.

102 3486 132 3522 12
161 3476 330 3525 Anonnonuu
364 3492 522 3538 arennrrro,
553 3491 602 3534 our

65 3552 202 3594 ιιιιιιτιιιιιτ
224 3546 364 3596 Crrarsruu
388 3562 515 3596 tunicata
543 3562 603 3598 viru·

66 3629 160 3664 runun
174 3632 201 3665 ιιι
214 3632 304 3666 nonna
318 3633 434 3667 ιιιιιιιιιι.
447 3646 476 3654 -
487 3617 604 3684 Cumque

67 3687 121 3750 iam
146 3687 281 3736 Dominus
306 3689 459 3738 subtractus
478 3698 547 3738 esset
570 3689 604 3738 ab

68 3756 156 3806 oculis
181 3769 207 3808 et
224 3769 369 3823 conspectu
388 3773 493 3818 eorum,
515 3759 602 3809 adhuc

69 3838 163 3895 tamen
173 3830 313 3894 suspensis
326 3830 457 3890 vultibus,
474 3830 605 3880 intueren-

72 3905 117 3948 tur
140 3899 167 3948 in
188 3900 290 3962 coelum,
317 3914 376 3950 ecce
397 3909 536 3966 propterea
550 3901 603 3954 dno

658 1274 698 1316 est
717 1266 806 1317 vobis.
824 1266 958 1326 Recedite,
977 1281 1025 1316 nec
1043 1275 1193 1332 exspectate

657 1339 759 1399 Jesum,
774 1347 805 1388 ut
819 1338 901 1388 modo
915 1339 1004 1388 redeat
1015 1354 1022 1402 3
1035 1338 1082 1389 sed
1098 1338 1126 1387 in
1138 1337 1193 1388 fine

657 1418 822 1474 temporum,
846 1408 886 1459 sic
911 1409 997 1459 veniet
1021 1408 1192 1474 quemadmo-

659 1479 721 1530 dum
733 1479 841 1530 vidistis
853 1492 912 1530 eum
926 1485 1028 1530 euntem
1043 1479 1070 1529 in
1087 1479 1191 1542 coelum,
1266 1530 1268 1534 ,

658 1548 686 1599 id
700 1558 740 1599 est
754 1550 823 1600 sicut
840 1549 937 1614 bajulis
952 1550 1071 1600 nubibus
1084 1548 1195 1600 vidistis

658 1627 720 1671 euni
750 1621 779 1671 in
805 1623 903 1673 coelum
928 1622 1128 1682 ascendentem,
1153 1621 1192 1671 sic

658 1693 756 1759 bajulis
782 1693 901 1744 nubibus
923 1693 1054 1744 videbitis
1078 1709 1140 1744 eum
1164 1693 1193 1743 ιιι

657 1783 718 1819 aere
731 1767 763 1817 ad
778 1766 910 1832 judicium
927 1767 1150 1830 descendentem
1167 1773 1204 1816 et.

657 1842 876 1907 quemadmodum
890 1840 999 1891 vidistis
1014 1853 1072 1890 eum
1087 1844 1191 1889 euntem

658 1912 684 1962 ὶιι
705 1911 862 1975 οωιιιιιι,,ιιι
886 1910 974 1960 forma
996 1910 1125 1968 humana,
1149 1908 1192 1958 cui

657 1983 785 2048 competit
796 1981 882 2032 videri
895 1981 982 2031 oculis
997 1979 1193 2046 corporalibus,

656 2064 683 2104 et
706 2053 809 2104 moveri
837 2053 871 2103 de
894 2053 953 2101 loco
977 2051 1010 2101 ad
1032 2051 1131 2113 locum,
1153 2049 1193 2100 sic

657 2125 749 2186 ueniet,
779 2124 807 2173 in
834 2124 926 2173 eadem
955 2121 1044 2172 forma
1063 2132 1088 2171 et
1106 2120 1192 2170 carnis

656 2197 809 2246 substantia
823 2195 856 2245 ad
873 2194 1004 2259 judicium
1019 2211 1026 2243 ι
1043 2193 1107 2259 quia
1121 2192 1193 2242 sicut

657 2265 709 2317 fuit
730 2266 867 2331 judicatus
891 2265 920 2314 in
946 2263 1035 2313 forma
1060 2263 1193 2322 humana,

656 2336 695 2387 sic
708 2336 798 2386 veniet
811 2336 845 2385 ad
857 2335 1032 2400 judicandum
1046 2334 1192 2397 mundum;

655 2417 839 2458 verumtamen
853 2406 987 2470 iudicatus
997 2404 1048 2454 fuit
1062 2401 1192 2454 informa

656 2480 775 2529 humana
803 2475 934 2543 passibili,
957 2475 1079 2526 ascendit
1101 2483 1191 2524 autem

656 2549 684 2598 in
700 2550 807 2608 coelum,
833 2555 859 2597 et
881 2547 971 2597 veniet
993 2547 1026 2597 ad
1047 2544 1191 2611 iudicium,

657 2622 685 2672 in
699 2620 788 2671 forma
805 2621 926 2670 humana
940 2619 1066 2686 gloriosa,
1087 2628 1114 2669 et
1136 2618 1192 2667 im·
1232 2679 1234 2684 .

655 2692 788 2760 passibili.
804 2693 881 2744 Unde
895 2691 1090 2757 Augustinus:
1110 2709 1121 2734 n
1143 2689 1194 2739 Sic

656 2766 750 2829 veniet,
773 2765 994 2832 quemadmodum
1015 2762 1109 2813 vidisti
1133 2776 1191 2811 eum

656 2844 758 2888 euntem
776 2837 802 2887 in
818 2838 922 2899 coelum,
938 2835 965 2885 id
989 2842 1029 2884 est
1052 2833 1081 2882 in
1104 2831 1191 2882 forma

656 2907 796 2958 humana'
790 2923 819 2957 ιιι
835 2923 890 2973 qua
908 2905 1042 2971 judicatus
1056 2912 1106 2962 est,
1120 2902 1192 2966 judi·

656 2978 736 3037 tabit,
761 2988 792 3028 ut
814 2979 895 3028 etiam
917 2977 984 3027 illud
1002 2967 1190 3040 propheticum

655 3048 811 3114 impleatur,
826 3048 958 3098 videbunt
981 3046 1010 3095 in
1032 3059 1115 3111 quern
1137 3060 1191 3110 pu-

658 3130 804 3186 pugerunt.
818 3140 831 3168 ιι
850 3121 884 3170 Ει
896 3121 994 3170 iterum
1009 3135 1016 3167 ε
1030 3136 1043 3164 n
1058 3117 1150 3182 ltaque
1166 3116 1189 3166 si

655 3190 806 3241 rediturum
830 3207 893 3241 eum
915 3190 1061 3249 credimus,
1079 3203 1129 3238 nos
1143 3202 1191 3237 ex-

655 3270 775 3325 spectare
789 3261 928 3320 debemus,
945 3276 978 3310 ne
993 3259 1032 3310 sic
1048 3274 1099 3308 nos
1111 3273 1190 3307 com-

655 3331 803 3398 prehendat
822 3334 953 3384 adventus
968 3331 1050 3391 illius,
1068 3345 1124 3380 non
1140 3345 1191 3380 su·

657 3402 799 3467 spirantes,
815 3403 884 3453 sicut
895 3400 1104 3466 comprehendit
1116 3415 1189 3450 nunc

656 3475 795 3540 castigatio
837 3475 1043 3540 delinquentes;
1090 3473 1192 3523 coertio

656 3560 774 3610 namque
789 3544 965 3610 praesentium
982 3542 1129 3609 imaginem
1145 3543 1191 3593 ha-

656 3615 701 3665 bet
713 3614 741 3664 in
753 3630 782 3664 se
797 3614 963 3665 futurorum.
977 3614 1134 3665 Cavendum
1149 3622 1190 3663 est

656 3702 729 3753 erge,
747 3702 781 3737 ne
795 3686 818 3737 si
832 3686 860 3736 in
875 3685 1000 3752 praesenti
1013 3686 1122 3736 verbere
1134 3700 1190 3734 non

656 3757 826 3824 corrigimur,
845 3756 936 3807 futura
952 3758 1092 3807 severitate
1111 3757 1191 3806 darn-

657 3844 755 3881 nemur
769 3847 776 3880 r
790 3849 803 3878 ιι
819 3832 877 3880 haec
890 3830 1072 3895 Augustinus.

692 3902 723 3956 ιι
740 3903 804 3966 Quo
820 3918 898 3954 nono
921 3903 1064 3952 Anosroin
1079 3906 1218 3944 annates&
