2626 4328
157 251 207 314 842
413 247 519 299 11101111
534 243 691 299 cantuli
706 243 755 296 rr
772 244 1014 297 vunrnonuvl.
1095 222 1100 229 ’

188 366 289 418 Maria.
637 361 688 429 795

174 436 187 487 5
214 436 321 501 Figurae
352 433 559 500 Assumptionis
580 434 610 483 B.

188 509 288 561 Mariae.
636 523 689 575 797

174 581 190 631 6
206 581 332 634 Felicitas
348 583 376 632 B.
391 579 490 631 Mariae.
636 578 688 647 798

764 379 780 427 7
808 362 935 413 Nominis
967 361 1054 428 ipsius
1091 362 1204 413 invoca-

778 434 825 485 tio.
1231 434 1281 504 798

763 506 780 557 8
797 506 850 557 Piae
870 506 1046 572 aspirationes
1059 515 1086 556 et
1098 506 1205 556 oratio-

779 593 828 655 nes
840 578 874 628 ad
885 578 915 628 B.
932 577 1052 628 Mariam.
1232 593 1281 644 799

418 828 537 881 CAPUT
552 828 704 880 LXXXVII.
717 827 799 878 -De
807 825 893 892 finali
899 825 1016 892 judicio.

176 1013 184 1045 1
203 994 306 1046 Finalis
317 995 411 1061 judicii
426 997 611 1047 circumstan-

188 1067 233 1118 tiae
249 1066 278 1117 in
293 1067 423 1133 generali.
636 1067 687 1117 802

173 1151 187 1186 2
210 1137 361 1202 Purgatorii
377 1152 463 1204 poenae
477 1146 504 1188 et
516 1137 612 1188 Eccle-

187 1208 234 1258 siae
250 1208 386 1275 suffragia.
634 1209 686 1260 802

174 1279 187 1330 3
203 1281 364 1332 Antichristi
380 1280 539 1347 persecutio,
561 1281 611 1330 ad-

186 1352 413 1408 ventusllenoch
427 1361 453 1402 et
472 1352 537 1402 Eliae
560 1352 610 1402 Ju-

186 1423 364 1485 daeorumque
380 1423 530 1473 conversio.
633 1421 685 1472 803

171 1508 189 1557 4
203 1493 386 1559 Conflagratio
401 1494 507 1545 mundi.
634 1493 687 1558 804

173 1565 187 1614 5
200 1566 371 1616 Resurrectio
383 1560 553 1617 universalis.
634 1565 685 1616 805

171 1637 186 1687 6
201 1639 340 1690 Adventus
350 1638 453 1690 Christi
466 1639 573 1705 judicis.
630 1637 686 1689 806

761 1012 776 1061 7
790 996 913 1055 Quatuor
925 994 1072 1046 hominum
1089 993 1202 1045 ordines

775 1065 805 1116 in
818 1064 928 1130 judicio.
1227 1063 1275 1130 807

762 1133 779 1185 8
793 1135 934 1186 Judicandi
947 1133 1043 1185 forma.
1227 1134 1275 1186 808

758 1226 775 1277 9
790 1211 879 1270 Quam
893 1208 970 1260 utilis
985 1208 1080 1274 judicii
1104 1223 1201 1260 recor-

774 1282 864 1334 datio!
1226 1282 1274 1333 808

746 1370 777 1405 10
792 1354 866 1420 lgnis
888 1353 1020 1419 judicium
1042 1352 1202 1418 praecedens

772 1425 839 1475 illud
860 1423 1087 1476 concomitabitur
1111 1432 1138 1474 et
1152 1438 1200 1474 se-

772 1506 877 1563 quetur.
1221 1495 1271 1560 809

745 1582 771 1617 11
788 1567 883 1618 Mundi
899 1564 1045 1618 innovatio.
1222 1567 1271 1616 810

272 1889 388 1940 CAPUT
405 1889 610 1939 LXXXVlll.-
626 1888 668 1939 De
678 1901 759 1954 poena
776 1887 907 1956 infernali
918 1893 943 1939 et
952 1887 1044 1953 gloria
1054 1886 1171 1938 coelesti.

172 2073 180 2104 1
198 2055 310 2106 AEterna
320 2055 453 2122 supplicia
465 2056 577 2108 inferni.
630 2060 682 2110 812

168 2127 354 2192 nspeciatim,
379 2127 487 2179 visionis
507 2128 605 2180 divinae

182 2197 308 2248 carentia.
630 2199 684 2266 814

169 2265 182 2316 3
198 2267 291 2318 Gloria
305 2276 331 2318 et
345 2268 476 2334 gaudium
496 2269 606 2335 paradi·

182 2338 214 2388 si.
629 2340 660 2391 81

165 2424 183 2471 4
198 2409 272 2460 Stola
283 2409 381 2460 animae
397 2419 424 2460 et
437 2410 560 2476 corporis
574 2410 602 2461 in
665 2357 683 2406 4

181 2481 307 2544 generali.
628 2481 680 2534 815

167 2551 181 2600 5
195 2553 340 2618 speciatim
354 2553 388 2604 de
403 2552 491 2605 tribus
505 2555 603 2606 animae

179 2623 297 2675 dotibus.
626 2624 679 2677 815

165 2691 181 2741 6
198 2694 273 2755 Item,
288 2694 321 2745 de
341 2705 458 2760 quatuor
480 2695 601 2762 corporis

769 2055 887 2106 dotibus.
1219 2055 1268 2108 816

753 2143 769 2193 7
784 2127 823 2178 De
834 2127 921 2178 tribus
934 2128 1061 2178 aureolis.
1218 2127 1266 2179 816

752 2197 769 2247 8
786 2197 862 2247 Bona
885 2198 1006 2264 corporis
1029 2207 1134 2264 septem
1164 2198 1195 2250 in

767 2267 899 2334 paradiso.
1218 2270 1266 2336 817

751 2357 768 2408 9
785 2342 861 2400 item,
876 2341 946 2391 bona
956 2340 1054 2391 animae
1065 2351 1183 2408 septem.
1217 2341 1265 2393 818

739 2429 770 2464 10
782 2413 924 2464 Contraria
934 2414 1126 2464 damnatorum
1138 2429 1194 2465 ma-

765 2488 798 2537 la.
1215 2486 1265 2552 819

738 2573 765 2608 11
783 2557 900 2609 Diversae
914 2567 980 2608 sunt
994 2556 1150 2608 mansiones
1164 2557 1194 2608 in

766 2627 873 2679 inferno
889 2628 956 2679 etin
970 2629 1045 2679 coelo.
1215 2627 1264 2693 819

304 2916 423 2968 011111
437 2917 579 2968 1111111111.
593 2947 623 2958 -
638 2919 781 2971 concluso
794 2919 858 2970 11111·
869 2879 895 2970 ἐι
908 2901 1029 2986 sagnarro
1043 2919 1111 2986 ejus.

164 3102 173 3135 1
194 3085 332 3136 Peroratio
346 3087 470 3138 auctoris.
623 3087 672 3138 821

161 3157 376 3209 rMeditationis
406 3158 470 3209 vitae
496 3157 598 3210 Christi

174 3228 295 3280 dulcedo.
621 3229 670 3280 821

163 3297 175 3346 3
192 3297 222 3349 ln
239 3302 297 3351 solo
308 3301 372 3352 Jesu
389 3301 490 3354 Christi
505 3317 597 3355 amore

175 3383 225 3433 pax
240 3381 265 3422 et
280 3372 395 3440 requies.
619 3371 670 3424 800

745 3089 883 3154 4Nomen
906 3087 1016 3138 Domini
1039 3087 1104 3138 Jesu
1127 3089 1190 3138 oleo

759 3172 956 3228 comparatum.
1208 3157 1256 3211 823

745 3232 758 3283 5
771 3232 898 3283 Bernardi
909 3230 1045 3298 rhytmica
1056 3230 1143 3283 oratio
1152 3231 1186 3284 ad

756 3303 906 3356 Christum.
1209 3301 1258 3366 824
