2626 4328
132 235 184 287 588

131 366 179 402 nec
201 349 231 399 in
261 350 357 405 mortis
379 349 496 400 articulo
524 350 665 414 desperato

130 423 226 488 debet;
258 439 322 474 cum
349 422 400 472 iste
430 423 497 472 latro
515 421 566 488 qui
593 421 664 471 nihil

131 493 194 544 boni
227 493 331 554 fecerat,
358 497 405 543 sed
433 507 484 542 suo
507 491 664 542 testimonio

131 565 226 614 mortis
246 564 381 630 supplicio
403 563 502 628 dignus
522 572 592 623 erat,
615 578 664 612 ve-

131 637 204 687 niam
237 646 395 686 consecutus
424 635 514 686 fuerit.
549 635 583 685 Et
613 635 664 685 hoc

129 707 333 770 rationabiliter,
357 722 420 756 nam
441 706 499 771 ipse
519 707 611 756 solum
630 706 665 756 de

129 780 208 830 corde
231 789 259 829 et
290 779 385 844 lingua
402 780 493 844 juvare
515 794 545 829 se
566 778 665 844 potuit,

128 865 246 917 quorum
271 860 418 915 utrumque
446 851 504 900 Deo
525 848 665 915 perfectis-

128 923 197 971 sime
209 922 308 972 obtulit
325 939 332 972 z
347 938 393 973 cor
411 922 521 989 quidem
534 922 562 972 in
575 920 665 986 perie-

128 1003 170 1042 cta
183 993 362 1056 contritione3
378 994 499 1058 linguam
514 993 543 1042 in
560 1007 626 1058 pura
639 1002 665 1043 et

127 1079 189 1114 tera
196 1064 375 1124 confessione,
385 1076 412 1115 et
422 1066 482 1115 ideo
489 1081 545 1115 non
553 1064 663 1124 mirum,

128 1135 151 1184 si
167 1135 277 1185 veniam
296 1136 458 1202 impetravit.
474 1137 524 1186 Sed
540 1136 665 1200 exemplo

127 1206 208 1257 istius
228 1209 341 1258 latronis
363 1209 454 1258 nullus
480 1208 557 1258 debet
586 1223 663 1258 sunm

128 1281 311 1345 poenitenriam
329 1281 434 1330 differre
451 1296 538 1346 usque
550 1281 583 1330 ad
594 1297 664 1330 mor·

128 1361 193 1411 tem,
208 1354 273 1418 quia
285 1352 423 1418 privilegia
436 1367 594 1417 paucorum,
607 1369 662 1403 non

128 1423 232 1474 faciunt
244 1426 330 1490 legem
346 1440 532 1487 communem;
548 1436 573 1475 et
585 1425 663 1490 pauci

131 1507 196 1547 sunt
209 1498 257 1562 qui
272 1498 302 1547 in
319 1507 407 1546 morte
428 1512 489 1546 vere
508 1497 663 1562 poeniteant.

130 1568 200 1617 Nam
234 1568 304 1617 sicut
333 1577 539 1616 monstruosum
575 1579 663 1628 esset,

127 1638 201 1702 quod
228 1637 307 1702 lupus
325 1638 438 1687 caudam
459 1637 518 1687 ovis
535 1639 663 1701 haberem

128 1707 165 1756 its
175 1717 381 1757 monstruosum
400 1707 506 1758 videtur
524 1711 597 1775 quod
609 1710 664 1760 vitn

128 1777 198 1827 mala
219 1778 291 1826 bono
317 1777 372 1828 fine
391 1778 537 1829 claudatur.
564 1779 664 1832 Evola-

127 1848 166 1898 vit
195 1848 244 1899 iste
264 1849 341 1909 latro,
363 1861 473 1915 propter
493 1849 554 1902 fidei
579 1854 665 1903 meri-

127 1928 196 1980 tum,
216 1930 244 1970 et
262 1920 349 1971 crucis
371 1923 572 1987 quodammodo
597 1940 664 1975 mnr-

102 1989 247 2055 ·tyrium;
272 2005 302 2040 ac
325 1991 405 2042 nobis
428 1994 613 2044 conversionis
637 2005 663 2046 et

127 2061 291 2124 poenitentioe
301 2061 411 2128 reliquit
422 2065 586 2130 exemplum.
603 2066 664 2117 Un-

127 2130 161 2182 de
192 2133 381 2200 Hieronymus
404 2150 413 2184 .·
438 2153 453 2181 «
476 2135 604 2188 Christus
629 2139 663 2188 de

127 2217 204 2253 cruce
215 2204 348 2253 latronem
370 2204 398 2253 in
419 2206 574 2270 paradisum
593 2209 664 2259 intu-

126 2269 173 2335 lit,
197 2283 223 2323 et
244 2290 278 2324 ne
300 2273 364 2340 quis
389 2275 536 2342 aliquando
556 2294 663 2330 conver·

126 2342 232 2394 sionem
255 2360 341 2395 seram
356 2357 481 2411 putaret,
496 2347 558 2399 fecit
576 2349 664 2400 homi-

126 2412 190 2463 cidii
205 2431 312 2479 poennm
332 2417 504 2483 martyrium.
518 2439 532 2466 n
548 2420 625 2471 Unde
636 2433 663 2472 et

125 2484 285 2535 Ambrosius
305 2504 314 2537 .·
333 2505 347 2534 a
373 2488 591 2541 Pulcherrimum
613 2507 664 2542 au·

126 2561 182 2602 tem
196 2555 274 2604 datur
298 2557 453 2610 affectandis
476 2562 664 2613 conversionis

127 2624 291 2700 exemplum,
316 2628 389 2691 quod
410 2637 464 2677 tarn
484 2630 541 2680 cito
565 2632 661 2682 latroni

126 2706 234 2741 ventam
256 2695 409 2756 relaxatur,
437 2709 466 2747 et
491 2699 600 2750 uberior
622 2713 663 2752 est

126 2762 209 2828 gratia
225 2778 307 2829 quam
327 2768 452 2831 precatio.
465 2769 661 2834 Semperenim

126 2833 188 2898 plus
209 2835 345 2886 Dominus
366 2837 471 2901 tribuit,
485 2854 567 2904 quam
580 2856 661 2906 roga-

126 2913 180 2955 tur.
195 2906 243 2956 llle
252 2905 326 2957 enim
337 2910 450 2975 rogabat
461 2921 490 2960 ut
502 2926 609 2961 memor
619 2913 660 2964 sui

126 2988 196 3029 esset
216 2979 350 3032 Dominus
367 2997 430 3032 cum
441 2983 562 3035 venisset
578 2985 608 3035 in
623 3002 663 3036 re·

126 3063 211 3112 gnum
226 3050 308 3102 suum
321 3069 328 3102 :
341 3053 476 3104 Dominus
495 3057 634 3107 antemnit
652 3074 660 3107 ι

125 3120 209 3172 Amen
223 3123 283 3175 dico
296 3124 355 3186 dibi,
370 3126 456 3188 hodie,
475 3137 526 3177 etc.
544 3127 606 3178 vin
621 3140 662 3178 est

126 3191 199 3241 enim
219 3210 277 3245 esse
302 3212 365 3246 cum
389 3199 508 3259 Christo,
529 3199 592 3264 quin
613 3200 661 3250 ubi

127 3263 261 3329 Christus,
284 3270 321 3320 ibi
347 3287 471 3338 regnum.
492 3274 553 3325 Cito
576 3275 661 3340 igitur

127 3333 242 3399 ignoscit
266 3340 416 3407 Dominus,
444 3344 509 3409 quio
540 3344 586 3395 ille
609 3347 662 3396 cito

126 3409 300 3460 convertitur.
324 3431 338 3458 n
363 3413 440 3463 Unde
460 3414 542 3465 etiam
562 3417 662 3481 Augo-

127 3475 214 3527 stinus
239 3497 247 3528 .·
267 3481 399 3532 «Dixisti
424 3483 522 3533 latroni
543 3484 661 3535 :Hodie

127 3563 227 3600 mecum
250 3553 306 3602 cris
327 3553 354 3604 in
369 3557 519 3621 paradiso,
540 3567 571 3607 ut
592 3558 661 3608 desit

127 3619 202 3670 locus
214 3622 412 3688 desperationis
427 3628 498 3694 :qui
518 3629 604 3694 parcis
619 3631 660 3679 ln·

127 3691 209 3751 noni,
231 3702 261 3742 ut
283 3697 409 3746 ostendas
426 3696 547 3748 fructum
568 3699 660 3765 poeni-

416 233 591 285 sucum
603 232 729 283 Pluris
744 232 861 283 CAPUT
874 232 968 283 Llutt

718 347 804 397 salvas
826 347 960 399 latronem
982 346 1102 413 seipsum
1121 358 1254 395 mouson-
1293 356 1296 361 ·

717 429 782 478 tem,
797 419 916 486 teipsum
941 427 1121 477 excusantem.
1145 416 1255 467 miseri-

717 491 838 543 oordinm
860 492 1041 550 invocantem,
1070 499 1097 540 et
1123 488 1254 555 blasphe-

718 573 837 612 mantem
872 564 977 613 socium
1009 562 1209 626 increpantem.
1237 578 1252 607 n

717 633 796 683 Unde
814 645 840 684 et
862 634 1074 702 Chrysnstomus
1095 649 1103 682 r
1125 648 1139 677 a
1162 630 1189 681 0
1211 644 1254 681 res

717 704 852 755 mitonds!
863 706 925 755 Non
937 704 1054 755 Abrahae
1066 704 1130 752 data
1141 712 1184 752 est
1195 716 1253 767 pro

718 775 812 826 missio
832 777 958 842 peradisi,
973 792 1028 826 non
1047 774 1183 834 Patribus,
1198 788 1253 825 nott

719 847 870 912 Prophetis,
891 849 938 898 sed
957 847 1047 913 primo
1066 845 1166 896 latroni
1182 844 1253 895 dici·

717 926 761 967 tur
782 934 790 967 ε
809 919 902 970 Hodie
926 933 1040 981 mecum,
1062 928 1111 968 etc.
1130 914 1253 967 Credidit

716 991 852 1042 Abraham
865 993 930 1052 Deo,
947 1008 1003 1042 non
1023 991 1074 1041 sub
1088 990 1135 1040 toli
1153 988 1253 1040 condi-

716 1063 791 1115 tione
805 1065 903 1131 posito,
921 1066 969 1115 sed
981 1065 1015 1115 de
1025 1063 1094 1115 coelo
1108 1061 1250 1128 loqueum

716 1136 830 1186 credidit
854 1137 943 1195 isaias,
971 1137 1018 1186 scd
1042 1133 1147 1186 sedenti
1168 1147 1253 1199 super

716 1207 816 1258 solium
828 1208 966 1258 excelsum
985 1217 1012 1257 et
1024 1209 1175 1268 elevatum
1190 1218 1251 1254 cre-

715 1279 785 1328 didit
802 1279 940 1339 Ezechiel,
959 1280 1005 1330 sed
1024 1280 1049 1330 ei
1069 1293 1149 1345 snper
1168 1291 1252 1343 quem

716 1348 867 1401 Cherubim
889 1353 1088 1417 contemplatus
1111 1358 1169 1414 est;
1188 1362 1252 1398 cre-

715 1420 785 1470 didit
805 1423 921 1487 Moyses,
942 1422 989 1472 sed
1013 1421 1157 1472 demedio
1178 1419 1254 1486 ignis

715 1492 847 1558 loquenti.
868 1495 919 1544 Sed
933 1493 985 1544 iste
1000 1493 1073 1543 videt
1085 1492 1251 1543 salvotorem
1284 1550 1287 1555 ¹

716 1563 817 1612 nonin
834 1564 916 1629 regali
933 1565 1045 1623 throno,
1060 1563 1108 1613 sed
1126 1563 1156 1614 in
1170 1576 1253 1629 poeoa

715 1631 845 1681 sociatum
860 1633 1028 1696 latronibus;
1044 1633 1118 1683 videt
1131 1631 1161 1681 in
1174 1644 1254 1682 mune

716 1704 888 1769 pendentem,
906 1715 931 1755 et
953 1716 1010 1756 orat
1026 1705 1104 1772 quasi
1127 1704 1156 1754 in
1175 1704 1254 1755 ecelis

715 1775 870 1839 sedentem3
894 1777 966 1827 videt
988 1776 1201 1826 condemnamur
1225 1783 1254 1825 et

716 1848 822 1899 invocat
835 1850 946 1915 Regem.
961 1850 987 1900 Ο
1001 1848 1161 1899 admiranda
1174 1849 1255 1899 istro·

717 1921 761 1971 nis
783 1922 944 1973 conversio!
970 1921 1056 1972 ludaei
1081 1919 1253 1987 criniosum,

716 1991 764 2057 qui
782 2003 915 2042 noverunt
929 1993 1028 2058 Legem
1043 2001 1070 2042 et
1086 1991 1252 2057 Prophetas;

715 2071 742 2112 et
754 2074 785 2112 tu
806 2062 875 2111 latro
896 2064 969 2112 unde
987 2063 1050 2113 talin
1069 2061 1251 2128 philosopha·

715 2131 768 2182 ris?
782 2151 796 2178 »
811 2131 868 2182 hrec
886 2133 1109 2200 chrysostomus.
1125 2133 1183 2182 sed
1196 2133 1251 2183 de·

716 2218 794 2253 mens
807 2204 903 2254 oculus
922 2214 995 2265 tuus,
1010 2221 1026 2255 o
1044 2203 1251 2267 DomineJesu,

715 2273 832 2339 respexit
842 2290 924 2340 super
935 2291 998 2325 eum
1011 2284 1037 2326 et
1046 2274 1147 2325 vocasti
1156 2274 1250 2340 ipsunt

715 2345 821 2396 interna
840 2347 980 2398 vocatione
997 2348 1031 2397 sd
1053 2345 1251 2412 poenitentiam,

716 2415 785 2475 Qun
807 2432 863 2466 non
886 2417 967 2467 debet
990 2417 1019 2466 in
1044 2428 1070 2467 te
1087 2431 1209 2481 spemn,
1226 2425 1252 2466 te

716 2488 833 2548 laudare,
857 2498 883 2537 et
907 2488 1074 2551 benedicere,
1101 2499 1128 2537 et
1148 2502 1251 2546 amare,

716 2575 779 2609 curn
805 2558 845 2608 ita
871 2559 903 2608 de
935 2559 1007 2608 facili
1039 2558 1186 2624 pepercisti
1210 2558 1252 2615 ei,

715 2630 833 2694 quitum
855 2631 925 2680 male
943 2640 1151 2695 consumpserat
1167 2629 1251 2695 vitam

717 2715 794 2751 suam
806 2700 815 2748 i
828 2701 943 2766 Respira
956 2716 1019 2766 ergo
1034 2715 1108 2749 nunc
1129 2698 1161 2749 in
1171 2715 1251 2766 spem

715 2770 809 2829 veniae,
821 2786 992 2836 quaecunque
1006 2771 1139 2836 peccatrix
1152 2774 1251 2831 anima,

715 2841 739 2890 si
760 2851 849 2890 tamen
874 2842 1001 2906 patientis
1025 2858 1073 2907 pro
1099 2853 1126 2893 te
1151 2843 1249 2893 Domi-

715 2913 741 2964 ni
759 2914 799 2964 tui
825 2930 882 2963 non
907 2916 1001 2966 horres
1024 2914 1102 2981 sequi
1128 2917 1249 2982 vestigia.

715 2984 768 3034 Sed
782 3000 816 3035 ne
834 2986 1015 3050 procrastines
1036 3000 1124 3051 usque
1140 2987 1179 3037 nd
1195 2989 1249 3037 ho-

715 3072 773 3106 ram
790 3056 895 3119 mortis,
906 3059 1030 3124 exemplo
1043 3058 1124 3122 hujus
1138 3058 1251 3108 latronis

715 3128 854 3193 poenitere,
870 3139 894 3178 et
913 3129 1033 3178 invenire
1047 3130 1137 3178 locum
1152 3129 1249 3179 Domi·

715 3215 760 3249 no.
780 3199 839 3249 Etsi
861 3200 933 3249 enim
951 3200 1087 3265 optimum
1105 3198 1146 3248 sit
1161 3211 1187 3249 et
1207 3214 1249 3249 sa·

714 3273 792 3322 lubre
824 3273 969 3322 consilium
1007 3274 1039 3323 de
1063 3272 1252 3323 misericordia

714 3322 762 3391 Dei
785 3356 905 3405 quaerere
928 3342 1081 3408 refugium
1105 3352 1195 3392 totum
1209 3352 1250 3391 ta-

714 3428 777 3463 men
792 3413 936 3463 hominem
956 3430 988 3464 ex
1004 3430 1034 3464 ea
1050 3415 1168 3480 pendere
1179 3415 1250 3465 stol-

714 3483 851 3533 tissimum
866 3495 906 3535 est
922 3485 1061 3544 solatium,
1077 3485 1144 3551 quia
1165 3486 1250 3535 mise-

713 3554 828 3605 ricordia
851 3566 877 3605 et
900 3556 1000 3606 veritas
1029 3555 1058 3605 in
1084 3572 1117 3607 co
1142 3556 1252 3608 obviant

713 3625 776 3674 sibi„
795 3625 818 3675 0
840 3626 927 3677 Pater
950 3627 1164 3690 clementissime,
1176 3642 1251 3693 rogo

713 3702 739 3746 te
752 3710 806 3762 ego
821 3697 902 3746 unser
914 3696 1016 3762 digitus
1034 3697 1169 3764 infernali
1178 3712 1248 3763 sap·

126 3761 225 3822 tentiae,
254 3762 356 3814 fontem
385 3767 586 3832 misericordiae,
615 3784 660 3819 ce·
709 3768 802 3833 plicis,
823 3775 852 3818 ut
870 3770 909 3820 sis
926 3783 1025 3819 mernor
1045 3771 1097 3820 mei
1112 3770 1141 3820 iu
1161 3784 1250 3836 reguo

127 3831 258 3885 lerimtem
294 3834 478 3902 indulgentiae.
508 3838 550 3889 Tu
583 3839 659 3889 enirn
714 3847 776 3903 tao;
790 3854 842 3906 ego
856 3842 934 3904 etaim,
955 3841 1076 3904 Domim,
1096 3842 1248 3894 introsum
