2626 4328
468 213 770 265 nruuuauonun.
1109 214 1159 280 841

77 342 131 380 tem
145 339 305 394 spectantes.
526 327 578 395 762
664 345 722 381 esse
737 331 875 382 Messiam.
1111 331 1162 398 765

63 404 198 468 5Scptem
216 401 321 452 articuli
345 402 376 451 ad
401 401 501 450 huma·
648 404 787 470 9Marcus
812 405 908 469 probat
933 405 1003 461 Eum
1028 418 1086 455 esse

78 476 189 524 nitatem
229 473 330 523 Christi
374 481 499 538 spectan-
664 489 756 538 regern
771 475 905 524 omnium.
1112 473 1163 540 766

74 560 125 597 tes.
524 543 575 611 763
634 559 665 594 ro
690 544 777 594 Lucas
806 546 902 611 probat
933 546 1008 596 Eum,
1027 560 1085 595 esse

62 617 78 665 6
93 616 277 667 Articulorum
293 615 456 665 conditores.
522 613 592 681 764*
661 614 828 666 Salvatorem
843 617 999 666 hominum.
1110 615 1162 682 767

60 707 74 754 7
106 691 227 748 Quatuor
270 688 498 753 Evangelistarum
633 702 660 736 11
678 688 796 738 Joannes
822 705 885 739 vero
910 690 1005 754 probat
1025 704 1083 738 esse

73 759 238 818 differentia,
253 758 417 808 intentiones
428 767 454 808 et
470 756 498 807 fi·
660 757 763 808 Filium
775 759 834 809 Dei.
1107 759 1159 826 769

75 846 158 896 gurae.
522 826 575 894 764
632 828 819 894 12Evangelia
829 842 1020 896 comparantur
1031 845 1084 880 sca·

57 900 232 950 8llatthaeus
245 901 340 966 probat
354 899 495 950 Christum
659 899 797 952 laeiacob.
1108 917 1160 967 770
1200 963 1212 986 d

320 1068 437 1119 CAPUT
454 1067 593 1117 LXXXIV.
611 1095 640 1104 —
655 1068 696 1118 De
710 1069 875 1120 Pentecoste.

61 1249 69 1282 1
91 1233 238 1282 Promissio
263 1233 383 1298 Spiritus
406 1233 495 1283 Sancti
559 1256 563 1270 ·
660 1251 768 1302 cunque
782 1236 838 1286 sint
853 1245 947 1287 status.
1108 1236 1158 1301 775

74 1305 197 1353 mittendi
210 1305 442 1371 adimpleturipso
454 1305 498 1355 die
645 1323 661 1374 9
685 1308 816 1358 Homines
860 1309 981 1358 carnales
1027 1324 1083 1359 non
1220 1305 1222 1311 '

77 1377 253 1425 Pentecostes.
521 1391 574 1442 770
660 1389 724 1430 sunt
748 1379 867 1445 Spiritus
892 1380 981 1458 Sapcti
1002 1394 1084 1445 capa-

60 1462 75 1494 2
104 1447 159 1495 Cur
184 1447 235 1496 sub
273 1446 361 1511 specie
395 1449 496 1514 linguae
660 1466 712 1502 ces.
1109 1450 1160 1517 775

76 1517 168 1581 ignitae
209 1518 347 1567 descendit
380 1520 497 1584 Spiritus
634 1538 664 1573 ιο
679 1523 834 1590 Spiritualis
857 1522 980 1573 hominis
1008 1523 1085 1588 signa

77 1594 190 1638 Sanctus
202 1589 211 1639 i
523 1608 570 1659 771
662 1607 688 1647 et
696 1595 877 1647 conditiones.
1108 1596 1163 1663 776

59 1659 72 1708 3
88 1661 205 1725 Spiritus
218 1663 331 1711 Sanctus
344 1661 386 1712 bis
399 1663 498 1713 missus
635 1684 662 1718 11
681 1667 798 1734 Spiritus
811 1668 900 1717 Sancti
912 1668 1038 1718 efficacia.
1110 1685 1162 1734 777

74 1745 208 1797 estsuper
225 1733 367 1783 Christum
381 1744 407 1784 et
418 1750 499 1800 super
636 1753 666 1787 12
682 1737 777 1787 Missio
791 1737 909 1803 Spiritus
924 1737 1014 1787 Sancti
1037 1753 1086 1788 cur

75 1807 230 1869 Apostolos.
523 1823 574 1874 772
662 1808 744 1858 dilata
758 1818 785 1859 et
800 1807 1027 1875 quinquagesimo
1041 1809 1086 1858 die

62 1892 81 1939 4
111 1877 216 1941 Duplex
248 1877 365 1942 Spiritus
410 1878 499 1928 Sancti
661 1878 747 1930 facta?
1110 1879 1162 1945 778

77 1948 169 1997 missio
196 1965 203 1997 ε
229 1949 344 1999 visibilis
368 1949 500 2000 etinvisi-
635 1949 664 1999 13
680 1950 787 2015 Figurae
811 1951 952 2001 missionis
974 1961 1000 2001 et
1024 1950 1085 2002 effi·

77 2017 151 2067 bilis.
522 2018 572 2085 773
662 2021 739 2071 caciae
751 2021 870 2087 Spiritus
882 2022 983 2072 Sancti.
1110 2036 1162 2086 779

62 2091 76 2139 5
93 2091 175 2156 Signa
188 2091 239 2141 tria
251 2092 403 2156 praesentiae
416 2092 499 2156 Spiri-
636 2108 666 2157 14
681 2093 753 2144 Deus
769 2108 877 2159 semper
902 2105 942 2143 est
969 2094 1084 2143 laudan-

76 2175 120 2212 tus
140 2164 230 2213 Sancti
249 2166 337 2229 quoad
362 2165 498 2230 incipien-
662 2164 723 2214 dus.
1109 2177 1162 2228 779

75 2246 124 2284 tes.
523 2252 576 2304 774
636 2231 801 2284 15Amanda
813 2242 877 2283 sunt
891 2232 1019 2284 coelestia.
1111 2229 1164 2296 780

58 2304 167 2366 ditem,
182 2309 271 2372 quoad
288 2306 466 2372 proficientes
522 2323 575 2373 774
636 2303 830 2354 16Toleranda
856 2315 920 2354 sunt
944 2303 1086 2354 omniaob

62 2393 77 2440 7
92 2378 168 2436 Item,
185 2378 274 2443 quoad
293 2377 433 2443 perfectos.
522 2375 574 2442 775
662 2377 776 2443 gloriam
792 2377 936 2427 coelestem.
1111 2372 1160 2440 781

60 2450 167 2512 8Item‚
182 2453 271 2516 quoad
285 2466 380 2500 omnes
405 2449 498 2514 cujus-

309 2617 426 2667 CAPUT
442 2616 569 2668 LXXXV.
583 2645 613 2654 —
627 2616 669 2667 Dc
682 2616 762 2667 laude
776 2615 877 2666 diviua.

66 2802 73 2833 1
108 2785 207 2834 Laudis
235 2784 333 2834 divinae
361 2784 393 2833 ad
417 2799 499 2849 quam
651 2782 814 2848 4Memoria
842 2781 1034 2833 beneficiorum
1057 2781 1089 2830 ad

76 2857 155 2906 creati
193 2873 290 2906 sumus
320 2858 500 2906 commenda·
666 2857 773 2907 laudern
788 2855 836 2905 Dei
858 2855 977 2904 multum
991 2855 1071 2918 ¹'uvat
1116 2849 1167 2916 786
1209 2883 1215 2892 -

80 2929 127 2977 tio.
527 2925 578 2992 783
653 2927 666 2978 5
684 2928 720 2978 Ut
732 2927 804 2976 Deus
815 2935 841 2975 et
856 2926 887 2974 D.
899 2926 931 2974 N.
944 2925 968 2973 J.
983 2924 1016 2972 C.
1035 2938 1090 2973 me·

63 3016 78 3046 2
109 2998 259 3047 llumiliare
290 2998 369 3047 debet
398 3007 500 3047 semet·
667 2999 720 3048 lius
757 2997 898 3058 laudetur,
929 3004 1045 3043 mentem
1074 3007 1090 3042 a

78 3072 178 3135 ipsum,
193 3071 241 3135 qui
262 3070 320 3119 vult
336 3070 422 3119 Deum
439 3070 500 3118 lau·
665 3068 780 3120 terrenis
804 3065 959 3118 abstrahere
983 3074 1009 3114 et
1038 3079 1089 3114 nos

79 3143 152 3189 darc.
210 3150 213 3155 ·
527 3137 578 3205 785
667 3139 748 3189 curiae
764 3136 864 3188 coelesti
880 3134 1034 3185 immiscere
1046 3134 1089 3184 de·
1146 3165 1147 3168 =

65 3212 78 3261 3
94 3215 195 3262 Auctor
208 3222 316 3277 exoptat
325 3228 420 3262 omncs
431 3226 502 3262 crea·
667 3209 773 3259 bemus.
1114 3201 1166 3268 787

80 3295 154 3333 turns
169 3299 260 3334 secum
273 3285 382 3334 laudare
395 3284 493 3333 Deum.
527 3281 577 3347 785
1061 3302 1064 3311 ·

195 3452 312 3502 CAPUT
329 3448 468 3503 LXXXVI.
481 3481 513 3490 —
527 3451 569 3502 De
582 3449 779 3516 Assurnptione,
796 3454 822 3498 et
838 3446 917 3496 laude
929 3445 1012 3494 beatae

455 3590 458 3598 ,
544 3539 676 3605 Virginis

72 3701 79 3732 1
108 3685 169 3734 Vita
197 3685 228 3733 B.
259 3683 350 3734 Mariae
385 3680 506 3748 Virginis
669 3679 928 3740 coelumassumpta.
1117 3686 1165 3738 791

85 3766 145 3819 post
173 3754 274 3804 Christi
303 3752 505 3812 Ascensioncm,
655 3749 669 3799 3
684 3748 776 3800 Gloria
787 3743 988 3811 Assumptionis
999 3746 1028 3795 B.
1040 3745 1092 3794 Ma·

85 3839 110 3877 et
125 3828 200 3877 locus
211 3827 388 3892 dormitionis
400 3824 495 3890 ipsius.
531 3839 583 3890 790
669 3819 724 3869 riae.
1117 3809 1166 3879 793

70 3914 85 3947 2
102 3898 148 3948 Pie
162 3898 279 3949 creditur
292 3897 464 3963 corporaliter
475 3894 507 3945 ad
654 3907 673 3956 4
688 3890 838 3944 Exsultatio
853 3899 930 3942 terrae
945 3898 971 3941 et
988 3889 1046 3939 laus
1059 3886 1088 3936 Β.
