2626 4328
208 251 387 314 QUOMODO
401 251 569 306 'DOMINUS
589 249 767 304 uersuum
783 253 910 307 TRIBUS
927 255 1054 306 MARIIS.

84 373 107 422 ci
122 372 246 431 sem’avit,
266 381 292 420 et
310 370 391 421 etiam
401 380 469 436 post
479 379 613 428 'mortetm
636 396 637 400 =

84 456 188 493 necnon
197 454 223 492 et
233 452 293 508 post
303 442 507 492 'A'scensionem
516 442 614 490 Nonne
636 456 637 461 ¹

83 517 111 565 in
121 515 173 566 fine
182 516 262 580 pedes
270 512 411 579 discipulis
422 513 503 563 lavit?
514 513 615 562 'Nonne

81 587 242 637 humiliatus
252 596 294 636 est
305 586 375 635 ultra
388 580 534 651 quamdici
543 595 615 650 'pos-

79 657 129 717 slt,
149 657 239 706 crucis
261 657 410 722 patibulum
437 654 615 707 sustinendo?

78 729 179 779 Nonne
195 726 499 794 post‘Resurrrctionem
513 725 617 778 vocarit

78 797 228 864 discipulos
260 799 398 856 fratres?
430 801 526 850 Nonne
554 810 615 865 post

78 870 398 921 ‘A'scensionem'locutus
414 881 453 921 est
465 872 615 921 Paulohu-

78 944 183 994 ¹militer
198 947 275 1010 quasi
288 946 322 995 ad
343 958 495 1011 comparem
511 959 614 996 suum‘:
635 979 638 982 »

74 1016 174 1080 Saule,
182 1015 279 1079 Saule,
292 1018 357 1082 ‘quid
368 1029 407 1067 m'e
415 1015 616 1084 persequeris?

79 1087 136 1137 Nec
153 1088 304 1138 nominavit
318 1105 345 1139 se
355 1088 450 1149 Deum,
463 1091 510 1139 sed
521 1086 615 1139 ‘Jesurn

74 1155 266 1221 'Nazarenum
294 1173 384 1208 nonne
407 1159 488 1209 etiam
506 1160 534 1208 in
554 1157 616 1208 se'de

80 1228 227 1292 maiestatis
247 1230 405 1290 consistens,
432 1231 553 1280 dicturus
575 1239 616 1279 est

81 1298 109 1347 in
125 1299 168 1349 die
183 1298 274 1365 judicii
293 1300 441 1360 :Quantiiu
448 1299 616 1366 seristlsun'i

80 1373 114 1423 de
126 1373 169 1422 his
178 1373 319 1438 frutribus
330 1375 397 1424 meis
408 1374 536 1436 minimis,
551 1373 615 1423 miti

79 1443 212 1500 fecistis?
223 1445 286 1494 ‘Non
300 1455 389 1494 autem
401 1445 460 1496 sine
474 1444 615 1496 causa‘vir-

72 1522 166 1564 'tutem
181 1516 250 1565 hanc
259 1526 372 1566 'tantum
386 1517 495 1577 amavit,
517 1528 543 1567 et
555 1529 614 1566 “suo

76 1587 161 1637 nobis
181 1591 303 1653 exemplo
326 1588 614 1652 commendarlt3‘sine

80 1659 133 1708 hoc
153 1659 228 1708 enim
256 1657 433 1710 fundamento
455 1659 558 1710 frustra
579 1657 614 1709 ‘fit

73 1726 192 1778 aliarum
224 1729 357 1779 virtutum
385 1729 542 1793 aedillcium,
563 1730 614 1780 uel

75 1802 253 1851 constructio.
276 1801 353 1852 Unde
368 1816 424 1852 nec
438 1802 614 1862 d'e‘castitate,
636 1795 639 1801 ’

81 1887 130 1921 nec
152 1873 185 1922 de
209 1884 370 1939 paupertate,
396 1890 445 1924 nec
468 1875 501 1924 de
521 1872 615 1940 aliqua

79 1941 178 1992 virtute
192 1945 233 1994 vel
248 1960 329 2009 opere
345 1946 472 2006 confidas,
486 1947 544 1995 sine
560 1945 614 1995 hu-

81 2013 204 2064 militate.

113 2083 128 2132 3
147 2085 208 2144 Quo
227 2102 307 2136 seusu
328 2103 459 2138 Munianus
477 2103 510 2137 er
523 2103 614 2137 turiu-

81 2171 124 2205 urs
138 2157 304 2206 Masuriana
314 2174 498 2208 uvnuomrsrre
509 2175 542 2208 rr
556 2172 617 2207 aro·
634 2147 644 2194 ’ἲ

80 2243 172 2278 srona
184 2245 319 2281 rurnunr.
336 2261 366 2268 -
387 2233 465 2282 Venit
477 2248 540 2297 ergo
554 2231 615 2280 Ma-

80 2299 126 2348 ria
142 2299 331 2364 Magdalena,
343 2303 614 2365 cum-aliisdnauus,

75 2369 113 2418 ad
132 2371 352 2423 *denuntiandum
376 2375 468 2424 bonos
486 2388 615 2424 ,rumores

80 2437 339 2508 Christi-discipulis
352 2444 519 2495 tristibus-de
529 2455 615 2494 morte
634 2504 638 2512 ι

74 2512 203 2571 Domini,
219 2512 275 2561 hacc
288 2514 345 2562 dies
367 2514 431 2564 boni
450 2514 537 2564 nuntii
553 2514 613 2577 fuit,
635 2550 638 2579 ς

72 2583 216 2645 'minuaris
233 2583 272 2632 eis
287 2584 380 2644 :Ouia
394 2585 450 2635 vidi
461 2585 613 2649 Domiimia,

72 2661 107 2704 -et
118 2655 188 2717 aaa,
204 2669 265 2718 quae
282 2655 352 2704 dicta
362 2656 613 2720 sunadtxit-ndli,
641 2652 644 2657 ’

72 2724 183 2774 ‚scilicet
211 2726 345 2776 nuntiare
371 2727 459 2776 vobis.
490 2727 615 2778 Mulieres

72 2811 151 2861 <opus
165 2795 270 2845 iaciunt
279 2797 469 2863 Evangeliste,
484 2797 615 2864 motaeque

81 2868 215 2932 Apostolae
230 2869 432 2933 Apostolorum,
444 2868 573 2919 festinant
582 2869 614 2918 ad

81 2940 293 2990 annuntiandum
308 2955 385 2989 mane
401 2940 614 2990 misericordiam

81 3008 200 3059 Domini.
216 3011 314 3060 Omnis
330 3011 377 3076 qui
393 3021 462 3060 recte
479 3009 613 3075 intelligit,

81 3080 143 3130 aliis
169 3083 292 3133 nuntiare
321 3084 420 3143 debet,
447 3083 521 3146 juxta
547 3082 614 3132 illud

81 3154 257 3219 Apocalypsis
286 3173 292 3204 :
318 3155 371 3216 Qui
395 3155 480 3217 audit,
513 3154 614 3204 dicat:

88 3225 161 3274 Veni.
182 3227 259 3276 Unde
279 3243 325 3292 per
341 3228 429 3286 istam,
448 3242 510 3293 quae
523 3227 615 3276 omni-

82 3297 133 3346 bus
150 3297 202 3347 fuit
228 3299 367 3349 sollicitior
394 3300 483 3350 videre
512 3298 614 3348 Christi

81 3367 246 3431 sepulcrum,
262 3379 371 3434 propter
383 3370 456 3434 quod
480 3369 615 3418 Dominus
634 3415 640 3441 r

79 3438 104 3487 ei
123 3440 211 3503 primo
226 3441 357 3506 apparuit,
370 3441 535 3507 significatur
546 3454 616 3507 qute-
634 3462 644 3496 ι,

81 3511 147 3561 libet
162 3529 278 3577 persona
299 3515 331 3562 de
348 3514 499 3578 cognitione
515 3513 615 3563 verita-

80 3583 115 3633 tis
129 3585 228 3634 divinae
240 3585 316 3634 valde
328 3586 450 3644 sollicita,
467 3596 492 3634 et
507 3600 553 3649 per
563 3585 615 3635 hoc

83 3667 200 3707 meretur
228 3657 335 3723 assequi
368 3657 560 3723 cognitionem,
590 3668 616 3708 et

82 3729 145 3780 talis
164 3730 242 3779 debet
256 3730 393 3780 veritatem
409 3729 528 3795 agnitam
545 3745 616 3778 nun-

82 3797 150 3848 tiare
177 3800 255 3860 aliis,
281 3800 351 3854 sicut
378 3799 461 3848 Maria
486 3798 617 3849 nuntiavit

83 3867 236 3933 discipulis,
251 3885 284 3918 ne
298 3869 330 3919 de
350 3868 505 3919 abscondito
518 3869 618 3919 talento

1147 249 1208 318 ‘689

672 366 770 417 debeat
791 369 896 420 merito
925 368 1097 436 reprehendi.
1125 327 1207 418 Unde
1293 341 1294 345 Ἰ

675 440 752 490 Beda
776 457 789 493 ·:
808 458 830 490 u
858 443 941 494 'lneo
958 454 1046 493 autem
1061 440 1134 507 quod
1149 440 1208 490 haec

675 514 773 576 mulier
796 516 938 590 discipulis
954 516 1095 568 'Christum
1109 526 1208 563 'resur-

666 585 933 648 rexissenuntiavit,
943 602 1038 638 omnes
1054 596 1207 643 monemur,

675 658 795 708 maxime
833 661 934 727 quibus
964 671 1006 712 est
1030 657 1207 710 commissum

666 728 838 794 ‘praedicandi
854 730 985 792 officium,
1005 740 1034 781 ut
1050 728 1152 795 siquid
1169 725 1209 776 eis

676 800 782 852 coelitus
804 804 950 854 revelatum
966 803 1061 865 luerit,
1087 798 1207 850 studiose

675 871 806 936 proximis
815 873 996 938 propincum»
1004 870 1152 922 haecBeda.
1160 867 1208 917 Μὶ-

664 942 888 994 ⁴”serieordissima
902 945 950 994 Dei
965 945 1059 1010 pietas,
1071 942 1099 991 in
1110 940 1209 990 hoelo

675 1031 717 1077 cu,
739 1030 800 1082 erga
811 1032 908 1068 sexum
930 1015 1081 1067 'femineum
1097 1013 1210 1063 declara·

669 1096 728 1138 tur.
754 1089 854 1138 lllulier
873 1087 1091 1138 Resurrectionis
1113 1082 1211 1148 accipit

665 1161 795 1226 'primum
806 1162 977 1228 mysterium,
991 1171 1017 1212 et
1026 1160 1154 1210 mandata
1166 1171 1210 1205 cu-

664 1232 765 1292 ·stodlt,
785 1242 815 1282 ut
836 1243 953 1283 veterem
968 1225 1204 1297 praevaricationis

671 1318 791 1354 errorem
816 1306 942 1356 aboleret.
957 1300 1205 1363 lude-secundum

667 1372 854 1439 Unguium,
872 1374 993 1425 '‘humani
1008 1371 1115 1439 generis
1128 1369 1207 1432 culpa

664 1439 1206 1512 ¹abscinditururrd'eprocessit:rnulierin

670 1516 797 1580 'paradiso
810 1517 868 1566 viro
882 1514 1039 1582 propinavit
1055 1521 1180 1568 mortem,
1192 1524 1208 1558 a

663 1586 930 1651 ‘sepulchro-'mulier
949 1585 1019 1637 airis
1033 1579 1208 1634 annuntiavit

668 1659 771 1723 'vitam5
785 1670 813 1710 et
828 1659 951 1710 dicta-sui
964 1655 1208 1710 vivificatorisnar·

666 1739 723 1790 rat,
742 1744 806 1796 quae
824 1727 956 1780 mortiferi
976 1726 1110 1793 serpentis
1128 1724 1213 1774 verba

674 1799 1207 1868 narraverat.ululier,·quaeifueratianua

673 1872 779 1936 mortis,
789 1873 882 1939 prima
894 1867 1206 1939 praedicatresurrectio-

665 1960 746 2006 nem,
760 1955 790 1996 et
808 1944 930 1997 ostendit
944 1947 1059 2011 *januam
1082 1943 1156 2004 vitae;
1172 1954 1205 1990 ac

673 2017 706 2076 si,
720 2017 869 2066 secundum
885 2016 1009 2066 eumdem
1032 2013 1210 2081 Gregorium,¹

674 2088 795 2137 humano
810 2087 901 2152 generi
927 2101 982 2135 non
996 2084 1087 2146 verbo,
1101 2083 1146 2132 sed
1162 2096 1207 2130 re-

666 2161 724 2210 ‘bus
741 2161 877 2210 Dominus
894 2159 985 2222 dicat:
1002 2158 1041 2207 De
1058 2171 1112 2222 qua
1124 2169 1207 2203 manu

673 2231 751 2281 iobis
767 2230 857 2279 illatus
877 2240 917 2280 est
944 2238 1023 2294 potus
1042 2226 1148 2286 mortis,
1173 2224 1207 2272 de

667 2299 876 2364 ipsasuscipite
893 2299 1025 2365 poculum
1038 2296 1109 2346 vitae.
1128 2293 1206 2345 Unde

673 2370 870 2438 Augustinus:
884 2389 898 2417 a
913 2373 1107 2435 Resurgentem
1119 2367 1206 2416 Deum

665 2445 778 2510 ,priores
789 2444 907 2495 ¹sentinae
923 2442 1067 2509 Apostolis
1093 2438 1206 2504 nuntia-

673 2514 937 2578 verunt3rntmtiavit
956 2513 1077 2564 virosuo
1092 2518 1207 2560 mortem

640 2624 643 2639 γ
664 2587 775 2638 semina
788 2587 825 2637 -in
842 2587 993 2654 ,paradiso,‚
1016 2583 1209 2636 aamtiaverunt

673 2668 700 2708 et
711 2657 960 2708 semiermium
977 2656 1046 2708 uiris
1058 2655 1095 2704 ,in
1115 2653 1207 2702 Eccle-

666 2728 730 2792 ..sia;
746 2731 990 2781 :Resurrectionem
1011 2725 1115 2778 Christi
1140 2725 1209 2788 upo-

672 2800 736 2851 stoli
756 2811 841 2851 :erant
866 2801 1006 2851 fientibus
1030 2793 1207 2852 nuntiaturi,

674 2873 812 2938 Apostolis
832 2873 941 2923 feminae
965 2870 1166 2921 nuntiaverunt.
1193 2883 1206 2910 n

674 2944 754 2995 Unde
781 2955 807 2994 et
833 2944 992 2995 Ambrosius
1016 2959 1024 2992 .·
1044 2959 1058 2987 <r
1083 2939 1157 2988 Sicut
1178 2935 1207 2985 in

674 3014 808 3080 principio
831 3014 930 3063 mulier
946 3021 1037 3063 auctor
1050 3011 1134 3074 culpae
1148 3007 1207 3056 viro

674 3088 733 3149 fuit,
746 3088 787 3137 vir
801 3098 939 3137 exsecutor
954 3084 1070 3145 erroris3
1084 3082 1120 3132 ita
1135 3095 1208 3130 nunc

674 3173 734 3224 quae
750 3167 865 3208 mortem
881 3157 968 3223 primo
985 3162 1146 3222 gustaverat,
1162 3166 1208 3200 re-

674 3227 867 3278 surrectionem
896 3227 969 3292 prior
994 3225 1085 3283 vidit,
1123 3221 1207 3286 culpae

674 3298 769 3347 ordine
787 3297 869 3347 simul
890 3306 915 3346 et
933 3294 1051 3346 remedio
1065 3293 1140 3357 prior
1151 3307 1161 3354 ;‹
1182 3301 1209 3340 et

674 3385 708 3420 ne
715 3362 835 3435 perpetui
846 3379 935 3418 reatus
943 3367 1014 3433 apud
1023 3365 1096 3416 viros
1106 3378 1208 3429 oppro-

668 3439 765 3489 brium
787 3439 941 3499 sustineret,
953 3453 1014 3504 quae
1027 3437 1133 3501 culpam
1148 3433 1207 3483 viro

674 3511 861 3573 transfuderat,
871 3509 1070 3560 transfunditet
1085 3506 1210 3574 gratiam,

674 3583 828 3649 veterisque
842 3584 933 3649 lapsus
944 3589 1100 3647 compensat
1113 3593 1209 3629 aerum-

676 3669 756 3714 nam,
786 3653 990 3703 resurrectionis
1021 3650 1131 3702 indicio.
1160 3648 1207 3696 Per

677 3741 708 3774 os
722 3725 844 3775 mulieris
858 3740 932 3774 mors
949 3734 1012 3774 ante
1034 3723 1207 3788 processerat,

677 3813 724 3863 per
734 3813 764 3847 os
775 3797 899 3847 mulieris
906 3796 961 3847 vita
967 3805 1110 3860 reparatur.
1123 3809 1137 3836 n
1147 3788 1206 3838 Un-

677 3869 710 3918 de
719 3868 800 3918 etiam
809 3868 883 3918 Beda
894 3885 925 3918 :a
940 3866 964 3917 0
978 3880 1060 3932 quarn
1074 3860 1165 3912 felices
1175 3855 1209 3907 fe-
