<?xml version="1.0" encoding="UTF-8"?>
<!DOCTYPE html PUBLIC "-//W3C//DTD XHTML 1.0 Transitional//EN"
    "http://www.w3.org/TR/xhtml1/DTD/xhtml1-transitional.dtd">
<html xmlns="http://www.w3.org/1999/xhtml" xml:lang="en" lang="en">
 <head>
  <title>
</title>
<meta http-equiv="Content-Type" content="text/html;charset=utf-8" />
  <meta name='ocr-system' content='tesseract 3.04.00' />
  <meta name='ocr-capabilities' content='ocr_page ocr_carea ocr_par ocr_line ocrx_word'/>
</head>
<body>
  <div class='ocr_page' id='page_1' title='image "./vitajesuchristi00rigogoog_0347.png"; bbox 0 0 2626 4328; ppageno 0'>
   <div class='ocr_carea' id='block_1_1' title="bbox 130 236 200 288">
    <p class='ocr_par' dir='ltr' id='par_1_1' title="bbox 130 236 200 288">
     <span class='ocr_line' id='line_1_1' title="bbox 130 236 200 288; baseline -0.043 -1"><span class='ocrx_word' id='word_1_1' title='bbox 130 236 182 288; x_wconf 81' lang='lat'>792</span> <span class='ocrx_word' id='word_1_2' title='bbox 198 280 200 284; x_wconf 91' lang='lat'>.</span> 
     </span>
    </p>
   </div>
   <div class='ocr_carea' id='block_1_2' title="bbox 131 335 674 3186">
    <p class='ocr_par' dir='ltr' id='par_1_2' title="bbox 131 335 674 3186">
     <span class='ocr_line' id='line_1_2' title="bbox 131 335 670 402; baseline 0 -18"><span class='ocrx_word' id='word_1_3' title='bbox 131 341 339 402; x_wconf 80' lang='lat' dir='ltr'>perseverantes</span> <span class='ocrx_word' id='word_1_4' title='bbox 363 336 524 387; x_wconf 76' lang='lat' dir='ltr'>unanimiter·</span> <span class='ocrx_word' id='word_1_5' title='bbox 552 335 579 385; x_wconf 88' lang='lat' dir='ltr'>in</span> <span class='ocrx_word' id='word_1_6' title='bbox 605 350 670 385; x_wconf 85' lang='lat' dir='ltr'>ora·</span> 
     </span>
     <span class='ocr_line' id='line_1_3' title="bbox 138 405 670 469; baseline 0.002 -13"><span class='ocrx_word' id='word_1_7' title='bbox 138 407 209 458; x_wconf 84' lang='lat' dir='ltr'>tione</span> <span class='ocrx_word' id='word_1_8' title='bbox 238 422 298 458; x_wconf 86' lang='lat' dir='ltr'>cum</span> <span class='ocrx_word' id='word_1_9' title='bbox 322 408 487 469; x_wconf 82' lang='lat' dir='ltr'>mulieribus,</span> <span class='ocrx_word' id='word_1_10' title='bbox 517 412 546 457; x_wconf 78' lang='lat' dir='ltr'>et</span> <span class='ocrx_word' id='word_1_11' title='bbox 572 405 670 457; x_wconf 77' lang='lat' dir='ltr'>Maria</span> 
     </span>
     <span class='ocr_line' id='line_1_4' title="bbox 131 480 668 548; baseline 0 -17"><span class='ocrx_word' id='word_1_12' title='bbox 131 480 226 531; x_wconf 84' lang='lat' dir='ltr'>Matre</span> <span class='ocrx_word' id='word_1_13' title='bbox 241 483 316 532; x_wconf 83' lang='lat' dir='ltr'>Jesu.</span> <span class='ocrx_word' id='word_1_14' title='bbox 339 482 411 541; x_wconf 90' lang='lat' dir='ltr'>Quid</span> <span class='ocrx_word' id='word_1_15' title='bbox 433 497 496 548; x_wconf 90' lang='lat' dir='ltr'>ergo</span> <span class='ocrx_word' id='word_1_16' title='bbox 515 481 548 531; x_wconf 88' lang='lat' dir='ltr'>de</span> <span class='ocrx_word' id='word_1_17' title='bbox 573 491 668 540; x_wconf 88' lang='lat' dir='ltr'>morte,</span> 
     </span>
     <span class='ocr_line' id='line_1_5' title="bbox 134 550 669 619; baseline -0.002 -17"><span class='ocrx_word' id='word_1_18' title='bbox 134 551 201 619; x_wconf 88' lang='lat' dir='ltr'>quid</span> <span class='ocrx_word' id='word_1_19' title='bbox 215 553 248 605; x_wconf 92' lang='lat' dir='ltr'>de</span> <span class='ocrx_word' id='word_1_20' title='bbox 258 551 444 617; x_wconf 75' lang='lat' dir='ltr'>assumptione</span> <span class='ocrx_word' id='word_1_21' title='bbox 457 552 513 616; x_wconf 89' lang='lat' dir='ltr'>ejus</span> <span class='ocrx_word' id='word_1_22' title='bbox 525 550 669 601; x_wconf 84' lang='lat' dir='ltr'>dicendum</span> 
     </span>
     <span class='ocr_line' id='line_1_6' title="bbox 134 623 670 689; baseline 0 -14"><span class='ocrx_word' id='word_1_23' title='bbox 134 635 183 685; x_wconf 92' lang='lat' dir='ltr'>est,</span> <span class='ocrx_word' id='word_1_24' title='bbox 198 625 271 676; x_wconf 88' lang='lat' dir='ltr'>unde</span> <span class='ocrx_word' id='word_1_25' title='bbox 283 623 420 689; x_wconf 87' lang='lat' dir='ltr'>Scriptura</span> <span class='ocrx_word' id='word_1_26' title='bbox 440 624 512 676; x_wconf 86' lang='lat' dir='ltr'><strong>nihil</strong></span> <span class='ocrx_word' id='word_1_27' title='bbox 525 640 670 675; x_wconf 86' lang='lat' dir='ltr'>commen-</span> 
     </span>
     <span class='ocr_line' id='line_1_7' title="bbox 136 695 669 762; baseline -0.004 -16"><span class='ocrx_word' id='word_1_28' title='bbox 136 697 191 760; x_wconf 91' lang='lat' dir='ltr'>dat,</span> <span class='ocrx_word' id='word_1_29' title='bbox 207 696 259 746; x_wconf 93' lang='lat' dir='ltr'>nisi</span> <span class='ocrx_word' id='word_1_30' title='bbox 274 695 450 762; x_wconf 83' lang='lat' dir='ltr'>quaerendum</span> <span class='ocrx_word' id='word_1_31' title='bbox 467 695 582 756; x_wconf 89' lang='lat' dir='ltr'>ratione,</span> <span class='ocrx_word' id='word_1_32' title='bbox 596 695 669 762; x_wconf 90' lang='lat' dir='ltr'>quod</span> 
     </span>
     <span class='ocr_line' id='line_1_8' title="bbox 133 764 670 832; baseline -0.004 -14"><span class='ocrx_word' id='word_1_33' title='bbox 133 766 290 818; x_wconf 86' lang='lat' dir='ltr'>consensiat</span> <span class='ocrx_word' id='word_1_34' title='bbox 303 764 427 816; x_wconf 84' lang='lat' dir='ltr'>veritati?</span> <span class='ocrx_word' id='word_1_35' title='bbox 448 765 508 816; x_wconf 71' lang='lat' dir='ltr'>Fiat</span> <span class='ocrx_word' id='word_1_36' title='bbox 529 781 592 832; x_wconf 89' lang='lat' dir='ltr'>ergo</span> <span class='ocrx_word' id='word_1_37' title='bbox 611 766 670 832; x_wconf 85' lang='lat' dir='ltr'>ipsa</span> 
     </span>
     <span class='ocr_line' id='line_1_9' title="bbox 135 836 669 903; baseline -0.009 -13"><span class='ocrx_word' id='word_1_38' title='bbox 135 838 242 897; x_wconf 82' lang='lat' dir='ltr'>veritas,</span> <span class='ocrx_word' id='word_1_39' title='bbox 258 837 317 886; x_wconf 89' lang='lat' dir='ltr'>sine</span> <span class='ocrx_word' id='word_1_40' title='bbox 331 852 385 903; x_wconf 85' lang='lat' dir='ltr'>qua</span> <span class='ocrx_word' id='word_1_41' title='bbox 399 853 448 887; x_wconf 90' lang='lat' dir='ltr'>nec</span> <span class='ocrx_word' id='word_1_42' title='bbox 466 839 535 895; x_wconf 84' lang='lat' dir='ltr'>valet</span> <span class='ocrx_word' id='word_1_43' title='bbox 549 836 669 889; x_wconf 89' lang='lat' dir='ltr'>auctori-</span> 
     </span>
     <span class='ocr_line' id='line_1_10' title="bbox 134 907 670 974; baseline -0.004 -15"><span class='ocrx_word' id='word_1_44' title='bbox 134 918 184 959; x_wconf 89' lang='lat' dir='ltr'>tas.</span> <span class='ocrx_word' id='word_1_45' title='bbox 199 908 333 957; x_wconf 86' lang='lat' dir='ltr'>Memores</span> <span class='ocrx_word' id='word_1_46' title='bbox 345 907 428 974; x_wconf 90' lang='lat' dir='ltr'>igitur</span> <span class='ocrx_word' id='word_1_47' title='bbox 440 907 604 959; x_wconf 91' lang='lat' dir='ltr'>conditionis</span> <span class='ocrx_word' id='word_1_48' title='bbox 619 908 670 957; x_wconf 91' lang='lat' dir='ltr'>hu·</span> 
     </span>
     <span class='ocr_line' id='line_1_11' title="bbox 136 979 669 1038; baseline 0 -9"><span class='ocrx_word' id='word_1_49' title='bbox 136 994 232 1036; x_wconf 81' lang='lat' dir='ltr'>manae,</span> <span class='ocrx_word' id='word_1_50' title='bbox 256 989 371 1029; x_wconf 91' lang='lat' dir='ltr'>mortem</span> <span class='ocrx_word' id='word_1_51' title='bbox 400 979 473 1029; x_wconf 88' lang='lat' dir='ltr'>illam</span> <span class='ocrx_word' id='word_1_52' title='bbox 502 979 669 1038; x_wconf 84' lang='lat' dir='ltr'>Beatissimae</span> 
     </span>
     <span class='ocr_line' id='line_1_12' title="bbox 135 1049 668 1116; baseline -0.002 -16"><span class='ocrx_word' id='word_1_53' title='bbox 135 1049 314 1116; x_wconf 77' lang='lat' dir='ltr'>temporalem</span> <span class='ocrx_word' id='word_1_54' title='bbox 330 1050 419 1099; x_wconf 80' lang='lat' dir='ltr'>dicere</span> <span class='ocrx_word' id='word_1_55' title='bbox 436 1065 491 1099; x_wconf 91' lang='lat' dir='ltr'>non</span> <span class='ocrx_word' id='word_1_56' title='bbox 501 1049 648 1100; x_wconf 90' lang='lat' dir='ltr'>metuimus</span> <span class='ocrx_word' id='word_1_57' title='bbox 660 1064 668 1112; x_wconf 89' lang='lat'>;</span> 
     </span>
     <span class='ocr_line' id='line_1_13' title="bbox 136 1119 670 1171; baseline -0.004 0"><span class='ocrx_word' id='word_1_58' title='bbox 136 1121 181 1171; x_wconf 88' lang='lat' dir='ltr'>sed</span> <span class='ocrx_word' id='word_1_59' title='bbox 205 1119 227 1169; x_wconf 92' lang='lat' dir='ltr'>si</span> <span class='ocrx_word' id='word_1_60' title='bbox 250 1135 309 1170; x_wconf 90' lang='lat' dir='ltr'>eam</span> <span class='ocrx_word' id='word_1_61' title='bbox 335 1119 451 1171; x_wconf 84' lang='lat' dir='ltr'>dicimus</span> <span class='ocrx_word' id='word_1_62' title='bbox 476 1121 622 1171; x_wconf 87' lang='lat' dir='ltr'>resolutam</span> <span class='ocrx_word' id='word_1_63' title='bbox 640 1120 670 1169; x_wconf 90' lang='lat' dir='ltr'>in</span> 
     </span>
     <span class='ocr_line' id='line_1_14' title="bbox 136 1193 669 1260; baseline -0.002 -16"><span class='ocrx_word' id='word_1_64' title='bbox 136 1209 310 1245; x_wconf 88' lang='lat' dir='ltr'>communem</span> <span class='ocrx_word' id='word_1_65' title='bbox 332 1193 513 1260; x_wconf 76' lang='lat' dir='ltr'>putredinem,</span> <span class='ocrx_word' id='word_1_66' title='bbox 539 1196 669 1252; x_wconf 83' lang='lat' dir='ltr'>vermem,</span> 
     </span>
     <span class='ocr_line' id='line_1_15' title="bbox 135 1266 669 1327; baseline -0.004 -10"><span class='ocrx_word' id='word_1_67' title='bbox 135 1282 166 1317; x_wconf 90' lang='lat' dir='ltr'>ac</span> <span class='ocrx_word' id='word_1_68' title='bbox 189 1266 316 1326; x_wconf 89' lang='lat' dir='ltr'>cinerem,</span> <span class='ocrx_word' id='word_1_69' title='bbox 343 1266 549 1317; x_wconf 89' lang='lat' dir='ltr'>deliberandum</span> <span class='ocrx_word' id='word_1_70' title='bbox 570 1276 621 1327; x_wconf 91' lang='lat' dir='ltr'>est,</span> <span class='ocrx_word' id='word_1_71' title='bbox 647 1266 669 1316; x_wconf 90' lang='lat' dir='ltr'>si</span> 
     </span>
     <span class='ocr_line' id='line_1_16' title="bbox 135 1339 670 1404; baseline 0.002 -14"><span class='ocrx_word' id='word_1_72' title='bbox 135 1349 216 1390; x_wconf 87' lang='lat' dir='ltr'>tantae</span> <span class='ocrx_word' id='word_1_73' title='bbox 241 1340 381 1390; x_wconf 86' lang='lat' dir='ltr'>conveniat</span> <span class='ocrx_word' id='word_1_74' title='bbox 414 1339 565 1404; x_wconf 82' lang='lat' dir='ltr'>sanctitati,</span> <span class='ocrx_word' id='word_1_75' title='bbox 590 1349 670 1391; x_wconf 84' lang='lat' dir='ltr'>tantae</span> 
     </span>
     <span class='ocr_line' id='line_1_17' title="bbox 135 1410 670 1477; baseline -0.004 -16"><span class='ocrx_word' id='word_1_76' title='bbox 135 1411 204 1462; x_wconf 84' lang='lat' dir='ltr'>aulae</span> <span class='ocrx_word' id='word_1_77' title='bbox 213 1410 262 1460; x_wconf 89' lang='lat' dir='ltr'>Dei</span> <span class='ocrx_word' id='word_1_78' title='bbox 277 1411 468 1477; x_wconf 79' lang='lat' dir='ltr'>praerogativae.</span> <span class='ocrx_word' id='word_1_79' title='bbox 480 1410 587 1462; x_wconf 88' lang='lat' dir='ltr'>Scimus</span> <span class='ocrx_word' id='word_1_80' title='bbox 597 1411 670 1461; x_wconf 87' lang='lat' dir='ltr'>enirn</span> 
     </span>
     <span class='ocr_line' id='line_1_18' title="bbox 136 1480 671 1547; baseline 0.002 -17"><span class='ocrx_word' id='word_1_81' title='bbox 136 1481 242 1531; x_wconf 89' lang='lat' dir='ltr'>dictum</span> <span class='ocrx_word' id='word_1_82' title='bbox 266 1481 355 1547; x_wconf 92' lang='lat' dir='ltr'>primo</span> <span class='ocrx_word' id='word_1_83' title='bbox 376 1480 489 1546; x_wconf 89' lang='lat' dir='ltr'>parenti,</span> <span class='ocrx_word' id='word_1_84' title='bbox 504 1481 568 1546; x_wconf 76' lang='lat' dir='ltr'>quia</span> <span class='ocrx_word' id='word_1_85' title='bbox 580 1481 671 1546; x_wconf 79' lang='lat' dir='ltr'>pulvis</span> 
     </span>
     <span class='ocr_line' id='line_1_19' title="bbox 136 1551 672 1617; baseline -0.002 -16"><span class='ocrx_word' id='word_1_86' title='bbox 136 1565 175 1614; x_wconf 85' lang='lat' dir='ltr'>er,</span> <span class='ocrx_word' id='word_1_87' title='bbox 190 1552 257 1600; x_wconf 83' lang='lat' dir='ltr'>etin</span> <span class='ocrx_word' id='word_1_88' title='bbox 268 1551 408 1617; x_wconf 84' lang='lat' dir='ltr'>pulverem</span> <span class='ocrx_word' id='word_1_89' title='bbox 425 1552 580 1601; x_wconf 78' lang='lat' dir='ltr'>reverteris,</span> <span class='ocrx_word' id='word_1_90' title='bbox 596 1553 672 1602; x_wconf 88' lang='lat' dir='ltr'>Hanc</span> 
     </span>
     <span class='ocr_line' id='line_1_20' title="bbox 136 1622 671 1684; baseline 0.004 -12"><span class='ocrx_word' id='word_1_91' title='bbox 136 1622 323 1672; x_wconf 89' lang='lat' dir='ltr'>conditionem</span> <span class='ocrx_word' id='word_1_92' title='bbox 353 1637 413 1672; x_wconf 89' lang='lat' dir='ltr'>caro</span> <span class='ocrx_word' id='word_1_93' title='bbox 441 1622 543 1673; x_wconf 89' lang='lat' dir='ltr'>Christi</span> <span class='ocrx_word' id='word_1_94' title='bbox 572 1625 671 1684; x_wconf 87' lang='lat' dir='ltr'>evasit,</span> 
     </span>
     <span class='ocr_line' id='line_1_21' title="bbox 136 1695 672 1760; baseline 0.004 -17"><span class='ocrx_word' id='word_1_95' title='bbox 136 1709 197 1760; x_wconf 89' lang='lat' dir='ltr'>quae</span> <span class='ocrx_word' id='word_1_96' title='bbox 217 1695 419 1760; x_wconf 89' lang='lat' dir='ltr'>corruptionem</span> <span class='ocrx_word' id='word_1_97' title='bbox 437 1710 493 1745; x_wconf 93' lang='lat' dir='ltr'>non</span> <span class='ocrx_word' id='word_1_98' title='bbox 516 1695 672 1760; x_wconf 89' lang='lat' dir='ltr'>sustinuit;</span> 
     </span>
     <span class='ocr_line' id='line_1_22' title="bbox 137 1763 673 1832; baseline 0.006 -18"><span class='ocrx_word' id='word_1_99' title='bbox 137 1763 271 1829; x_wconf 86' lang='lat' dir='ltr'>excipitur</span> <span class='ocrx_word' id='word_1_100' title='bbox 286 1780 349 1830; x_wconf 88' lang='lat' dir='ltr'>ergo</span> <span class='ocrx_word' id='word_1_101' title='bbox 366 1764 400 1814; x_wconf 91' lang='lat' dir='ltr'>ab</span> <span class='ocrx_word' id='word_1_102' title='bbox 413 1765 461 1815; x_wconf 86' lang='lat' dir='ltr'>illa</span> <span class='ocrx_word' id='word_1_103' title='bbox 476 1767 594 1832; x_wconf 89' lang='lat' dir='ltr'>generali</span> <span class='ocrx_word' id='word_1_104' title='bbox 609 1782 673 1817; x_wconf 85' lang='lat' dir='ltr'>sen-</span> 
     </span>
     <span class='ocr_line' id='line_1_23' title="bbox 136 1835 672 1902; baseline 0.007 -18"><span class='ocrx_word' id='word_1_105' title='bbox 136 1835 232 1894; x_wconf 86' lang='lat' dir='ltr'>tentia,</span> <span class='ocrx_word' id='word_1_106' title='bbox 251 1835 285 1885; x_wconf 94' lang='lat' dir='ltr'>de</span> <span class='ocrx_word' id='word_1_107' title='bbox 306 1835 421 1901; x_wconf 87' lang='lat' dir='ltr'>Virgine</span> <span class='ocrx_word' id='word_1_108' title='bbox 439 1847 548 1902; x_wconf 90' lang='lat' dir='ltr'>sumpta</span> <span class='ocrx_word' id='word_1_109' title='bbox 569 1848 672 1888; x_wconf 86' lang='lat' dir='ltr'>natura.</span> 
     </span>
     <span class='ocr_line' id='line_1_24' title="bbox 137 1907 673 1974; baseline 0.002 -15"><span class='ocrx_word' id='word_1_110' title='bbox 137 1907 245 1959; x_wconf 82' lang='lat' dir='ltr'>Mulieri</span> <span class='ocrx_word' id='word_1_111' title='bbox 258 1922 368 1974; x_wconf 87' lang='lat' dir='ltr'>quoque</span> <span class='ocrx_word' id='word_1_112' title='bbox 384 1907 452 1958; x_wconf 85' lang='lat' dir='ltr'>dixit</span> <span class='ocrx_word' id='word_1_113' title='bbox 466 1908 558 1960; x_wconf 84' lang='lat' dir='ltr'>Deus:</span> <span class='ocrx_word' id='word_1_114' title='bbox 574 1909 673 1960; x_wconf 75' lang='lat' dir='ltr'>Multi-</span> 
     </span>
     <span class='ocr_line' id='line_1_25' title="bbox 133 1981 673 2048; baseline 0.006 -16"><span class='ocrx_word' id='word_1_115' title='bbox 133 1981 243 2048; x_wconf 84' lang='lat' dir='ltr'>plicabo</span> <span class='ocrx_word' id='word_1_116' title='bbox 264 1997 402 2035; x_wconf 83' lang='lat' dir='ltr'>aeramnas</span> <span class='ocrx_word' id='word_1_117' title='bbox 424 1988 485 2033; x_wconf 80' lang='lat' dir='ltr'>tuas</span> <span class='ocrx_word' id='word_1_118' title='bbox 507 2000 515 2034; x_wconf 89' lang='lat'>.·</span> <span class='ocrx_word' id='word_1_119' title='bbox 538 1984 565 2034; x_wconf 88' lang='lat' dir='ltr'>in</span> <span class='ocrx_word' id='word_1_120' title='bbox 580 1984 673 2035; x_wconf 83' lang='lat' dir='ltr'>dolore</span> 
     </span>
     <span class='ocr_line' id='line_1_26' title="bbox 134 2053 674 2117; baseline 0.004 -15"><span class='ocrx_word' id='word_1_121' title='bbox 134 2053 230 2117; x_wconf 85' lang='lat' dir='ltr'>paries</span> <span class='ocrx_word' id='word_1_122' title='bbox 249 2073 259 2116; x_wconf 89' lang='lat'><em>;</em></span> <span class='ocrx_word' id='word_1_123' title='bbox 292 2067 442 2104; x_wconf 89' lang='lat' dir='ltr'>aerumnam</span> <span class='ocrx_word' id='word_1_124' title='bbox 474 2065 565 2105; x_wconf 88' lang='lat' dir='ltr'>sancta</span> <span class='ocrx_word' id='word_1_125' title='bbox 590 2055 674 2105; x_wconf 86' lang='lat' dir='ltr'>Maria</span> 
     </span>
     <span class='ocr_line' id='line_1_27' title="bbox 137 2123 673 2192; baseline 0.006 -19"><span class='ocrx_word' id='word_1_126' title='bbox 137 2123 286 2183; x_wconf 86' lang='lat' dir='ltr'>sustinuit,</span> <span class='ocrx_word' id='word_1_127' title='bbox 317 2125 394 2189; x_wconf 84' lang='lat' dir='ltr'>cujus</span> <span class='ocrx_word' id='word_1_128' title='bbox 421 2124 541 2175; x_wconf 90' lang='lat' dir='ltr'>animam</span> <span class='ocrx_word' id='word_1_129' title='bbox 566 2125 673 2192; x_wconf 84' lang='lat' dir='ltr'>gladius</span> 
     </span>
     <span class='ocr_line' id='line_1_28' title="bbox 139 2193 672 2262; baseline 0.008 -19"><span class='ocrx_word' id='word_1_130' title='bbox 139 2193 275 2245; x_wconf 82' lang='lat' dir='ltr'>Passionis</span> <span class='ocrx_word' id='word_1_131' title='bbox 293 2194 397 2246; x_wconf 84' lang='lat' dir='ltr'>Christi</span> <span class='ocrx_word' id='word_1_132' title='bbox 415 2195 600 2262; x_wconf 76' lang='lat' dir='ltr'>pertransivit,</span> <span class='ocrx_word' id='word_1_133' title='bbox 626 2198 672 2247; x_wconf 89' lang='lat' dir='ltr'>sed</span> 
     </span>
     <span class='ocr_line' id='line_1_29' title="bbox 136 2264 674 2333; baseline 0.006 -19"><span class='ocrx_word' id='word_1_134' title='bbox 136 2264 196 2314; x_wconf 85' lang='lat' dir='ltr'>sine</span> <span class='ocrx_word' id='word_1_135' title='bbox 210 2265 304 2315; x_wconf 92' lang='lat' dir='ltr'>dolore</span> <span class='ocrx_word' id='word_1_136' title='bbox 318 2266 412 2331; x_wconf 87' lang='lat' dir='ltr'>genuit</span> <span class='ocrx_word' id='word_1_137' title='bbox 424 2265 518 2326; x_wconf 88' lang='lat' dir='ltr'>Maria,</span> <span class='ocrx_word' id='word_1_138' title='bbox 529 2282 593 2333; x_wconf 86' lang='lat' dir='ltr'>ergo</span> <span class='ocrx_word' id='word_1_139' title='bbox 604 2267 674 2317; x_wconf 84' lang='lat' dir='ltr'>exci-</span> 
     </span>
     <span class='ocr_line' id='line_1_30' title="bbox 138 2336 671 2406; baseline 0.011 -21"><span class='ocrx_word' id='word_1_140' title='bbox 138 2336 212 2401; x_wconf 90' lang='lat' dir='ltr'>pitur</span> <span class='ocrx_word' id='word_1_141' title='bbox 239 2353 253 2387; x_wconf 85' lang='lat' dir='ltr'>a</span> <span class='ocrx_word' id='word_1_142' title='bbox 282 2338 460 2403; x_wconf 86' lang='lat' dir='ltr'>quibusdam.</span> <span class='ocrx_word' id='word_1_143' title='bbox 482 2339 671 2406; x_wconf 86' lang='lat' dir='ltr'>generalibus,</span> 
     </span>
     <span class='ocr_line' id='line_1_31' title="bbox 137 2409 672 2477; baseline 0.011 -21"><span class='ocrx_word' id='word_1_144' title='bbox 137 2423 220 2472; x_wconf 88' lang='lat' dir='ltr'>quam</span> <span class='ocrx_word' id='word_1_145' title='bbox 234 2418 309 2458; x_wconf 88' lang='lat' dir='ltr'>tanta</span> <span class='ocrx_word' id='word_1_146' title='bbox 326 2409 425 2461; x_wconf 89' lang='lat' dir='ltr'>attollit</span> <span class='ocrx_word' id='word_1_147' title='bbox 443 2409 585 2476; x_wconf 87' lang='lat' dir='ltr'>dignitatis</span> <span class='ocrx_word' id='word_1_148' title='bbox 601 2427 672 2477; x_wconf 82' lang='lat' dir='ltr'>prae-</span> 
     </span>
     <span class='ocr_line' id='line_1_32' title="bbox 137 2478 673 2545; baseline 0.013 -20"><span class='ocrx_word' id='word_1_149' title='bbox 137 2478 266 2542; x_wconf 85' lang='lat' dir='ltr'>rogativa.</span> <span class='ocrx_word' id='word_1_150' title='bbox 283 2479 312 2529; x_wconf 89' lang='lat' dir='ltr'>Si</span> <span class='ocrx_word' id='word_1_151' title='bbox 324 2495 387 2545; x_wconf 88' lang='lat' dir='ltr'>ergo</span> <span class='ocrx_word' id='word_1_152' title='bbox 398 2495 457 2530; x_wconf 90' lang='lat' dir='ltr'>eam</span> <span class='ocrx_word' id='word_1_153' title='bbox 471 2481 588 2532; x_wconf 91' lang='lat' dir='ltr'>dicimus</span> <span class='ocrx_word' id='word_1_154' title='bbox 598 2498 673 2532; x_wconf 87' lang='lat' dir='ltr'>mor-</span> 
     </span>
     <span class='ocr_line' id='line_1_33' title="bbox 137 2546 674 2607; baseline 0.015 -13"><span class='ocrx_word' id='word_1_155' title='bbox 137 2555 193 2594; x_wconf 91' lang='lat' dir='ltr'>tem</span> <span class='ocrx_word' id='word_1_156' title='bbox 219 2546 347 2607; x_wconf 87' lang='lat' dir='ltr'>subiisse,</span> <span class='ocrx_word' id='word_1_157' title='bbox 372 2564 422 2599; x_wconf 86' lang='lat' dir='ltr'>nec</span> <span class='ocrx_word' id='word_1_158' title='bbox 445 2559 536 2601; x_wconf 89' lang='lat' dir='ltr'>tamen</span> <span class='ocrx_word' id='word_1_159' title='bbox 555 2551 674 2602; x_wconf 89' lang='lat' dir='ltr'>vinculis</span> 
     </span>
     <span class='ocr_line' id='line_1_34' title="bbox 137 2616 672 2689; baseline 0.015 -25"><span class='ocrx_word' id='word_1_160' title='bbox 137 2616 195 2678; x_wconf 89' lang='lat' dir='ltr'>ejus</span> <span class='ocrx_word' id='word_1_161' title='bbox 224 2617 351 2677; x_wconf 86' lang='lat' dir='ltr'>retineri,</span> <span class='ocrx_word' id='word_1_162' title='bbox 388 2621 524 2687; x_wconf 89' lang='lat' dir='ltr'>numquid</span> <span class='ocrx_word' id='word_1_163' title='bbox 555 2621 672 2689; x_wconf 91' lang='lat' dir='ltr'>impium</span> 
     </span>
     <span class='ocr_line' id='line_1_35' title="bbox 137 2684 673 2759; baseline 0.015 -25"><span class='ocrx_word' id='word_1_164' title='bbox 137 2684 209 2734; x_wconf 75' lang='lat' dir='ltr'>erit?</span> <span class='ocrx_word' id='word_1_165' title='bbox 228 2686 255 2736; x_wconf 89' lang='lat' dir='ltr'>Si</span> <span class='ocrx_word' id='word_1_166' title='bbox 275 2688 362 2736; x_wconf 90' lang='lat' dir='ltr'>voluit</span> <span class='ocrx_word' id='word_1_167' title='bbox 378 2689 518 2741; x_wconf 81' lang='lat' dir='ltr'>Dominus</span> <span class='ocrx_word' id='word_1_168' title='bbox 539 2691 673 2759; x_wconf 86' lang='lat' dir='ltr'>integram</span> 
     </span>
     <span class='ocr_line' id='line_1_36' title="bbox 137 2756 673 2829; baseline 0.015 -24"><span class='ocrx_word' id='word_1_169' title='bbox 137 2756 252 2806; x_wconf 87' lang='lat' dir='ltr'>Matrem</span> <span class='ocrx_word' id='word_1_170' title='bbox 274 2757 440 2823; x_wconf 84' lang='lat' dir='ltr'>virginitatis</span> <span class='ocrx_word' id='word_1_171' title='bbox 475 2776 581 2812; x_wconf 86' lang='lat' dir='ltr'>servare</span> <span class='ocrx_word' id='word_1_172' title='bbox 618 2779 673 2829; x_wconf 91' lang='lat' dir='ltr'>pu-</span> 
     </span>
     <span class='ocr_line' id='line_1_37' title="bbox 139 2830 674 2894; baseline 0.017 -15"><span class='ocrx_word' id='word_1_173' title='bbox 139 2830 214 2894; x_wconf 86' lang='lat' dir='ltr'>dore,</span> <span class='ocrx_word' id='word_1_174' title='bbox 242 2839 268 2880; x_wconf 85' lang='lat' dir='ltr'>et</span> <span class='ocrx_word' id='word_1_175' title='bbox 300 2848 348 2882; x_wconf 86' lang='lat' dir='ltr'>cur</span> <span class='ocrx_word' id='word_1_176' title='bbox 369 2849 429 2889; x_wconf 84' lang='lat' dir='ltr'>,non</span> <span class='ocrx_word' id='word_1_177' title='bbox 456 2834 521 2884; x_wconf 86' lang='lat' dir='ltr'>velit</span> <span class='ocrx_word' id='word_1_178' title='bbox 547 2835 674 2888; x_wconf 85' lang='lat' dir='ltr'>incurru-</span> 
     </span>
     <span class='ocr_line' id='line_1_38' title="bbox 144 2905 674 2970; baseline 0.015 -19"><span class='ocrx_word' id='word_1_179' title='bbox 144 2910 219 2966; x_wconf 88' lang='lat' dir='ltr'>ptam</span> <span class='ocrx_word' id='word_1_180' title='bbox 246 2917 354 2953; x_wconf 79' lang='lat' dir='ltr'>servare</span> <span class='ocrx_word' id='word_1_181' title='bbox 382 2918 397 2954; x_wconf 88' lang='lat' dir='ltr'>a</span> <span class='ocrx_word' id='word_1_182' title='bbox 435 2905 587 2970; x_wconf 88' lang='lat' dir='ltr'>putredinis</span> <span class='ocrx_word' id='word_1_183' title='bbox 622 2907 674 2959; x_wconf 87' lang='lat' dir='ltr'>foe-</span> 
     </span>
     <span class='ocr_line' id='line_1_39' title="bbox 138 2973 673 3046; baseline 0.011 -22"><span class='ocrx_word' id='word_1_184' title='bbox 138 2973 222 3028; x_wconf 80' lang='lat' dir='ltr'>tore?</span> <span class='ocrx_word' id='word_1_185' title='bbox 248 2976 390 3043; x_wconf 88' lang='lat' dir='ltr'>Numquid</span> <span class='ocrx_word' id='word_1_186' title='bbox 417 2993 471 3027; x_wconf 91' lang='lat' dir='ltr'>non</span> <span class='ocrx_word' id='word_1_187' title='bbox 497 2979 613 3046; x_wconf 85' lang='lat' dir='ltr'>pertinet</span> <span class='ocrx_word' id='word_1_188' title='bbox 641 2982 673 3030; x_wconf 86' lang='lat' dir='ltr'>ad</span> 
     </span>
     <span class='ocr_line' id='line_1_40' title="bbox 137 3043 674 3112; baseline 0.011 -18"><span class='ocrx_word' id='word_1_189' title='bbox 137 3043 332 3112; x_wconf 78' lang='lat' dir='ltr'>benignitaiem</span> <span class='ocrx_word' id='word_1_190' title='bbox 361 3048 471 3099; x_wconf 90' lang='lat' dir='ltr'>Domini</span> <span class='ocrx_word' id='word_1_191' title='bbox 483 3094 486 3100; x_wconf 91' lang='lat'>.</span> <span class='ocrx_word' id='word_1_192' title='bbox 498 3051 593 3101; x_wconf 91' lang='lat' dir='ltr'>Matris</span> <span class='ocrx_word' id='word_1_193' title='bbox 617 3067 674 3102; x_wconf 88' lang='lat' dir='ltr'>ser-</span> 
     </span>
     <span class='ocr_line' id='line_1_41' title="bbox 138 3115 673 3186; baseline 0.013 -22"><span class='ocrx_word' id='word_1_194' title='bbox 138 3129 201 3164; x_wconf 87' lang='lat' dir='ltr'>vare</span> <span class='ocrx_word' id='word_1_195' title='bbox 227 3115 370 3176; x_wconf 83' lang='lat' dir='ltr'>honorem,</span> <span class='ocrx_word' id='word_1_196' title='bbox 389 3119 436 3186; x_wconf 90' lang='lat' dir='ltr'>qui</span> <span class='ocrx_word' id='word_1_197' title='bbox 461 3119 559 3186; x_wconf 87' lang='lat' dir='ltr'>Legem</span> <span class='ocrx_word' id='word_1_198' title='bbox 584 3121 673 3171; x_wconf 89' lang='lat' dir='ltr'>solve-</span> 
     </span>
    </p>
   </div>
   <div class='ocr_carea' id='block_1_3' title="bbox 48 3189 674 3257">
    <p class='ocr_par' dir='ltr' id='par_1_3' title="bbox 48 3189 674 3257">
     <span class='ocr_line' id='line_1_42' title="bbox 48 3189 674 3257; baseline 0.011 -24"><span class='ocrx_word' id='word_1_199' title='bbox 48 3221 50 3225; x_wconf 81' lang='lat'>.</span> <span class='ocrx_word' id='word_1_200' title='bbox 137 3199 167 3235; x_wconf 90' lang='lat' dir='ltr'>re</span> <span class='ocrx_word' id='word_1_201' title='bbox 191 3202 246 3236; x_wconf 88' lang='lat' dir='ltr'>non</span> <span class='ocrx_word' id='word_1_202' title='bbox 272 3197 391 3250; x_wconf 81' lang='lat' dir='ltr'>venerat,</span> <span class='ocrx_word' id='word_1_203' title='bbox 427 3190 473 3239; x_wconf 91' lang='lat' dir='ltr'>sed</span> <span class='ocrx_word' id='word_1_204' title='bbox 502 3189 674 3257; x_wconf 87' lang='lat' dir='ltr'>adimplere?</span> 
     </span>
    </p>
   </div>
   <div class='ocr_carea' id='block_1_4' title="bbox 138 3257 675 3599">
    <p class='ocr_par' dir='ltr' id='par_1_4' title="bbox 138 3257 675 3599">
     <span class='ocr_line' id='line_1_43' title="bbox 139 3257 673 3326; baseline 0.007 -20"><span class='ocrx_word' id='word_1_205' title='bbox 139 3257 193 3317; x_wconf 87' lang='lat' dir='ltr'>Qui</span> <span class='ocrx_word' id='word_1_206' title='bbox 206 3257 281 3308; x_wconf 88' lang='lat' dir='ltr'>enim</span> <span class='ocrx_word' id='word_1_207' title='bbox 296 3258 325 3308; x_wconf 90' lang='lat' dir='ltr'>in</span> <span class='ocrx_word' id='word_1_208' title='bbox 341 3259 395 3308; x_wconf 84' lang='lat' dir='ltr'>vita</span> <span class='ocrx_word' id='word_1_209' title='bbox 408 3274 463 3326; x_wconf 84' lang='lat' dir='ltr'>prae</span> <span class='ocrx_word' id='word_1_210' title='bbox 478 3259 575 3310; x_wconf 89' lang='lat' dir='ltr'>ceteris</span> <span class='ocrx_word' id='word_1_211' title='bbox 589 3263 673 3322; x_wconf 89' lang='lat' dir='ltr'>illam,</span> 
     </span>
     <span class='ocr_line' id='line_1_44' title="bbox 138 3327 673 3398; baseline 0.011 -22"><span class='ocrx_word' id='word_1_212' title='bbox 138 3327 222 3390; x_wconf 82' lang='lat' dir='ltr'>gratia</span> <span class='ocrx_word' id='word_1_213' title='bbox 258 3327 300 3378; x_wconf 81' lang='lat' dir='ltr'>stri</span> <span class='ocrx_word' id='word_1_214' title='bbox 333 3340 481 3396; x_wconf 78' lang='lat' dir='ltr'>conceptus</span> <span class='ocrx_word' id='word_1_215' title='bbox 513 3331 673 3398; x_wconf 82' lang='lat' dir='ltr'>honoravit,</span> 
     </span>
     <span class='ocr_line' id='line_1_45' title="bbox 138 3394 674 3463; baseline 0.017 -19"><span class='ocrx_word' id='word_1_216' title='bbox 138 3394 215 3458; x_wconf 86' lang='lat' dir='ltr'>pium</span> <span class='ocrx_word' id='word_1_217' title='bbox 241 3408 282 3448; x_wconf 89' lang='lat' dir='ltr'>est</span> <span class='ocrx_word' id='word_1_218' title='bbox 302 3399 419 3463; x_wconf 84' lang='lat' dir='ltr'>credere,</span> <span class='ocrx_word' id='word_1_219' title='bbox 446 3415 504 3450; x_wconf 88' lang='lat' dir='ltr'>eam</span> <span class='ocrx_word' id='word_1_220' title='bbox 530 3401 559 3452; x_wconf 88' lang='lat' dir='ltr'>in</span> <span class='ocrx_word' id='word_1_221' title='bbox 587 3413 674 3453; x_wconf 89' lang='lat' dir='ltr'>morte</span> 
     </span>
     <span class='ocr_line' id='line_1_46' title="bbox 138 3465 674 3543; baseline 0.022 -29"><span class='ocrx_word' id='word_1_222' title='bbox 138 3465 268 3533; x_wconf 80' lang='lat' dir='ltr'>singulari</span> <span class='ocrx_word' id='word_1_223' title='bbox 283 3470 441 3532; x_wconf 89' lang='lat' dir='ltr'>salvatione,</span> <span class='ocrx_word' id='word_1_224' title='bbox 454 3483 479 3522; x_wconf 90' lang='lat' dir='ltr'>et</span> <span class='ocrx_word' id='word_1_225' title='bbox 492 3474 600 3540; x_wconf 83' lang='lat' dir='ltr'>speciali</span> <span class='ocrx_word' id='word_1_226' title='bbox 611 3491 674 3543; x_wconf 90' lang='lat' dir='ltr'>gra-</span> 
     </span>
     <span class='ocr_line' id='line_1_47' title="bbox 138 3536 675 3599; baseline 0.024 -13"><span class='ocrx_word' id='word_1_227' title='bbox 138 3536 175 3587; x_wconf 87' lang='lat' dir='ltr'>tia</span> <span class='ocrx_word' id='word_1_228' title='bbox 204 3541 361 3595; x_wconf 86' lang='lat' dir='ltr'>honorasse.</span> <span class='ocrx_word' id='word_1_229' title='bbox 383 3545 498 3596; x_wconf 84' lang='lat' dir='ltr'>Putredo</span> <span class='ocrx_word' id='word_1_230' title='bbox 523 3557 549 3596; x_wconf 91' lang='lat' dir='ltr'>et</span> <span class='ocrx_word' id='word_1_231' title='bbox 573 3549 675 3599; x_wconf 83' lang='lat' dir='ltr'>vermis</span> 
     </span>
    </p>
   </div>
   <div class='ocr_carea' id='block_1_5' title="bbox 138 3609 1265 3761">
    <p class='ocr_par' dir='ltr' id='par_1_5' title="bbox 138 3609 1265 3761">
     <span class='ocr_line' id='line_1_48' title="bbox 141 3609 677 3682; baseline 0.021 -22"><span class='ocrx_word' id='word_1_232' title='bbox 141 3609 269 3662; x_wconf 81' lang='lat' dir='ltr'>humanae</span> <span class='ocrx_word' id='word_1_233' title='bbox 284 3625 326 3664; x_wconf 85' lang='lat' dir='ltr'>est</span> <span class='ocrx_word' id='word_1_234' title='bbox 339 3616 518 3682; x_wconf 89' lang='lat' dir='ltr'>opprobrium</span> <span class='ocrx_word' id='word_1_235' title='bbox 538 3620 677 3671; x_wconf 72' lang='lat' dir='ltr'>conditio-¹</span> 
     </span>
     <span class='ocr_line' id='line_1_49' title="bbox 138 3682 1265 3761; baseline 0.012 -30"><span class='ocrx_word' id='word_1_236' title='bbox 138 3682 192 3742; x_wconf 87' lang='lat' dir='ltr'>nis,</span> <span class='ocrx_word' id='word_1_237' title='bbox 207 3698 222 3732; x_wconf 87' lang='lat' dir='ltr'>a</span> <span class='ocrx_word' id='word_1_238' title='bbox 240 3699 295 3748; x_wconf 92' lang='lat' dir='ltr'>quo</span> <span class='ocrx_word' id='word_1_239' title='bbox 310 3689 458 3753; x_wconf 88' lang='lat' dir='ltr'>opprobrio</span> <span class='ocrx_word' id='word_1_240' title='bbox 472 3705 537 3740; x_wconf 53' lang='lat' dir='ltr'>cum¹</span> <span class='ocrx_word' id='word_1_241' title='bbox 549 3691 625 3743; x_wconf 84' lang='lat' dir='ltr'>lesus</span> <span class='ocrx_word' id='word_1_242' title='bbox 638 3693 674 3744; x_wconf 91' lang='lat' dir='ltr'>sit</span> <span class='ocrx_word' id='word_1_243' title='bbox 708 3687 916 3761; x_wconf 58' lang='lat' dir='ltr'>fllncorruptum</span> <span class='ocrx_word' id='word_1_244' title='bbox 927 3693 1024 3755; x_wconf 89' lang='lat' dir='ltr'>voluit,</span> <span class='ocrx_word' id='word_1_245' title='bbox 1035 3694 1094 3745; x_wconf 89' lang='lat' dir='ltr'>sola</span> <span class='ocrx_word' id='word_1_246' title='bbox 1108 3694 1265 3747; x_wconf 82' lang='lat' dir='ltr'>misericor·</span> 
     </span>
    </p>
   </div>
   <div class='ocr_carea' id='block_1_6' title="bbox 73 3753 672 3897">
    <p class='ocr_par' dir='ltr' id='par_1_6' title="bbox 73 3753 672 3897">
     <span class='ocr_line' id='line_1_50' title="bbox 73 3753 672 3815; baseline 0.018 -12"><span class='ocrx_word' id='word_1_247' title='bbox 73 3808 77 3815; x_wconf 58' lang='grc'><strong>,</strong></span> <span class='ocrx_word' id='word_1_248' title='bbox 138 3753 253 3814; x_wconf 87' lang='lat' dir='ltr'>alienus,</span> <span class='ocrx_word' id='word_1_249' title='bbox 274 3767 371 3808; x_wconf 86' lang='lat' dir='ltr'>natura</span> <span class='ocrx_word' id='word_1_250' title='bbox 394 3771 492 3812; x_wconf 87' lang='lat' dir='ltr'>sanctae</span> <span class='ocrx_word' id='word_1_251' title='bbox 508 3763 600 3814; x_wconf 86' lang='lat' dir='ltr'>Mariae</span> <span class='ocrx_word' id='word_1_252' title='bbox 617 3763 672 3814; x_wconf 91' lang='lat' dir='ltr'>vir-</span> 
     </span>
     <span class='ocr_line' id='line_1_51' title="bbox 137 3825 672 3897; baseline 0.022 -20"><span class='ocrx_word' id='word_1_253' title='bbox 137 3825 211 3891; x_wconf 84' lang='lat' dir='ltr'>ginis</span> <span class='ocrx_word' id='word_1_254' title='bbox 225 3825 368 3892; x_wconf 80' lang='lat' dir='ltr'>excipitur,</span> <span class='ocrx_word' id='word_1_255' title='bbox 388 3846 473 3897; x_wconf 88' lang='lat' dir='ltr'>quam</span> <span class='ocrx_word' id='word_1_256' title='bbox 489 3833 568 3886; x_wconf 77' lang='lat' dir='ltr'>lesus</span> <span class='ocrx_word' id='word_1_257' title='bbox 591 3835 625 3886; x_wconf 86' lang='lat' dir='ltr'>de</span> <span class='ocrx_word' id='word_1_258' title='bbox 641 3851 672 3889; x_wconf 84' lang='lat' dir='ltr'>ea</span> 
     </span>
    </p>
   </div>
   <div class='ocr_carea' id='block_1_7' title="bbox 381 218 992 273">
    <p class='ocr_par' dir='ltr' id='par_1_7' title="bbox 381 218 992 273">
     <span class='ocr_line' id='line_1_52' title="bbox 381 218 992 273; baseline 0.002 -2"><span class='ocrx_word' id='word_1_259' title='bbox 381 220 557 272; x_wconf 82' lang='lat' dir='ltr'>SECUNDAE</span> <span class='ocrx_word' id='word_1_260' title='bbox 578 218 703 270; x_wconf 74' lang='lat' dir='ltr'>PARTlS</span> <span class='ocrx_word' id='word_1_261' title='bbox 719 219 835 272; x_wconf 80' lang='lat' dir='ltr'><strong>CAPUT</strong></span> <span class='ocrx_word' id='word_1_262' title='bbox 852 221 992 273; x_wconf 80' lang='lat' dir='ltr'>LXXXVI.</span> 
     </span>
    </p>
   </div>
   <div class='ocr_carea' id='block_1_8' title="bbox 722 338 1290 3540">
    <p class='ocr_par' dir='ltr' id='par_1_8' title="bbox 722 338 1290 3540">
     <span class='ocr_line' id='line_1_53' title="bbox 726 338 1264 406; baseline 0.011 -20"><span class='ocrx_word' id='word_1_263' title='bbox 726 338 1032 406; x_wconf 84' lang='lat' dir='ltr'>sumpsisse-probatur;</span> <span class='ocrx_word' id='word_1_264' title='bbox 1045 353 1110 388; x_wconf 84' lang='lat' dir='ltr'>caro</span> <span class='ocrx_word' id='word_1_265' title='bbox 1123 338 1197 390; x_wconf 79' lang='lat' dir='ltr'>enim</span> <span class='ocrx_word' id='word_1_266' title='bbox 1205 341 1264 392; x_wconf 80' lang='lat' dir='ltr'>..le-</span> 
     </span>
     <span class='ocr_line' id='line_1_54' title="bbox 724 408 1262 478; baseline 0.015 -22"><span class='ocrx_word' id='word_1_267' title='bbox 724 423 756 458; x_wconf 92' lang='lat' dir='ltr'>su</span> <span class='ocrx_word' id='word_1_268' title='bbox 774 408 888 474; x_wconf 85' lang='lat' dir='ltr'>Christi,</span> <span class='ocrx_word' id='word_1_269' title='bbox 903 424 963 460; x_wconf 78' lang='lat' dir='ltr'>earo</span> <span class='ocrx_word' id='word_1_270' title='bbox 979 419 1020 460; x_wconf 88' lang='lat' dir='ltr'>est</span> <span class='ocrx_word' id='word_1_271' title='bbox 1027 419 1128 460; x_wconf 87' lang='lat' dir='ltr'>sanctae</span> <span class='ocrx_word' id='word_1_272' title='bbox 1140 409 1262 478; x_wconf 83' lang='lat' dir='ltr'>virginis</span> 
     </span>
     <span class='ocr_line' id='line_1_55' title="bbox 723 479 1264 546; baseline 0.013 -18"><span class='ocrx_word' id='word_1_273' title='bbox 723 479 825 540; x_wconf 85' lang='lat' dir='ltr'>Marire,</span> <span class='ocrx_word' id='word_1_274' title='bbox 833 495 917 546; x_wconf 87' lang='lat' dir='ltr'>quam</span> <span class='ocrx_word' id='word_1_275' title='bbox 930 495 1010 545; x_wconf 81' lang='lat' dir='ltr'>supra</span> <span class='ocrx_word' id='word_1_276' title='bbox 1019 489 1092 531; x_wconf 90' lang='lat' dir='ltr'>astra</span> <span class='ocrx_word' id='word_1_277' title='bbox 1098 482 1264 543; x_wconf 79' lang='lat' dir='ltr'>transvexit,</span> 
     </span>
     <span class='ocr_line' id='line_1_56' title="bbox 723 550 1262 605; baseline 0.013 -6"><span class='ocrx_word' id='word_1_278' title='bbox 723 550 861 603; x_wconf 83' lang='lat' dir='ltr'>honorans</span> <span class='ocrx_word' id='word_1_279' title='bbox 881 567 992 602; x_wconf 78' lang='lat' dir='ltr'>omnem</span> <span class='ocrx_word' id='word_1_280' title='bbox 1009 550 1161 603; x_wconf 74' lang='lat' dir='ltr'>humanm</span> <span class='ocrx_word' id='word_1_281' title='bbox 1175 563 1262 605; x_wconf 82' lang='lat' dir='ltr'>nam·</span> 
     </span>
     <span class='ocr_line' id='line_1_57' title="bbox 723 623 1264 690; baseline 0.011 -19"><span class='ocrx_word' id='word_1_282' title='bbox 723 637 791 682; x_wconf 86' lang='lat' dir='ltr'>ram,</span> <span class='ocrx_word' id='word_1_283' title='bbox 816 633 843 674; x_wconf 91' lang='lat' dir='ltr'>et</span> <span class='ocrx_word' id='word_1_284' title='bbox 869 624 956 675; x_wconf 83' lang='lat' dir='ltr'>multo</span> <span class='ocrx_word' id='word_1_285' title='bbox 984 623 1071 690; x_wconf 87' lang='lat' dir='ltr'>magis</span> <span class='ocrx_word' id='word_1_286' title='bbox 1095 633 1264 684; x_wconf 78' lang='lat' dir='ltr'>maternam,</span> 
     </span>
     <span class='ocr_line' id='line_1_58' title="bbox 723 693 1262 760; baseline 0.007 -17"><span class='ocrx_word' id='word_1_287' title='bbox 723 693 750 743; x_wconf 89' lang='lat' dir='ltr'>Si</span> <span class='ocrx_word' id='word_1_288' title='bbox 769 694 852 760; x_wconf 90' lang='lat' dir='ltr'>igitur</span> <span class='ocrx_word' id='word_1_289' title='bbox 867 705 966 746; x_wconf 84' lang='lat' dir='ltr'>natura</span> <span class='ocrx_word' id='word_1_290' title='bbox 986 696 1080 746; x_wconf 82' lang='lat' dir='ltr'>Matris</span> <span class='ocrx_word' id='word_1_291' title='bbox 1104 704 1146 747; x_wconf 88' lang='lat' dir='ltr'>est</span> <span class='ocrx_word' id='word_1_292' title='bbox 1159 696 1262 758; x_wconf 89' lang='lat' dir='ltr'>Filius,</span> 
     </span>
     <span class='ocr_line' id='line_1_59' title="bbox 723 766 1262 831; baseline 0.011 -17"><span class='ocrx_word' id='word_1_293' title='bbox 723 778 894 831; x_wconf 84' lang='lat' dir='ltr'>consequens</span> <span class='ocrx_word' id='word_1_294' title='bbox 910 776 960 826; x_wconf 86' lang='lat' dir='ltr'>est,</span> <span class='ocrx_word' id='word_1_295' title='bbox 974 776 1005 817; x_wconf 88' lang='lat' dir='ltr'>ut</span> <span class='ocrx_word' id='word_1_296' title='bbox 1018 766 1055 818; x_wconf 87' lang='lat' dir='ltr'>sit</span> <span class='ocrx_word' id='word_1_297' title='bbox 1075 775 1102 817; x_wconf 88' lang='lat' dir='ltr'>et</span> <span class='ocrx_word' id='word_1_298' title='bbox 1117 766 1183 818; x_wconf 90' lang='lat' dir='ltr'>Filii</span> <span class='ocrx_word' id='word_1_299' title='bbox 1197 767 1262 819; x_wconf 86' lang='lat' dir='ltr'>lda-</span> 
     </span>
     <span class='ocr_line' id='line_1_60' title="bbox 723 838 1274 904; baseline 0.013 -20"><span class='ocrx_word' id='word_1_300' title='bbox 723 845 762 886; x_wconf 90' lang='lat' dir='ltr'>ter</span> <span class='ocrx_word' id='word_1_301' title='bbox 784 853 791 886; x_wconf 91' lang='lat'>:</span> <span class='ocrx_word' id='word_1_302' title='bbox 822 853 878 887; x_wconf 89' lang='lat' dir='ltr'>non</span> <span class='ocrx_word' id='word_1_303' title='bbox 903 847 1035 904; x_wconf 84' lang='lat' dir='ltr'>quantum</span> <span class='ocrx_word' id='word_1_304' title='bbox 1064 838 1099 889; x_wconf 80' lang='lat' dir='ltr'>ad</span> <span class='ocrx_word' id='word_1_305' title='bbox 1127 839 1274 900; x_wconf 78' lang='lat' dir='ltr'>unitatem</span> 
     </span>
     <span class='ocr_line' id='line_1_61' title="bbox 724 910 1262 975; baseline 0.011 -18"><span class='ocrx_word' id='word_1_306' title='bbox 724 922 854 972; x_wconf 84' lang='lat' dir='ltr'>personae,</span> <span class='ocrx_word' id='word_1_307' title='bbox 868 910 1064 975; x_wconf 49' lang='lat' dir='ltr'>sed‘quantum</span> <span class='ocrx_word' id='word_1_308' title='bbox 1076 910 1110 959; x_wconf 85' lang='lat' dir='ltr'>ad</span> <span class='ocrx_word' id='word_1_309' title='bbox 1122 910 1262 964; x_wconf 73' lang='lat' dir='ltr'>unitatem</span> 
     </span>
     <span class='ocr_line' id='line_1_62' title="bbox 722 978 1262 1047; baseline 0.007 -21"><span class='ocrx_word' id='word_1_310' title='bbox 722 978 869 1043; x_wconf 88' lang='lat' dir='ltr'>corporalis</span> <span class='ocrx_word' id='word_1_311' title='bbox 890 989 1005 1030; x_wconf 75' lang='lat' dir='ltr'>naturae.</span> <span class='ocrx_word' id='word_1_312' title='bbox 1016 980 1161 1040; x_wconf 81' lang='lat' dir='ltr'>Quantum</span> <span class='ocrx_word' id='word_1_313' title='bbox 1176 980 1262 1047; x_wconf 81' lang='lat' dir='ltr'>igitur</span> 
     </span>
     <span class='ocr_line' id='line_1_63' title="bbox 722 1048 1263 1118; baseline 0.013 -20"><span class='ocrx_word' id='word_1_314' title='bbox 722 1048 855 1116; x_wconf 88' lang='lat' dir='ltr'>intelligo,</span> <span class='ocrx_word' id='word_1_315' title='bbox 864 1060 1050 1118; x_wconf 81' lang='lat' dir='ltr'>quantumque</span> <span class='ocrx_word' id='word_1_316' title='bbox 1057 1051 1147 1114; x_wconf 69' lang='lat' dir='ltr'>medo,</span> <span class='ocrx_word' id='word_1_317' title='bbox 1162 1061 1263 1104; x_wconf 81' lang='lat' dir='ltr'>sanctae</span> 
     </span>
     <span class='ocr_line' id='line_1_64' title="bbox 724 1119 1261 1188; baseline 0.006 -18"><span class='ocrx_word' id='word_1_318' title='bbox 724 1119 815 1172; x_wconf 77' lang='lat' dir='ltr'>Mariae</span> <span class='ocrx_word' id='word_1_319' title='bbox 833 1120 925 1172; x_wconf 87' lang='lat' dir='ltr'>anima</span> <span class='ocrx_word' id='word_1_320' title='bbox 943 1120 1125 1173; x_wconf 77' lang='lat' dir='ltr'>excellentiori</span> <span class='ocrx_word' id='word_1_321' title='bbox 1140 1123 1261 1188; x_wconf 86' lang='lat' dir='ltr'>quadam</span> 
     </span>
     <span class='ocr_line' id='line_1_65' title="bbox 724 1189 1261 1258; baseline 0.011 -20"><span class='ocrx_word' id='word_1_322' title='bbox 724 1189 899 1257; x_wconf 83' lang='lat' dir='ltr'>praerogativa</span> <span class='ocrx_word' id='word_1_323' title='bbox 910 1206 925 1240; x_wconf 88' lang='lat' dir='ltr'>a</span> <span class='ocrx_word' id='word_1_324' title='bbox 935 1191 1005 1240; x_wconf 88' lang='lat' dir='ltr'>Filio</span> <span class='ocrx_word' id='word_1_325' title='bbox 1016 1191 1168 1242; x_wconf 86' lang='lat' dir='ltr'>honoratur</span> <span class='ocrx_word' id='word_1_326' title='bbox 1181 1208 1187 1242; x_wconf 93' lang='lat'>:</span> <span class='ocrx_word' id='word_1_327' title='bbox 1200 1208 1261 1258; x_wconf 78' lang='lat' dir='ltr'>pos</span> 
     </span>
     <span class='ocr_line' id='line_1_66' title="bbox 724 1261 1260 1328; baseline 0.011 -17"><span class='ocrx_word' id='word_1_328' title='bbox 724 1261 816 1314; x_wconf 88' lang='lat' dir='ltr'>sidens</span> <span class='ocrx_word' id='word_1_329' title='bbox 854 1262 883 1313; x_wconf 95' lang='lat' dir='ltr'>in</span> <span class='ocrx_word' id='word_1_330' title='bbox 910 1262 1021 1314; x_wconf 87' lang='lat' dir='ltr'>Christo</span> <span class='ocrx_word' id='word_1_331' title='bbox 1049 1278 1148 1328; x_wconf 89' lang='lat' dir='ltr'>corpus</span> <span class='ocrx_word' id='word_1_332' title='bbox 1176 1279 1260 1317; x_wconf 87' lang='lat' dir='ltr'>suum</span> 
     </span>
     <span class='ocr_line' id='line_1_67' title="bbox 724 1333 1260 1398; baseline 0.011 -17"><span class='ocrx_word' id='word_1_333' title='bbox 724 1334 797 1398; x_wconf 93' lang='lat' dir='ltr'>quod</span> <span class='ocrx_word' id='word_1_334' title='bbox 813 1333 907 1398; x_wconf 91' lang='lat' dir='ltr'>genuit</span> <span class='ocrx_word' id='word_1_335' title='bbox 919 1333 1110 1398; x_wconf 87' lang='lat' dir='ltr'>glorificatum,</span> <span class='ocrx_word' id='word_1_336' title='bbox 1126 1343 1154 1385; x_wconf 87' lang='lat' dir='ltr'>et</span> <span class='ocrx_word' id='word_1_337' title='bbox 1165 1335 1191 1385; x_wconf 87' lang='lat' dir='ltr'>si</span> <span class='ocrx_word' id='word_1_338' title='bbox 1202 1351 1260 1388; x_wconf 86' lang='lat' dir='ltr'>non</span> 
     </span>
     <span class='ocr_line' id='line_1_68' title="bbox 724 1406 1273 1478; baseline 0.011 -25"><span class='ocrx_word' id='word_1_339' title='bbox 724 1420 804 1455; x_wconf 86' lang='lat' dir='ltr'>suum</span> <span class='ocrx_word' id='word_1_340' title='bbox 814 1420 861 1472; x_wconf 91' lang='lat' dir='ltr'>per</span> <span class='ocrx_word' id='word_1_341' title='bbox 875 1407 948 1472; x_wconf 91' lang='lat' dir='ltr'>quod</span> <span class='ocrx_word' id='word_1_342' title='bbox 958 1406 1062 1472; x_wconf 85' lang='lat' dir='ltr'>genuit,</span> <span class='ocrx_word' id='word_1_343' title='bbox 1076 1416 1169 1458; x_wconf 88' lang='lat' dir='ltr'>tamen</span> <span class='ocrx_word' id='word_1_344' title='bbox 1179 1423 1273 1478; x_wconf 25' lang='lat' dir='ltr'>suum,</span> 
     </span>
     <span class='ocr_line' id='line_1_69' title="bbox 725 1477 1261 1545; baseline 0.011 -20"><span class='ocrx_word' id='word_1_345' title='bbox 725 1477 798 1542; x_wconf 93' lang='lat' dir='ltr'>quod</span> <span class='ocrx_word' id='word_1_346' title='bbox 822 1477 925 1545; x_wconf 86' lang='lat' dir='ltr'>genuit.</span> <span class='ocrx_word' id='word_1_347' title='bbox 946 1478 980 1528; x_wconf 86' lang='lat' dir='ltr'>Et</span> <span class='ocrx_word' id='word_1_348' title='bbox 995 1493 1079 1544; x_wconf 89' lang='lat' dir='ltr'>quare</span> <span class='ocrx_word' id='word_1_349' title='bbox 1098 1493 1156 1530; x_wconf 87' lang='lat' dir='ltr'>non</span> <span class='ocrx_word' id='word_1_350' title='bbox 1178 1495 1261 1531; x_wconf 82' lang='lat' dir='ltr'>suum</span> 
     </span>
     <span class='ocr_line' id='line_1_70' title="bbox 726 1546 1263 1614; baseline 0.009 -18"><span class='ocrx_word' id='word_1_351' title='bbox 726 1561 773 1611; x_wconf 89' lang='lat' dir='ltr'>per</span> <span class='ocrx_word' id='word_1_352' title='bbox 787 1547 861 1614; x_wconf 89' lang='lat' dir='ltr'>quod</span> <span class='ocrx_word' id='word_1_353' title='bbox 873 1546 987 1613; x_wconf 83' lang='lat' dir='ltr'>genuit?</span> <span class='ocrx_word' id='word_1_354' title='bbox 1000 1547 1028 1599; x_wconf 89' lang='lat' dir='ltr'>Si</span> <span class='ocrx_word' id='word_1_355' title='bbox 1044 1563 1100 1599; x_wconf 88' lang='lat' dir='ltr'>non</span> <span class='ocrx_word' id='word_1_356' title='bbox 1111 1548 1263 1601; x_wconf 81' lang='lat' dir='ltr'>obviaverit</span> 
     </span>
     <span class='ocr_line' id='line_1_71' title="bbox 725 1617 1290 1687; baseline 0.014 -21"><span class='ocrx_word' id='word_1_357' title='bbox 725 1617 839 1668; x_wconf 89' lang='lat' dir='ltr'>necdum</span> <span class='ocrx_word' id='word_1_358' title='bbox 860 1629 995 1685; x_wconf 85' lang='lat' dir='ltr'>perspecta</span> <span class='ocrx_word' id='word_1_359' title='bbox 1015 1619 1181 1687; x_wconf 76' lang='lat' dir='ltr'>auctoritas3</span> <span class='ocrx_word' id='word_1_360' title='bbox 1199 1637 1261 1673; x_wconf 86' lang='lat' dir='ltr'>vere</span> <span class='ocrx_word' id='word_1_361' title='bbox 1288 1670 1290 1680; x_wconf 72' lang='grc'>,</span> 
     </span>
     <span class='ocr_line' id='line_1_72' title="bbox 725 1691 1262 1763; baseline 0.011 -23"><span class='ocrx_word' id='word_1_362' title='bbox 725 1691 814 1755; x_wconf 87' lang='lat' dir='ltr'>credo,</span> <span class='ocrx_word' id='word_1_363' title='bbox 842 1701 868 1741; x_wconf 91' lang='lat' dir='ltr'>et</span> <span class='ocrx_word' id='word_1_364' title='bbox 894 1707 942 1757; x_wconf 92' lang='lat' dir='ltr'>per</span> <span class='ocrx_word' id='word_1_365' title='bbox 966 1692 1039 1758; x_wconf 87' lang='lat' dir='ltr'>quod</span> <span class='ocrx_word' id='word_1_366' title='bbox 1056 1692 1152 1758; x_wconf 89' lang='lat' dir='ltr'>genuit</span> <span class='ocrx_word' id='word_1_367' title='bbox 1169 1711 1175 1744; x_wconf 82' lang='lat'><em>2</em></span> <span class='ocrx_word' id='word_1_368' title='bbox 1195 1693 1262 1763; x_wconf 83' lang='lat' dir='ltr'>quia</span> 
     </span>
     <span class='ocr_line' id='line_1_73' title="bbox 725 1761 1263 1830; baseline 0.009 -20"><span class='ocrx_word' id='word_1_369' title='bbox 725 1771 799 1812; x_wconf 88' lang='lat' dir='ltr'>tanta</span> <span class='ocrx_word' id='word_1_370' title='bbox 819 1761 992 1814; x_wconf 87' lang='lat' dir='ltr'>sanctificatio</span> <span class='ocrx_word' id='word_1_371' title='bbox 1016 1762 1124 1830; x_wconf 87' lang='lat' dir='ltr'>dignior</span> <span class='ocrx_word' id='word_1_372' title='bbox 1140 1774 1181 1817; x_wconf 84' lang='lat' dir='ltr'>est</span> <span class='ocrx_word' id='word_1_373' title='bbox 1195 1765 1263 1817; x_wconf 82' lang='lat' dir='ltr'>coelo</span> 
     </span>
     <span class='ocr_line' id='line_1_74' title="bbox 726 1837 1261 1901; baseline 0.009 -17"><span class='ocrx_word' id='word_1_374' title='bbox 726 1850 809 1900; x_wconf 88' lang='lat' dir='ltr'>quam</span> <span class='ocrx_word' id='word_1_375' title='bbox 822 1845 901 1896; x_wconf 90' lang='lat' dir='ltr'>terra,</span> <span class='ocrx_word' id='word_1_376' title='bbox 918 1845 943 1885; x_wconf 93' lang='lat' dir='ltr'>et</span> <span class='ocrx_word' id='word_1_377' title='bbox 960 1845 1014 1885; x_wconf 91' lang='lat' dir='ltr'>tarn</span> <span class='ocrx_word' id='word_1_378' title='bbox 1029 1837 1181 1901; x_wconf 87' lang='lat' dir='ltr'>pretiosum</span> <span class='ocrx_word' id='word_1_379' title='bbox 1199 1839 1261 1889; x_wconf 87' lang='lat' dir='ltr'>the·</span> 
     </span>
     <span class='ocr_line' id='line_1_75' title="bbox 726 1906 1262 1973; baseline 0.007 -18"><span class='ocrx_word' id='word_1_380' title='bbox 726 1921 839 1957; x_wconf 87' lang='lat' dir='ltr'>saurum</span> <span class='ocrx_word' id='word_1_381' title='bbox 853 1906 964 1973; x_wconf 88' lang='lat' dir='ltr'>dignius</span> <span class='ocrx_word' id='word_1_382' title='bbox 976 1918 1016 1957; x_wconf 90' lang='lat' dir='ltr'>est</span> <span class='ocrx_word' id='word_1_383' title='bbox 1028 1907 1127 1957; x_wconf 89' lang='lat' dir='ltr'>coelum</span> <span class='ocrx_word' id='word_1_384' title='bbox 1143 1924 1262 1967; x_wconf 82' lang='lat' dir='ltr'>servare,</span> 
     </span>
     <span class='ocr_line' id='line_1_76' title="bbox 726 1977 1262 2047; baseline 0.009 -21"><span class='ocrx_word' id='word_1_385' title='bbox 726 1992 809 2044; x_wconf 88' lang='lat' dir='ltr'>quam</span> <span class='ocrx_word' id='word_1_386' title='bbox 833 1988 911 2029; x_wconf 85' lang='lat' dir='ltr'>terra.</span> <span class='ocrx_word' id='word_1_387' title='bbox 940 1978 1054 2028; x_wconf 81' lang='lat' dir='ltr'>Tantam</span> <span class='ocrx_word' id='word_1_388' title='bbox 1076 1977 1262 2047; x_wconf 83' lang='lat' dir='ltr'>integritatem</span> 
     </span>
     <span class='ocr_line' id='line_1_77' title="bbox 726 2048 1262 2118; baseline 0.011 -21"><span class='ocrx_word' id='word_1_389' title='bbox 726 2049 823 2099; x_wconf 89' lang='lat' dir='ltr'>merito</span> <span class='ocrx_word' id='word_1_390' title='bbox 847 2048 1097 2114; x_wconf 77' lang='lat' dir='ltr'>incorruptibilitas,</span> <span class='ocrx_word' id='word_1_391' title='bbox 1125 2067 1184 2103; x_wconf 82' lang='lat' dir='ltr'>noa</span> <span class='ocrx_word' id='word_1_392' title='bbox 1208 2069 1262 2118; x_wconf 82' lang='lat' dir='ltr'>pu·</span> 
     </span>
     <span class='ocr_line' id='line_1_78' title="bbox 726 2119 1262 2189; baseline 0.011 -21"><span class='ocrx_word' id='word_1_393' title='bbox 726 2119 838 2170; x_wconf 91' lang='lat' dir='ltr'>tredinis</span> <span class='ocrx_word' id='word_1_394' title='bbox 866 2121 921 2170; x_wconf 90' lang='lat' dir='ltr'>ulla</span> <span class='ocrx_word' id='word_1_395' title='bbox 957 2120 1087 2171; x_wconf 90' lang='lat' dir='ltr'>resolutio</span> <span class='ocrx_word' id='word_1_396' title='bbox 1127 2123 1262 2189; x_wconf 84' lang='lat' dir='ltr'>sequitur.</span> 
     </span>
     <span class='ocr_line' id='line_1_79' title="bbox 726 2190 1263 2258; baseline 0.011 -18"><span class='ocrx_word' id='word_1_397' title='bbox 726 2190 795 2241; x_wconf 93' lang='lat' dir='ltr'>lllud</span> <span class='ocrx_word' id='word_1_398' title='bbox 805 2190 1018 2242; x_wconf 88' lang='lat' dir='ltr'>sacratissimum</span> <span class='ocrx_word' id='word_1_399' title='bbox 1028 2207 1126 2258; x_wconf 82' lang='lat' dir='ltr'>corpus</span> <span class='ocrx_word' id='word_1_400' title='bbox 1135 2192 1164 2244; x_wconf 84' lang='lat' dir='ltr'>in</span> <span class='ocrx_word' id='word_1_401' title='bbox 1174 2209 1263 2246; x_wconf 78' lang='lat' dir='ltr'>escam</span> 
     </span>
     <span class='ocr_line' id='line_1_80' title="bbox 725 2261 1262 2328; baseline 0.009 -17"><span class='ocrx_word' id='word_1_402' title='bbox 725 2262 864 2313; x_wconf 87' lang='lat' dir='ltr'>vermibus</span> <span class='ocrx_word' id='word_1_403' title='bbox 888 2262 1034 2322; x_wconf 83' lang='lat' dir='ltr'>traditum,</span> <span class='ocrx_word' id='word_1_404' title='bbox 1063 2261 1130 2328; x_wconf 90' lang='lat' dir='ltr'>quia</span> <span class='ocrx_word' id='word_1_405' title='bbox 1162 2265 1262 2316; x_wconf 79' lang='lat' dir='ltr'>sentire</span> 
     </span>
     <span class='ocr_line' id='line_1_81' title="bbox 727 2333 1263 2403; baseline 0.009 -21"><span class='ocrx_word' id='word_1_406' title='bbox 727 2349 782 2382; x_wconf 92' lang='lat' dir='ltr'>non</span> <span class='ocrx_word' id='word_1_407' title='bbox 792 2334 877 2392; x_wconf 92' lang='lat' dir='ltr'>valeo,</span> <span class='ocrx_word' id='word_1_408' title='bbox 888 2333 977 2384; x_wconf 86' lang='lat' dir='ltr'>dicere</span> <span class='ocrx_word' id='word_1_409' title='bbox 989 2333 1152 2399; x_wconf 81' lang='lat' dir='ltr'>pertimesco</span> <span class='ocrx_word' id='word_1_410' title='bbox 1160 2351 1170 2398; x_wconf 89' lang='lat'>;</span> <span class='ocrx_word' id='word_1_411' title='bbox 1179 2351 1263 2403; x_wconf 84' lang='lat' dir='ltr'>quam</span> 
     </span>
     <span class='ocr_line' id='line_1_82' title="bbox 726 2403 1262 2472; baseline 0.009 -18"><span class='ocrx_word' id='word_1_412' title='bbox 726 2403 933 2454; x_wconf 83' lang='lat' dir='ltr'>aestimationem</span> <span class='ocrx_word' id='word_1_413' title='bbox 952 2404 1047 2470; x_wconf 86' lang='lat' dir='ltr'>procul</span> <span class='ocrx_word' id='word_1_414' title='bbox 1067 2407 1202 2472; x_wconf 85' lang='lat' dir='ltr'>propellit</span> <span class='ocrx_word' id='word_1_415' title='bbox 1218 2407 1262 2459; x_wconf 78' lang='lat' dir='ltr'>ia-</span> 
     </span>
     <span class='ocr_line' id='line_1_83' title="bbox 726 2475 1263 2542; baseline 0.009 -17"><span class='ocrx_word' id='word_1_416' title='bbox 726 2475 916 2542; x_wconf 88' lang='lat' dir='ltr'>comparabilis</span> <span class='ocrx_word' id='word_1_417' title='bbox 939 2475 1032 2541; x_wconf 75' lang='lat' dir='ltr'>gratia</span> <span class='ocrx_word' id='word_1_418' title='bbox 1052 2491 1166 2529; x_wconf 89' lang='lat' dir='ltr'>munus.</span> <span class='ocrx_word' id='word_1_419' title='bbox 1183 2478 1263 2541; x_wconf 89' lang='lat' dir='ltr'>Quod</span> 
     </span>
     <span class='ocr_line' id='line_1_84' title="bbox 726 2547 1264 2613; baseline 0.004 -16"><span class='ocrx_word' id='word_1_420' title='bbox 726 2562 770 2597; x_wconf 90' lang='lat' dir='ltr'>me</span> <span class='ocrx_word' id='word_1_421' title='bbox 783 2547 873 2597; x_wconf 90' lang='lat' dir='ltr'>dicere</span> <span class='ocrx_word' id='word_1_422' title='bbox 895 2548 1043 2598; x_wconf 88' lang='lat' dir='ltr'>multarum</span> <span class='ocrx_word' id='word_1_423' title='bbox 1059 2547 1264 2613; x_wconf 81' lang='lat' dir='ltr'>Scripturarum</span> 
     </span>
     <span class='ocr_line' id='line_1_85' title="bbox 726 2617 1265 2671; baseline 0.006 -3"><span class='ocrx_word' id='word_1_424' title='bbox 726 2618 905 2669; x_wconf 82' lang='lat' dir='ltr'>consideratio</span> <span class='ocrx_word' id='word_1_425' title='bbox 933 2617 1039 2668; x_wconf 81' lang='lat' dir='ltr'>invitat</span> <span class='ocrx_word' id='word_1_426' title='bbox 1067 2618 1265 2671; x_wconf 85' lang='lat' dir='ltr'>Confitendum</span> 
     </span>
     <span class='ocr_line' id='line_1_86' title="bbox 727 2689 1264 2755; baseline 0.007 -17"><span class='ocrx_word' id='word_1_427' title='bbox 727 2689 811 2755; x_wconf 92' lang='lat' dir='ltr'>igitur</span> <span class='ocrx_word' id='word_1_428' title='bbox 825 2705 930 2749; x_wconf 91' lang='lat' dir='ltr'>censeo,</span> <span class='ocrx_word' id='word_1_429' title='bbox 946 2689 1059 2740; x_wconf 88' lang='lat' dir='ltr'>Mariam</span> <span class='ocrx_word' id='word_1_430' title='bbox 1074 2689 1109 2738; x_wconf 89' lang='lat' dir='ltr'>ad</span> <span class='ocrx_word' id='word_1_431' title='bbox 1125 2691 1264 2742; x_wconf 76' lang='lat' dir='ltr'>aeternita-</span> 
     </span>
     <span class='ocr_line' id='line_1_87' title="bbox 726 2759 1265 2829; baseline 0.009 -21"><span class='ocrx_word' id='word_1_432' title='bbox 726 2759 762 2808; x_wconf 91' lang='lat' dir='ltr'>tis</span> <span class='ocrx_word' id='word_1_433' title='bbox 780 2761 877 2825; x_wconf 87' lang='lat' dir='ltr'>gaudia</span> <span class='ocrx_word' id='word_1_434' title='bbox 897 2770 1075 2825; x_wconf 84' lang='lat' dir='ltr'>assumptam,</span> <span class='ocrx_word' id='word_1_435' title='bbox 1095 2759 1265 2829; x_wconf 83' lang='lat' dir='ltr'>benignitate</span> 
     </span>
     <span class='ocr_line' id='line_1_88' title="bbox 727 2828 1264 2899; baseline 0.011 -22"><span class='ocrx_word' id='word_1_436' title='bbox 727 2828 841 2888; x_wconf 87' lang='lat' dir='ltr'>Christi,</span> <span class='ocrx_word' id='word_1_437' title='bbox 853 2829 1096 2895; x_wconf 90' lang='lat' dir='ltr'>honorabiliusque</span> <span class='ocrx_word' id='word_1_438' title='bbox 1109 2842 1264 2899; x_wconf 80' lang='lat' dir='ltr'>susceptam</span> 
     </span>
     <span class='ocr_line' id='line_1_89' title="bbox 727 2897 1264 2969; baseline 0.013 -22"><span class='ocrx_word' id='word_1_439' title='bbox 727 2897 832 2960; x_wconf 90' lang='lat' dir='ltr'>ceteris,</span> <span class='ocrx_word' id='word_1_440' title='bbox 847 2915 929 2965; x_wconf 91' lang='lat' dir='ltr'>quam</span> <span class='ocrx_word' id='word_1_441' title='bbox 946 2900 1030 2966; x_wconf 89' lang='lat' dir='ltr'>gratia</span> <span class='ocrx_word' id='word_1_442' title='bbox 1045 2900 1193 2952; x_wconf 86' lang='lat' dir='ltr'>honoravit</span> <span class='ocrx_word' id='word_1_443' title='bbox 1211 2917 1264 2969; x_wconf 79' lang='lat' dir='ltr'>prae</span> 
     </span>
     <span class='ocr_line' id='line_1_90' title="bbox 727 2969 1264 3038; baseline 0.011 -20"><span class='ocrx_word' id='word_1_444' title='bbox 727 2969 840 3034; x_wconf 85' lang='lat' dir='ltr'>ceteris;</span> <span class='ocrx_word' id='word_1_445' title='bbox 863 2981 943 3038; x_wconf 88' lang='lat' dir='ltr'>atque</span> <span class='ocrx_word' id='word_1_446' title='bbox 964 2971 997 3021; x_wconf 95' lang='lat' dir='ltr'>ad</span> <span class='ocrx_word' id='word_1_447' title='bbox 1014 2986 1196 3024; x_wconf 86' lang='lat' dir='ltr'>communem</span> <span class='ocrx_word' id='word_1_448' title='bbox 1212 2974 1264 3024; x_wconf 91' lang='lat' dir='ltr'>hu·</span> 
     </span>
     <span class='ocr_line' id='line_1_91' title="bbox 728 3042 1267 3114; baseline 0.009 -24"><span class='ocrx_word' id='word_1_449' title='bbox 728 3042 872 3093; x_wconf 84' lang='lat' dir='ltr'>militatem</span> <span class='ocrx_word' id='word_1_450' title='bbox 887 3059 943 3094; x_wconf 86' lang='lat' dir='ltr'>non</span> <span class='ocrx_word' id='word_1_451' title='bbox 959 3059 1018 3094; x_wconf 89' lang='lat' dir='ltr'>esse</span> <span class='ocrx_word' id='word_1_452' title='bbox 1040 3043 1190 3097; x_wconf 82' lang='lat' dir='ltr'>adductam</span> <span class='ocrx_word' id='word_1_453' title='bbox 1201 3054 1267 3114; x_wconf 29' lang='lat' dir='ltr'>,post</span> 
     </span>
     <span class='ocr_line' id='line_1_92' title="bbox 728 3116 1265 3186; baseline 0.009 -21"><span class='ocrx_word' id='word_1_454' title='bbox 728 3126 860 3178; x_wconf 86' lang='lat' dir='ltr'>mortem,</span> <span class='ocrx_word' id='word_1_455' title='bbox 887 3116 1053 3186; x_wconf 84' lang='lat' dir='ltr'>putredinis,</span> <span class='ocrx_word' id='word_1_456' title='bbox 1083 3117 1215 3172; x_wconf 79' lang='lat' dir='ltr'>videlicet</span> <span class='ocrx_word' id='word_1_457' title='bbox 1240 3129 1265 3170; x_wconf 89' lang='lat' dir='ltr'>et</span> 
     </span>
     <span class='ocr_line' id='line_1_93' title="bbox 726 3187 1266 3254; baseline 0.006 -18"><span class='ocrx_word' id='word_1_458' title='bbox 726 3188 827 3237; x_wconf 89' lang='lat' dir='ltr'>vermis</span> <span class='ocrx_word' id='word_1_459' title='bbox 847 3200 874 3238; x_wconf 90' lang='lat' dir='ltr'>et</span> <span class='ocrx_word' id='word_1_460' title='bbox 899 3187 1029 3254; x_wconf 87' lang='lat' dir='ltr'>pulveris,</span> <span class='ocrx_word' id='word_1_461' title='bbox 1054 3203 1116 3254; x_wconf 86' lang='lat' dir='ltr'>quae</span> <span class='ocrx_word' id='word_1_462' title='bbox 1142 3203 1228 3243; x_wconf 88' lang='lat' dir='ltr'>suum</span> <span class='ocrx_word' id='word_1_463' title='bbox 1241 3199 1266 3240; x_wconf 87' lang='lat' dir='ltr'>et</span> 
     </span>
     <span class='ocr_line' id='line_1_94' title="bbox 727 3261 1264 3327; baseline 0.009 -17"><span class='ocrx_word' id='word_1_464' title='bbox 727 3261 854 3311; x_wconf 89' lang='lat' dir='ltr'>omniurn</span> <span class='ocrx_word' id='word_1_465' title='bbox 866 3261 960 3327; x_wconf 86' lang='lat' dir='ltr'>genuit</span> <span class='ocrx_word' id='word_1_466' title='bbox 973 3263 1150 3314; x_wconf 81' lang='lat' dir='ltr'>salvatorem.</span> <span class='ocrx_word' id='word_1_467' title='bbox 1166 3263 1199 3315; x_wconf 88' lang='lat' dir='ltr'>Si</span> <span class='ocrx_word' id='word_1_468' title='bbox 1212 3264 1264 3314; x_wconf 84' lang='lat' dir='ltr'>ele·</span> 
     </span>
     <span class='ocr_line' id='line_1_95' title="bbox 728 3331 1263 3400; baseline 0.011 -19"><span class='ocrx_word' id='word_1_469' title='bbox 728 3331 767 3397; x_wconf 89' lang='lat' dir='ltr'>git</span> <span class='ocrx_word' id='word_1_470' title='bbox 792 3332 882 3382; x_wconf 88' lang='lat' dir='ltr'>divina</span> <span class='ocrx_word' id='word_1_471' title='bbox 909 3334 1035 3384; x_wconf 87' lang='lat' dir='ltr'>voluntas</span> <span class='ocrx_word' id='word_1_472' title='bbox 1064 3332 1135 3384; x_wconf 89' lang='lat' dir='ltr'>inter</span> <span class='ocrx_word' id='word_1_473' title='bbox 1155 3333 1263 3400; x_wconf 84' lang='lat' dir='ltr'>ignium</span> 
     </span>
     <span class='ocr_line' id='line_1_96' title="bbox 727 3404 1264 3471; baseline 0.009 -19"><span class='ocrx_word' id='word_1_474' title='bbox 727 3404 850 3455; x_wconf 88' lang='lat' dir='ltr'>flammas</span> <span class='ocrx_word' id='word_1_475' title='bbox 864 3405 1011 3471; x_wconf 86' lang='lat' dir='ltr'>puerorum</span> <span class='ocrx_word' id='word_1_476' title='bbox 1027 3404 1196 3458; x_wconf 84' lang='lat' dir='ltr'>vestimenta</span> <span class='ocrx_word' id='word_1_477' title='bbox 1206 3421 1264 3459; x_wconf 87' lang='lat' dir='ltr'>ser-</span> 
     </span>
     <span class='ocr_line' id='line_1_97' title="bbox 728 3475 1264 3540; baseline 0.007 -14"><span class='ocrx_word' id='word_1_478' title='bbox 728 3491 792 3527; x_wconf 84' lang='lat' dir='ltr'>vare</span> <span class='ocrx_word' id='word_1_479' title='bbox 812 3475 914 3540; x_wconf 88' lang='lat' dir='ltr'>illaesa;</span> <span class='ocrx_word' id='word_1_480' title='bbox 936 3492 984 3528; x_wconf 85' lang='lat' dir='ltr'>cur</span> <span class='ocrx_word' id='word_1_481' title='bbox 1003 3476 1106 3527; x_wconf 90' lang='lat' dir='ltr'>abnuat</span> <span class='ocrx_word' id='word_1_482' title='bbox 1132 3477 1161 3528; x_wconf 88' lang='lat' dir='ltr'>in</span> <span class='ocrx_word' id='word_1_483' title='bbox 1180 3479 1264 3529; x_wconf 83' lang='lat' dir='ltr'>Matre</span> 
     </span>
    </p>
   </div>
   <div class='ocr_carea' id='block_1_9' title="bbox 729 3551 1264 3618">
    <p class='ocr_par' dir='ltr' id='par_1_9' title="bbox 729 3551 1264 3618">
     <span class='ocr_line' id='line_1_98' title="bbox 729 3551 1264 3618; baseline 0.007 -19"><span class='ocrx_word' id='word_1_484' title='bbox 729 3551 847 3617; x_wconf 83' lang='lat' dir='ltr'>propria,</span> <span class='ocrx_word' id='word_1_485' title='bbox 864 3552 937 3618; x_wconf 85' lang='lat' dir='ltr'>qnod</span> <span class='ocrx_word' id='word_1_486' title='bbox 961 3551 1042 3617; x_wconf 85' lang='lat' dir='ltr'>elegit</span> <span class='ocrx_word' id='word_1_487' title='bbox 1062 3551 1092 3602; x_wconf 88' lang='lat' dir='ltr'>in</span> <span class='ocrx_word' id='word_1_488' title='bbox 1106 3562 1185 3607; x_wconf 75' lang='lat' dir='ltr'>veste</span> <span class='ocrx_word' id='word_1_489' title='bbox 1198 3552 1264 3605; x_wconf 76' lang='lat' dir='ltr'>alie-</span> 
     </span>
    </p>
   </div>
   <div class='ocr_carea' id='block_1_10' title="bbox 719 3621 1263 3675">
    <p class='ocr_par' dir='ltr' id='par_1_10' title="bbox 719 3621 1263 3675">
     <span class='ocr_line' id='line_1_99' title="bbox 719 3621 1263 3675; baseline 0.013 -6"><span class='ocrx_word' id='word_1_490' title='bbox 719 3621 782 3671; x_wconf 83' lang='lat' dir='ltr'>na?</span> <span class='ocrx_word' id='word_1_491' title='bbox 805 3623 903 3674; x_wconf 81' lang='lat' dir='ltr'>Jonam</span> <span class='ocrx_word' id='word_1_492' title='bbox 926 3637 1034 3675; x_wconf 88' lang='lat' dir='ltr'>servare</span> <span class='ocrx_word' id='word_1_493' title='bbox 1053 3621 1081 3673; x_wconf 90' lang='lat' dir='ltr'>in</span> <span class='ocrx_word' id='word_1_494' title='bbox 1092 3631 1192 3675; x_wconf 81' lang='lat' dir='ltr'>ventre</span> <span class='ocrx_word' id='word_1_495' title='bbox 1211 3621 1263 3675; x_wconf 71' lang='lat' dir='ltr'>aeti</span> 
     </span>
    </p>
   </div>
   <div class='ocr_carea' id='block_1_11' title="bbox 727 3767 1266 3907">
    <p class='ocr_par' dir='ltr' id='par_1_11' title="bbox 727 3767 1266 3907">
     <span class='ocr_line' id='line_1_100' title="bbox 727 3767 1265 3833; baseline 0.006 -17"><span class='ocrx_word' id='word_1_496' title='bbox 727 3767 789 3831; x_wconf 90' lang='lat' dir='ltr'>dia;</span> <span class='ocrx_word' id='word_1_497' title='bbox 807 3769 921 3820; x_wconf 86' lang='lat' dir='ltr'>Mariam</span> <span class='ocrx_word' id='word_1_498' title='bbox 934 3768 1122 3833; x_wconf 84' lang='lat' dir='ltr'>incorruptam</span> <span class='ocrx_word' id='word_1_499' title='bbox 1130 3784 1193 3822; x_wconf 75' lang='lat' dir='ltr'>noar</span> <span class='ocrx_word' id='word_1_500' title='bbox 1208 3783 1265 3821; x_wconf 86' lang='lat' dir='ltr'>ser·</span> 
     </span>
     <span class='ocr_line' id='line_1_101' title="bbox 728 3826 1266 3907; baseline 0.006 -17"><span class='ocrx_word' id='word_1_501' title='bbox 728 3839 803 3892; x_wconf 88' lang='lat' dir='ltr'>vabit</span> <span class='ocrx_word' id='word_1_502' title='bbox 821 3839 927 3907; x_wconf 69' lang='lat' dir='ltr'>gratia?</span> <span class='ocrx_word' id='word_1_503' title='bbox 953 3840 1079 3891; x_wconf 74' lang='lat' dir='ltr'>servatus</span> <span class='ocrx_word' id='word_1_504' title='bbox 1101 3848 1144 3892; x_wconf 80' lang='lat' dir='ltr'>est</span> <span class='ocrx_word' id='word_1_505' title='bbox 1166 3826 1266 3903; x_wconf 68' lang='lat' dir='ltr'>Daniel</span> 
     </span>
    </p>
   </div>
   <div class='ocr_carea' id='block_1_12' title="bbox 0 0 1326 4328">
    <p class='ocr_par' dir='ltr' id='par_1_12' title="bbox 0 0 1326 4328">
     <span class='ocr_line' id='line_1_102' title="bbox 0 0 1326 4328; baseline 0 0"><span class='ocrx_word' id='word_1_506' title='bbox 0 0 1326 4328; x_wconf 95' lang='lat' dir='ltr'> </span> 
     </span>
    </p>
   </div>
  </div>
 </body>
</html>
