2626 4328
351 244 399 294 DE
416 242 557 300 TERTIA,
575 241 610 290 IN
627 240 799 290 PnsstorlE
811 240 948 291 DOMINI.

89 364 166 426 Quia
180 361 264 415 απίωι.
278 359 368 411 Juuat
382 359 514 410 crement
538 371 630 423 regem

91 434 285 488 etdominum
308 430 424 497 professi·
446 438 519 489 sunt,
534 429 629 478 videns

93 505 168 571 qnod
182 503 228 553 sim
244 517 276 554 se
297 498 424 566 potestati
443 500 629 548 Romanorum

94 576 285 640 subintrant,
314 569 503 624 cunmmnsrit
529 569 630 628 lesuin,

94 647 177 714 qussi
193 654 372 710 usoepantem
387 641 498 692 Caesaris
513 650 632 706 potesta-

96 729 167 781 tem
179 723 210 768 et
221 717 410 766 tradidimus
421 713 551 764 voluntati
565 712 633 779 ipso·

96 806 167 851 mm,
183 789 219 840 nl
231 787 450 853 crucifigendum.
464 787 533 846 Quae
541 795 632 837 autem

98 861 186 915 fuerit
194 859 284 911 foma
296 858 441 918 sententies,
455 873 512 908 non
526 867 567 908 est
584 872 633 907 eir-

97 931 274 1000 presumo
296 929 490 996 Evangelistis3
510 929 539 979 i'n
552 943 634 979 evan-

98 1003 176 1071 gelio
196 1011 293 1053 tamen
320 1000 461 1050 Nicodemi·
491 999 633 1060 scribitur,

99 1075 174 1142 qmd
193 1073 295 1126 Pilatus
311 1071 454 1137 protulerit
474 1072 634 1122 sententiam

100 1145 214 1199 subitis
232 1145 327 1195 verbis
340 1160 353 1194 ι,
360 1144 438 1195 Gens
449 1153 495 1193 tua
509 1158 635 1208 compro-

101 1217 179 1270 bault
191 1226 222 1268 ta
238 1231 338 1280 regem,
352 1225 491 1280 propterea·
510 1214 636 1281 praecipio

102 1299 131 1339 te
155 1287 284 1357 primum
305 1285 451 1350 flagellari,
486 1287 636 1355 seeundum

103 1360 261 1427 principum
275 1367 386 1420 statuum
402 1357 498 1408 deinde
515 1357 543 1407 in
560 1371 637 1407 cruce

103 1432 228 1485 album
242 1430 362 1481 Peccavit
375 1431 485 1490 Pilatus,
501 1444 550 1480 ner
563 1444 638 1479 encu-

104 1512 189 1562 satur,
202 1501 268 1568 quia
288 1501 444 1566 cum—juder
467 1509 546 1562 esset,
561 1509 637 1550 tene·

104 1575 187 1624 batur
203 1587 235 1623 ex
259 1570 352 1621 officio·
371 1585 476 1621 servare
497 1569 637 1635 justitiam,

105 1653 130 1694 et
152 1645 207 1696 a&
225 1640 323 1693 timore
346 1641 438 1692 cedere
466 1641 567 1702 debuit,
590 1655 638 1690 nec

104 1731 210 1776 arunte,
227 1724 263 1765 ut
273 1714 368 1765 faceret
382 1725 472 1765 contra
487 1730 565 1778 earn3
590 1713 638 1780 qui

106 1787 128 1837 si
145 1784 267 1839 omnim
277 1785 415 1844 voluisset,
434 1800 517 1852 quern
537 1786 638 1850 justum

107 1855 337 1924 pronuntiaverat,
366 1857 469 1922 eripere
498 1856 637 1923 potuisset.

108 1929 203 1981 mnus
229 1937 322 1977 tamen
344 1927 462 1993 peccavit
486 1942 568 1992 quam
589 1927 639 1977 „lah

108 2001 159 2053 dart
172 2018 180 2051 ε
195 1999 296 2050 institit
309 2000 382 2050 enim
395 2011 527 2066 quantum
542 2000 639 2067 potuit,

109 2082 138 2123 ut
151 2071 237 2122 illum·
247 2085 281 2121 ex
295 2085 389 2121 eorum
406 2070 533 2120 manibus
548 2070 642 2121 libera·

110 2151 169 2205 ret;
185 2149 217 2192 et
242 2141 303 2205 eius
324 2140 457 2191 motivum
478 2140 532 2190 fuit
549 2140 641 2190 minus

110 2212 221 2276 mlum,
242 2214 454 2280 missitauerant
467 2213 641 2265 occidendum

109 2288 256 2339 Christum
267 2285 336 2337 moti
358 2295 420 2336 sunt
440 2302 488 2352 per
505 2302 642 2337 rancorem

109 2357 256 2417 etodium,
278 2357 381 2408 Pilatus
400 2372 466 2407 vero·
484 2367 593 2424 propter
605 2357 643 2406 ti-

113 2444 216 2481 tum
237 2428 351 2480 Carsais
365 2438 391 2479 et
404 2429 521 2480 favorem
534 2430 643 2480 Judaeo-

113 2516 181 2553 τω.
195 2499 243 2551 Sic
261 2514 331 2565 ergo
346 2500 387 2549 eis
410 2500 556 2563 consensit,
580 2500 645 2566 quia

113 2586 173 2621 cum
195 2568 297 2621 mecm
315 2569 400 2620 furori
416 2585 510 2620 eorum
523 2571 645 2621 obviasse

115 2641 200 2706 potuit
220 2659 228 2692 ε
245 2642 381 2711 eonsentit
404 2642 487 2702 enim,
510 2642 560 2709 qui
583 2659 645 2693 cum

117 2721 200 2778 potat
224 2727 347 2778 arguere,
374 2729 430 2763 non
455 2714 563 2780 arguit5
589 2729 644 2764 non

115 2783 248 2834 consensit
277 2783 357 2834 etiarn
383 2800 517 2835 consensu
546 2786 646 2852 pleno,

117 2858 160 2908 sed
175 2866 277 2907 sonmo.
297 2857 371 2907 Sicut
386 2869 475 2909 autem
495 2868 558 2911 tuuc
574 2859 646 2909 Pila-

118 2927 216 2987 nts,s‘rc
228 2927 311 2977 hodie
324 2927 429 2980 iaciunt
442 2930 520 2980 multi
535 2930 647 2994 judices,

119 2999 215 3050 tinsors
227 2998 272 3050 vel
286 2997 376 3050 &tore
393 3015 408 3051 a
424 3001 535 3050 veritate
556 3001 647 3064 judicii

120 3070 292 3130 declinantes,
307 3079 334 3120 et
350 3071 481 3135 justitiam
497 3071 649 3121 subverten-

120 3149 165 3193 τι.
190 3139 266 3191 Beue
286 3142 427 3206 quomodo
456 3140 649 3192 innocentissi-

120 3227 182 3263 mus·
205 3213 321 3279 Agrum,
346 3223 380 3263 ut
404 3223 430 3263 te
455 3228 471 3263 a
497 3213 597 3279 judicio
623 3222 655 3264 et

122 3285 333 3350 montejustio
358 3295 384 3336 et
411 3295 517 3336 reternae
539 3287 650 3337 damna-

122 3355 199 3407 tionis
219 3355 351 3422 eriperet,
373 3356 473 3421 injuste
495 3366 604 3424 propter
625 3365 652 3407 te

122 3425 220 3488 indicio
248 3427 369 3478 damnari
406 3428 565 3494 praeelegit;
593 3443 652 3479 ecce

124 3515 180 3565 qure
196 3517 253 3552 non
269 3501 358 3566 rapuit
371 3516 420 3567 pro
433 3501 560 3566 tesolvit3
575 3512 601 3552 et
611 3511 651 3562 tu,

125 3571 210 3624 anima
227 3588 288 3623 mea
310 3588 426 3639 nequam
443 3583 469 3623 et
491 3573 584 3640 impia,
604 3589 652 3624 nec

126 3640 275 3694 devotionis
289 3643 371 3693 solvis
390 3642 589 3710 pinguedinem,
605 3659 657 3695 nec

128 3715 322 3782 compassionis
329 3714 451 3766 refundis
461 3715 594 3767 affectum.
606 3716 655 3766 Co·

129 3784 181 3849 pits·
199 3795 334 3852 quantum
358 3785 438 3837 amici
455 3786 511 3851 eius
530 3788 656 3839 clamave-

131 3865 196 3921 runt,
216 3857 327 3918 ossndo
342 3856 416 3907 iilam
437 3856 597 3907 sententiam
612 3872 656 3908 au·

1162 238 1212 290 553

681 355 818 408 diverunt.
836 357 887 407 Sed
912 356 1045 407 maledicti
1059 357 1176 423 gaudent
1189 367 1222 408 et.

682 429 839 488 exsultant,
870 428 942 494 quod
973 428 1108 479 intentum
1135 443 1218 479 suum

683 513 795 564 pravum
823 499 933 549 liabent.
962 498 1073 558 Rident,
1100 508 1221 559 ereum,

682 569 731 636 qui
740 580 780 620 est
789 585 869 620 verus
883 580 909 620 et
921 579 1034 621 aeternus
1046 570 1127 634 Deus,
1142 569 1222 619 deri--

683 643 758 703 dent,
770 650 796 692 et
808 641 865 706 eius
883 650 999 692 mortem
1013 651 1146 706 quantum
1158 655 1218 707 pos·

684 723 748 764 sunt
769 714 928 774 accelerant,
948 729 1003 763 non
1023 711 1216 764 beneficiorum

684 796 712 837 et
737 802 850 853 operum
875 786 931 852 ejus
954 787 1135 846 recordantur,
1160 800 1216 835 non

685 872 792 927 propter
813 859 998 910 innocentiam
1021 861 1078 926 ejus
1102 874 1215 912 movert-

684 944 729 983 tur
737 948 746 996 ;
761 943 788 983 et
801 932 878 999 quod.
886 931 1019 983 crudelius
1032 931 1146 991 videtur,
1160 945 1215 981 non
1236 981 1239 987 ,

686 1014 795 1071 propter
819 1003 990 1054 afflictionem
1021 1019 1102 1068 quam
1130 1003 1157 1053 in
1184 1018 1216 1052 eo

685 1075 779 1127 vident
807 1075 989 1125 retrahuntur.
1016 1074 1049 1124 Et
1083 1074 1121 1124 sic
1150 1074 1220 1125 hora

684 1146 764 1198 tertia
787 1144 930 1196 crucifixus
951 1155 991 1197 est
1010 1145 1145 1197 Dominus
1169 1145 1221 1196 lin-

687 1216 748 1283 guis
764 1216 935 1280 Judaeorum;
958 1225 984 1266 et
1005 1225 1080 1266 sexta
1092 1215 1225 1268 manibus.

687 1290 816 1341 militum.
833 1289 909 1340 Unde
923 1289 1094 1355 Augustinus
1105 1307 1137 1339 :u
1150 1290 1224 1350 Quo·

688 1364 762 1413 niam
776 1361 859 1411 Judaei
874 1358 978 1411 lacinus
992 1360 1125 1412 interfecti
1140 1360 1222 1410 Chri-

689 1433 724 1485 sti
748 1449 763 1484 a
789 1448 827 1494 se,
857 1432 885 1482 in
912 1433 1056 1492 Romanos,
1081 1433 1111 1487 id¹
1134 1442 1175 1484 est
1196 1433 1225 1483 in

691 1506 808 1557 Pilatum
832 1506 936 1570 eteius
959 1506 1059 1557 milites
1086 1505 1225 1563 transferri

690 1578 779 1631 conati
795 1589 868 1639 sunt,
884 1588 1021 1644 propterea
1034 1580 1149 1640 Marcus,
1162 1594 1224 1643 sup-

691 1666 782 1717 pressa
796 1667 826 1702 ea
840 1650 907 1700 hora
921 1666 974 1717 qua
990 1650 1116 1700 Christus
1136 1666 1153 1701 a
1169 1649 1225 1701 mi·

690 1721 785 1772 litibus
799 1720 942 1773 crucifixus
956 1731 1005 1784 est,
1020 1736 1080 1787 quoe
1094 1720 1136 1787 agi
1152 1729 1226 1771 sexta

690 1793 744 1857 jam
758 1802 881 1858 coeperat,
904 1791 1010 1842 tertiam
1026 1792 1115 1858 potius
1128 1792 1223 1842 horam

691 1863 845 1913 recordatus
862 1862 1000 1928 expressit,
1016 1879 1070 1931 qua
1090 1863 1156 1913 hora
1177 1862 1224 1915 iu·-

691 1932 849 1998 telliguntttr
872 1932 941 1996 apud
970 1932 1088 1984 Pilatum
1111 1935 1224 1989 clamate

691 2004 812 2071 potuisse
834 2019 844 2052 r
867 2003 1015 2069 Crucifige,
1027 2006 1175 2072 crucifigep
1192 2016 1225 2057 ut

693 2092 748 2126 non
770 2074 810 2128 itti
833 2083 936 2124 tanturn
957 2073 1122 2139 reperiantur
1136 2076 1224 2127 cruci-

692 2146 783 2197 fixisse
807 2146 908 2205 lesum,
933 2145 959 2194 id
985 2153 1025 2195 est
1048 2146 1149 2198 milites
1176 2147 1224 2213 qui

694 2235 756 2270 eum
771 2217 843 2284 ligno
856 2227 930 2268 sexta
941 2218 1008 2268 hora
1020 2221 1225 2285 suspenderunt,

694 2305 788 2340 verum
806 2287 885 2338 etiam
902 2288 998 2346 Judaei,
1013 2288 1061 2355 qui
1076 2298 1106 2339 ut
1120 2289 1226 2341 crucifi-

694 2369 799 2427 geretur
806 2358 873 2409 hora
883 2357 960 2408 tertia
973 2359 1183 2411 clamaverunt.»
1195 2361 1231 2413 Et

695 2432 806 2481 iterum:
816 2428 1005 2494 «Apparitores
1017 2431 1156 2495 potestatis
1163 2432 1232 2483 hora

697 2512 771 2566 sexta
792 2499 999 2564 crucifixerunt,
1017 2502 1249 2573 prevaricatores,

698 2573 776 2639 Legis
813 2571 882 2622 hora
919 2571 1000 2623 tertia
1038 2574 1232 2627 clamaueruat.

698 2643 778 2704 Quod
807 2641 847 2692 illi
876 2642 1025 2704 manibus,¹
1048 2645 1116 2695 hora
1143 2655 1229 2709 sexta;

698 2715 753 2764 hoc
777 2712 823 2764 isti
852 2712 952 2780 lingua,
982 2715 1049 2766 hora
1072 2716 1157 2767 tertia.
1182 2715 1231 2765 Rei
1267 2728 1293 2792 p

699 2785 784 2852 magis
797 2783 851 2845 isti,
864 2785 911 2851 qui
923 2787 1061 2836 clamando
1078 2787 1229 2845 saeviebant,

699 2873 782 2924 quam
799 2857 838 2907 illl
853 2856 901 2923 qui
915 2858 1125 2922 obtemperando
1139 2855 1229 2906 admi-

700 2929 851 2980 nistrabant
866 2945 872 2977 :
886 2947 899 2975 n
916 2929 971 2978 haec
984 2925 1230 2993 angustiosum

699 3001 793 3051 dicunt
803 3000 875 3066 quod
891 2999 919 3048 in
934 3000 999 3049 hora
1009 2999 1085 3050 tertia
1096 2998 1233 3052 Dominus

699 3074 753 3138 jam
774 3071 969 3121 condemnatus
989 3071 1038 3128 sit,
1061 3081 1088 3122 et
1112 3070 1139 3121 in
1164 3071 1232 3122 hora

700 3144 777 3196 tertia
791 3144 905 3208 incoepta
917 3153 957 3193 est
971 3142 1108 3194 crucifixio
1119 3144 1188 3209 ejus3
1204 3153 1233 3196 et

702 3216 840 3282 occupatis.
851 3215 890 3267 eis
911 3216 940 3267 iu
958 3216 1140 3280 crucifixione,
1153 3216 1233 3269 fluxit

702 3298 808 3354 tempus
836 3302 923 3352 usque
945 3288 979 3336 ad
1002 3296 1121 3347 sextam,
1149 3297 1175 3337 et
1203 3287 1232 3337 in

703 3359 769 3408 hora
789 3367 862 3408 sexta
884 3357 1020 3409 crucifixio
1039 3357 1091 3408 fuit
1105 3373 1236 3409 consum-

704 3439 796 3480 mata:
811 3439 837 3479 et
858 3427 918 3479 ideo
933 3429 1005 3495 quod
1020 3429 1118 3479 dicitur
1133 3429 1167 3479 de
1179 3440 1237 3479 ter-

704 3501 750 3565 tia,
762 3515 857 3551 verum
873 3509 913 3550 est
924 3501 959 3551 de
971 3499 1154 3551 crucifixionis
1166 3499 1239 3565 prin-

704 3572 794 3637 cipi03
818 3580 844 3622 et
867 3572 942 3639 quod
971 3570 1069 3621 dicitur
1096 3571 1129 3621 de
1155 3579 1241 3628 sexta,

706 3642 868 3710 intelligitur
897 3643 931 3694 de
960 3641 1141 3693 crucifixionis
1170 3656 1239 3691 con-

707 3713 901 3775 summatione,
928 3713 1077 3764 secundum
1099 3711 1239 3763 veritatem

707 3786 806 3854 poterit
821 3801 879 3839 esse
897 3785 1080 3837 meditullium
1099 3785 1238 3841 horarum,

708 3868 735 3909 et
749 3857 815 3909 hora
830 3856 919 3910 media
937 3857 1006 3907 inter
1026 3863 1128 3906 sextam
1142 3863 1168 3904 et
1182 3861 1238 3902 ter·
