2626 4328
98 307 153 374 456

97 440 209 489 corpore
234 441 288 475 non
318 424 454 487 delentur;
482 424 519 474 ita
546 435 573 474 et
602 423 628 473 in

97 496 176 545 corde
198 506 290 544 nostro
306 510 352 560 per
370 495 529 544 memoriam
544 495 629 544 nostri

98 568 192 626 teneri,
216 577 241 618 et
267 583 407 634 nunquam
431 568 464 619 de
488 583 519 618 eo
546 567 629 618 deleri

97 640 184 689 debet.
200 639 283 703 Cuius
296 639 406 704 quidem
424 638 561 688 Passionis
575 654 630 704 my-

97 710 178 760 steria
193 719 220 759 et
237 724 297 775 quae
312 709 380 758 circa
397 724 459 758 eum
474 707 628 768 factasunt,

98 781 120 831 si
140 790 196 831 toto
215 781 314 831 mentis
333 780 432 831 intuitu
446 782 630 847 perspiceren-

64 890 67 897 .
98 864 151 912 tur,
170 852 198 901 in
221 867 321 901 novum
341 851 435 917 utique
454 862 551 902 statum
572 866 630 901 me-

98 926 227 975 ditantem
242 925 410 974 adducerent.
428 925 495 974 Nam
518 939 550 973 ex
565 939 630 988 pro-

98 997 183 1045 fundo
219 996 297 1046 corde
332 1005 359 1045 et
397 996 460 1046 totis
498 994 630 1045 viscerum

99 1067 226 1117 medullis
251 1081 310 1115 eam
340 1064 529 1130 perscrutanti,
551 1064 629 1115 multi
643 1099 650 1115 -.

100 1153 194 1202 passus
223 1137 350 1203 insperati
381 1147 568 1198 occurrerent,
598 1151 631 1186 ex

99 1209 200 1276 quibus
216 1226 313 1260 novam
333 1209 560 1274 compassionem,
585 1223 631 1257 no·

99 1295 164 1330 vum
178 1295 307 1340 amorem,
333 1296 416 1330 novas
433 1278 630 1330 consolationes

98 1364 125 1404 et
138 1368 185 1418 per
198 1369 366 1420 consequens
375 1369 475 1402 novum
485 1351 629 1419 quemdam

98 1433 197 1473 statum
220 1423 369 1474 dulcedinis
390 1423 545 1488 susciperet,
570 1436 630 1486 quae

98 1496 150 1546 sibi
173 1496 300 1562 praesagia
314 1505 340 1545 et
354 1495 519 1560 participalia
530 1494 630 1560 gloriae

98 1568 260 1618 viderentur.
276 1567 354 1618 Unde
368 1567 489 1632 quaedam
504 1564 630 1615 monialis

98 1641 193 1690 devota
215 1638 242 1688 in
264 1647 371 1688 tantum
386 1638 456 1687 circa
472 1636 629 1687 Passionem

99 1709 201 1758 Christi
225 1717 281 1759 erat
302 1706 409 1767 affecta,
435 1718 466 1758 ut
489 1723 629 1773 nunquam

99 1779 226 1829 Crucifixi
250 1779 396 1845 imaginem
421 1778 551 1843 inspicere
566 1793 630 1844 pos-

99 1859 157 1910 set,¹
164 1850 216 1900 nisi
228 1850 368 1900 eadens‘in
382 1849 642 1916 terram-quanto·

100 1923 187 1973 taliter
199 1921 351 1989 ahso'rptaa
363 1938 392 1973 se
400 1922 532 1973 deficeret.
545 1922 641 1987 Opta-t

99 2003 137 2042 tet
149 2009 221 2059 ¹ergo
238 1993 313 2059 quod
325 1993 398 2060 *quis
411 2003 581 2058 praesentem
602 2007 630 2042 se
642 2020 646 2027 ·

99 2063 223 2115 exhibeat
249 2065 409 2124 affectuose,
436 2063 579 2130 diligenter
604 2072 630 2113 et

101 2149 206 2183 morose
231 2135 359 2184 omnibus
382 2145 408 2185 et
431 2134 545 2200 singulis
570 2149 630 2200 quae

100 2203 167 2254 circa
181 2205 351 2255 Dominicam
371 2207 526 2256 Passionem
542 2205 631 2255 conti-

100 2285 205 2340 gerunt,
222 2286 247 2327 et
263 2277 335 2343 quod
351 2277 414 2327 illuc
433 2277 631 2327 totammentis
645 2305 654 2338 .·

98 2347 193 2408 aciem,
221 2348 394 2416 vigilantibus
421 2347 506 2399 dotalis
528 2348 628 2408 cordis,
641 2366 649 2411 ’ζ

99 2419 247 2486 oblitisque
263 2422 323 2472 aliis
337 2422 407 2473 curis
424 2432 451 2473 et
470 2421 631 2473 sollicitudi-

100 2489 180 2539 nibus
194 2490 381 2550 exterioribus,
397 2492 495 2558 dirigat
508 2508 631 2557 perseve-

100 2570 198 2610 ranter.
228 2561 260 2609 Et
283 2561 352 2611 scias
376 2563 449 2627 quod
476 2562 500 2612 si
528 2563 557 2613 in
581 2563 630 2613 hac

100 2629 220 2690 scientia,
248 2645 309 2696 quae
336 2647 415 2696 super
445 2647 540 2683 omnes
567 2633 631 2682 alias

99 2700 221 2751 scientias
232 2711 281 2759 est,
291 2702 408 2752 volueris
421 2703 556 2768 proficere,
568 2719 631 2754 cum

101 2786 199 2837 magno
213 2772 303 2821 studio
317 2773 453 2837 oportebit
465 2783 490 2823 te
500 2774 591 2824 arcibo
604 2784 631 2824 tt

99 2851 164 2906 potu
178 2840 291 2892 delicato
308 2843 441 2894 abstinere
456 2854 482 2894 et
496 2845 529 2895 ad
543 2858 631 2896 neces·

98 2913 206 2964 sitatem
230 2922 336 2964 tantum
361 2931 438 2981 parce
460 2916 493 2967 de
517 2927 631 2983 utroque

99 2999 217 3034 sumere.
247 2985 331 3035 Coena
363 3001 472 3052 quoque
502 2998 631 3038 nocturna

99 3054 259 3120 siveapotue,
277 3056 523 3123 multumimpedit
534 3058 631 3108 oratio-
642 3092 645 3097 -

99 3138 161 3172 nem
180 3134 206 3173 et
228 3124 492 3192 contemplationem,
511 3143 631 3194 quapro-

101 3204 158 3259 pter
178 3206 247 3246 esset
264 3197 297 3247 ab
314 3197 353 3246 eis
375 3214 423 3263 pro
442 3215 521 3264 posse
544 3201 630 3250 absti-

100 3266 227 3316 nendum.
236 3268 259 3316 Α
267 3268 387 3318 vestibus
397 3286 506 3336 quoque
516 3286 546 3320 ac
556 3271 631 3321 lectis

101 3337 274 3388 mollibosast
293 3339 414 3390 delibatis
425 3341 582 3401 mbstineae,
592 3353 632 3392 ret

92 3409 241 3460 :inmestim
260 3409 420 3468 sicut-otrin
433 3413 512 3464 *aiem
525 3413 630 3463 rhemi·

93 3479 183 3539 iieris,
193 3479 379 3545 grossioribus
394 3484 538 3533 attendent
549 3482 632 3534 vilie-

98 3546 184 3611 ribus.
193 3549 315 3614 Oportet
329 3551 419 3602 stiam
433 3553 516 3619 «quod
531 3566 632 3604 :masas

91 3636 113 3670 a
130 3621 321 3689 multiloquio,
342 3638 377 3675 ae
398 3622 496 3677 hti'aiu
510 3636 632 3677 immet

90 3691 207 3756 inepta,
225 3692 298 3759 :quia
308 3709 374 3744 rnon
389 3697 474 3746 rdeeet
487 3708 560 3747 reum
570 3696 631 3778 <qui

97 3762 156 3812 vult
171 3762 284 3814 Christi
308 3766 438 3816 dolosam
454 3767 572 3827 recutite,
593 3779 631 3817 an

93 3833 188 3884 nemis
200 3835 320 3896 usisibus,
337 3837 456 3889 wlnothus
470 3848 509 3889 tet
525 3837 631 3905 rgaudio

95 3917 218 3965 ruraque
228 3907 363 3960 inutiliter
377 3911 631 3977 mamertem*

331 306 334 313 ¹
362 311 541 361 SECUNDAE
563 311 656 359 PnR's
659 311 688 360 IS
705 312 823 362 CAPUT
842 314 930 364 LVlll.

683 425 785 476 sarium
800 427 875 478 enim
891 429 950 489 erit,
974 439 1004 479 ut
1016 430 1161 496 aliquando
1177 431 1213 482 ita

683 498 783 565 cogites
812 511 838 551 te
866 511 1024 568 proesentem
1053 503 1214 568 cogitatione

683 578 737 629 tua,
753 586 782 620 ac
798 571 820 620 si
836 581 899 622 tunc
920 571 1059 638 temporis,
1080 572 1117 622 ibi
1143 589 1214 639 prae-

682 656 745 691 sens
760 641 857 692 fuisses
869 642 977 708 quando
993 658 1086 709 passus
1099 642 1168 707 fuit;
1188 653 1214 694 et

683 712 720 763 ita
734 723 759 763 te
775 713 873 765 habeas
895 715 924 765 in
946 716 1091 781 loquendo,
1117 716 1146 766 in
1168 717 1212 766 vi-

682 785 779 845 vendo,
795 785 821 834 in
835 786 951 836 dolendo
973 787 1040 836 acsi
1060 785 1211 837 Dominum

683 865 761 907 tuum
789 873 878 908 coram
903 858 988 908 oculis
1010 858 1063 908 tuis
1092 874 1213 909 cerneres

683 927 835 992 patientem.
852 929 889 978 lta
908 929 981 978 enim
1002 939 1027 978 et
1043 928 1099 994 ipse
1116 929 1212 978 Domi-

683 1016 735 1050 nus
760 1001 788 1051 in
815 1001 912 1067 spiritu
936 1001 985 1051 tibi
1010 1017 1129 1067 praesens
1151 1002 1212 1061 erit,

683 1071 783 1121 acuta
795 1082 822 1121 te
836 1071 997 1137 cogitabitur
1009 1086 1127 1138 praesens
1139 1087 1211 1133 esse,

683 1149 709 1190 et
730 1138 842 1206 accipiet
857 1151 903 1191 tua
918 1152 988 1201 vota,
1000 1195 1003 1207 ,
1014 1151 1041 1192 et
1065 1141 1213 1207 acceptabit

682 1220 729 1261 tua
740 1211 815 1261 sacta.
1057 1222 1059 1227 ·

715 1283 814 1333 aHurc
835 1297 1028 1332 nsconnarrour
1049 1299 1213 1334 consorirro

682 1346 810 1404 carueris
834 1370 886 1404 nou
911 1369 1054 1405 cononurr.
1068 1384 1098 1393 -
1119 1356 1160 1418 Et,
1183 1365 1213 1405 ut

683 1425 798 1475 breviter
811 1424 907 1484 dicam,
921 1424 1056 1490 oportebit
1069 1435 1094 1475 te
1108 1441 1123 1475 a
1137 1425 1213 1475 dele-

679 1495 798 1546 cratone
825 1507 851 1546 et
881 1495 1063 1546 consolatione
1091 1496 1212 1558 carnali,

683 1583 743 1618 cum
761 1583 858 1633 magna
880 1567 1018 1633 diligentia
1038 1568 1166 1633 elongari,
1187 1578 1214 1618 et
1235 1625 1238 1628 ⁴

682 1646 713 1686 ut
727 1651 815 1688 amara
829 1649 855 1687 et
868 1637 934 1686 dura
951 1637 1000 1687 tibi
1013 1638 1175 1697 dulcescant,
1187 1647 1213 1687 et

682 1706 773 1756 suavia
787 1705 861 1766 fiant,
875 1708 898 1756 si
912 1706 940 1755 in
956 1705 1058 1756 Christi
1072 1707 1214 1756 doloribus

682 1787 708 1827 et
720 1777 846 1827 Passione
864 1777 1075 1828 consolationem
1086 1788 1112 1828 et
1122 1778 1214 1828 dulces

682 1849 778 1899 anirnae
803 1859 856 1900 tuae
877 1851 958 1915 dapes
972 1849 1211 1914 aupisa'nvenire.

683 1921 836 1972 Nonaenim
857 1921 924 1971 bene
937 1921 1100 1971 conveniunt
1114 1927 1214 1971 conso-

684 1992 748 2043 latio
763 1993 902 2053 carnis,»et
918 1992 1214 2056 contemplatiotiiomi-

684 2062 750 2113 nicae
764 2063 916 2125 Passionis;
932 2063 978 2112 sed
990 2062 1123 2112 contraria
1134 2060 1213 2127 quasi

684 2134 796 2188 nomina
809 2135 966 2192 sortiuntur,
984 2149 1032 2183 nec
1046 2142 1159 2198 possunt
1173 2133 1214 2182 si-

684 2205 742 2255 mul
754 2221 814 2255 caro
830 2217 855 2255 et
869 2205 981 2271 spiritus
999 2203 1131 2262 delectari,
1147 2203 1213 2266 imo,

684 2276 835 2326 secundum
849 2276 1019 2341 Apostolum,
1037 2275 1089 2325 sibi
1102 2274 1213 2324 invicem

679 2346 872 2396 adversantem.
903 2347 981 2397 Unde
1016 2345 1175 2394 Bernartius
1204 2362 1213 2395 r

684 2436 699 2464 a
719 2417 792 2468 Crux
809 2418 910 2469 Christi
928 2417 1058 2483 voluptati
1082 2417 1210 2466 adversa-

685 2499 737 2550 tur,
752 2500 778 2538 et
792 2490 916 2554 voluptas
930 2488 1015 2553 cruci3
1031 2497 1057 2537 et
1073 2487 1213 2552 quomodo

683 2568 797 2625 possunt
816 2560 934 2610 excusari
955 2561 1124 2623 voluptatum
1137 2571 1214 2606 ama-

684 2641 763 2691 tores,
779 2641 808 2681 ut
823 2647 878 2681 non
893 2630 948 2681 sint
962 2629 1064 2680 Christi
1086 2643 1214 2693 persecu·

683 2706 774 2752 tores?
788 2701 836 2751 Rei
851 2701 922 2751 enirn
939 2699 1008 2749 fiunt
1023 2699 1118 2749 mortis
1131 2698 1215 2750 Chri-

671 2773 867 2836 safer-sinon
880 2783 910 2821 ut
921 2781 1110 2836 persecutores,
1122 2781 1214 2820 tamen

684 2850 714 2892 ut
724 2853 805 2893 tantoe
820 2842 856 2892 rei
871 2850 1078 2905 contemptores.
1091 2860 1104 2887 n
1117 2841 1153 2891 Et
1167 2841 1215 2890 lte-

684 2925 745 2966 rum
759 2933 766 2966 :
782 2933 796 2962 a
810 2914 882 2964 Mihi
893 2913 965 2964 absit
977 2912 1106 2979 gloriari,
1121 2914 1175 2964 nisi
1187 2914 1214 2963 in

685 3001 764 3038 eruce
776 2986 884 3037 Domini
894 2986 945 3035 mei
957 2986 1024 3034 Jeru
1038 2984 1156 3047 Christi5
1163 2999 1214 3050 per

672 3073 760 3124 quem
770 3055 1146 3123 ·mtht..munaus.eructflxus
1160 3061 1213 3117 est,

684 3135 711 3180 et
725 3143 777 3195 ego
791 3129 897 3178 mundo.
920 3127 980 3177 Non
998 3127 1096 3187 solum,
1115 3123 1214 3191 inquit,

684 3208 808 3249 mortuus
828 3198 938 3257 mundo,
953 3199 999 3247 sed
1014 3209 1039 3248 et
1062 3195 1215 3254 crucifixus,

685 3271 758 3337 quod
771 3280 811 3320 est
825 3269 1115 3335 ignominiosissimum
1128 3283 1215 3333 genus

684 3336 1215 3408 montnrttgoallt,etepeermtlttsotn-

684 3413 731 3464 uia
747 3426 811 3480 qm
816 3412 940 3462 :usuardus
949 3423 1034 3463 amer
1045 3423 1122 3462 ¹arax
1132 3410 1213 3461 milti

681 3481 1032 3542 stema-&lectatioeamis
1043 3479 1216 3542 disitiaesbo·

680 3568 773 3616 nores,
785 3554 1017 3604 mnaerhominum
1031 3552 1216 3617 laudemque

681 3638 748 3677 sero
757 3626 881 3676 amadus
894 3622 1218 3690 reputatucmm‘dlhs

681 3694 1082 3759 sffmszsum‚:,it1tsordlmrm,
1098 3691 1216 3742 illataoto

682 3771 829 3835 einpiuctor
839 3765 1102 3825 redemissent&
1116 3763 1154 3814 an
1172 3763 1217 3814 his

682 3842 806 3908 tapoaon
818 3839 921 3892 ‘ambis
934 3836 1008 3888 hlud
1017 3847 1138 3904 tqttoqae
1149 3847 1215 3886 taron

684 3913 835 3978 incongrue
861 3907 950 3976 ponit
964 3904 1096 3973 intelllgi,
1110 3904 1215 3956 ceratoi-
