2626 4328
247 251 294 300 DE
311 251 411 301 POENA
430 250 622 301 INFERNALI
636 249 685 301 ET
698 251 833 303 GLORIA
851 255 1017 309 COELESTl.

77 383 92 416 a
117 381 166 415 suo
200 380 311 430 corpore
347 367 484 432 quomodo
513 366 610 416 discre-

78 435 175 501 paret?
202 465 232 473 -
259 436 328 485 Cum
351 437 440 502 itaque
468 437 554 486 Deum
583 445 609 486 et

78 523 173 557 omnes
207 507 338 557 voluntati
372 518 424 557 tuae
461 508 608 558 concordes

77 577 213 637 habueris,
222 577 345 643 vprofecto
358 578 427 627 nihil
438 579 520 639 voles,
535 578 608 644 quod

77 670 131 704 non
144 653 241 718 possis.
264 653 444 718 Omnipotens
460 653 543 719 igitur
558 654 610 703 eris

78 739 130 777 tuae
164 726 325 782 voluntatis,
353 727 484 792 quoniam
517 728 608 792 ipsum

79 797 300 862 Omnipotentem
311 797 425 848 habebis
436 798 465 847 in
481 799 610 848 omnibus

76 870 283 921 concordantem
315 879 368 920 tuae
399 871 540 921 voluntati.
580 899 610 907 -

77 943 169 1007 ltaque
185 957 245 992 cum
262 942 319 991 haec
331 943 381 991 tibi
400 951 473 992 tanta
490 953 610 1008 potestas

78 1014 193 1074 affuerit,
208 1015 296 1067 honor
317 1016 465 1065 condecens
487 1016 611 1080 potestati

79 1085 191 1135 minime
207 1085 298 1135 deerit.
323 1085 407 1150 lgitur
420 1087 486 1137 dum
508 1103 613 1152 posses-

77 1159 153 1209 sione
172 1158 271 1209 horum
286 1159 422 1210 bonorum
438 1176 499 1225 quae
517 1161 610 1226 diges-

79 1233 165 1282 simus
187 1230 251 1281 felix
267 1230 359 1291 fueris,
379 1233 513 1299 numquid
536 1234 613 1284 suffi-

79 1303 612 1370 cienstibivideberislMaxime,inquis.

80 1405 110 1413 -
132 1377 224 1440 ltaque
247 1391 308 1424 cum
336 1386 381 1426 tua
405 1377 458 1427 vita
481 1388 610 1443 perpetuo

79 1445 166 1504 duret,
186 1444 214 1494 in
236 1445 281 1495 illa
298 1445 368 1511 vita,
393 1457 419 1497 et
438 1448 496 1498 haec
522 1449 614 1499 omnia

79 1515 129 1566 tibi
160 1515 279 1575 habenti,
295 1517 422 1566 securitas
445 1533 555 1584 quoque
581 1536 612 1570 ea

79 1588 196 1652 amplius
217 1604 272 1637 non
299 1590 427 1654 perdendi
450 1602 522 1641 certo
543 1593 613 1642 arri-

79 1659 151 1718 serit,
174 1659 294 1723 obsecro,
313 1661 378 1726 quid
402 1661 539 1712 existimas
563 1662 612 1714 tibi

79 1728 148 1779 erit?
166 1730 281 1780 Securus
299 1731 533 1797 igiturtantorum
560 1735 611 1784 bo-

80 1815 179 1849 norum
201 1811 330 1865 perpetuo
349 1801 409 1861 erit,
426 1818 481 1853 nec
500 1803 613 1869 alicujus

80 1871 130 1922 tibi
155 1873 287 1923 adversari
319 1875 436 1925 volentis
470 1875 611 1926 incursum

80 1943 198 1995 timebis.
221 1974 251 1982 -
277 1946 404 1996 Potestne
436 1962 499 2014 ergo
539 1948 613 1998 illius

80 2015 171 2080 gaudii
191 2017 288 2066 modus
306 2032 321 2066 a
336 2033 475 2083 quoquam
500 2019 614 2069 homine

81 2087 224 2150 penetrari,
240 2103 302 2137 cum
328 2089 398 2138 ultra
422 2089 497 2140 mille
512 2090 610 2154 millia,

80 2167 107 2207 et
123 2159 209 2208 decies
236 2169 348 2210 centena
372 2160 459 2210 millia
482 2161 613 2212 innume-

81 2229 179 2278 rabiles
203 2229 240 2279 ibi
258 2231 323 2290 sint,
347 2240 372 2281 et
393 2247 490 2282 omnes
517 2233 612 2282 eadem

81 2299 244 2350 beatitudine
263 2302 449 2367 perfruantur3
466 2320 515 2353 nec
540 2305 612 2354 ullus

82 2385 176 2425 eorum
190 2371 226 2421 sit
240 2373 286 2438 qui
305 2389 360 2422 non
375 2384 480 2424 tantum
495 2375 528 2424 de
540 2374 614 2425 bono

82 2440 193 2490 alterius
212 2444 318 2507 gaudet,
334 2455 467 2509 quantum
489 2445 522 2494 de
543 2446 615 2496 suo?

83 2511 212 2562 Praeterea
222 2512 342 2563 videntes
357 2513 443 2564 Deum
463 2513 552 2579 ipsum
566 2531 615 2565 su-

81 2600 129 2649 pra
147 2599 229 2650 quem
250 2585 302 2651 ipsi
327 2602 355 2636 se
375 2587 515 2648 amabunt,
541 2589 615 2654 ipsos

82 2665 232 2719 amentem3
248 2667 274 2707 et
297 2657 477 2724 intelligentes
505 2675 534 2710 se
555 2660 616 2711 ine-

83 2729 261 2789 narrabiliter,
276 2731 336 2796 plus
353 2747 435 2797 quam
456 2733 616 2798 semetipsos

83 2802 162 2852 illum
176 2813 311 2854 amantem
327 2804 354 2855 in
371 2806 466 2871 gloria,
481 2807 538 2871 ejus
561 2807 616 2858 mi-

84 2872 162 2922 rabili
202 2886 228 2924 et
266 2873 394 2926 ineflabili
437 2878 616 2930 exsultatione

84 2945 266 2996 exsultabunt.

120 3031 150 3065 ro
166 3017 323 3068 Cornum
341 3035 522 3072 onuunroauu
536 3039 616 3073 unus.

85 3115 115 3123 -
129 3105 142 3132 u
158 3087 227 3137 Cum
250 3088 333 3154 igitur
346 3090 409 3154 justi
424 3090 526 3143 luerint
544 3104 617 3144 tanta

84 3157 214 3210 felicitate
246 3161 325 3222 beati,
353 3174 434 3213 restat
462 3173 492 3214 ut
523 3163 616 3229 injusti

84 3244 132 3294 per
154 3231 318 3282 contrarium
345 3234 402 3284 sint
431 3234 616 3286 inaestimabili

85 3300 203 3364 quadam
234 3301 391 3354 infelicitate
415 3305 516 3356 miseri.
542 3306 618 3355 Sicut

85 3371 160 3421 enim
175 3371 240 3422 istos
259 3373 327 3423 mira
339 3375 522 3439 pulchritudo,
541 3376 618 3426 velo·

84 3441 161 3502 citas,
191 3442 330 3505 fortitudo,
358 3446 476 3505 libertas,
506 3446 617 3507 sanitas,

84 3514 217 3579 voluptas,
233 3516 333 3565 alacres
348 3514 426 3565 faciet
451 3525 477 3566 et
501 3516 619 3580 jubilan-

83 3594 148 3647 tes3
178 3585 215 3635 ita
242 3586 304 3636 illos
331 3586 459 3636 immanis
484 3597 511 3636 et
535 3587 619 3638 inaes·

84 3654 219 3706 timabilis
246 3655 361 3717 foeditas,
385 3655 506 3716 tarditas,
536 3656 621 3708 imbe-

84 3729 199 3793 cillitas,
231 3728 359 3790 servitus,
392 3730 507 3794 languor
540 3739 620 3796 atque

85 3799 172 3861 dolor,
181 3809 325 3851 moerentes
335 3800 427 3850 reddet
441 3810 467 3850 et
479 3799 619 3864 ejulantes.

85 3871 156 3920 Sane
169 3870 374 3922 diuturnitatem
390 3872 461 3933 vitae,
476 3886 560 3938 quam
574 3870 619 3923 isti

1140 262 1192 331 819

662 380 711 431 pro
729 365 851 419 fruendis
874 371 954 422 bonis
973 389 1081 425 summo
1102 391 1193 427 amore

661 439 880 504 complectentur,
891 440 930 492 illi
941 459 990 507 pro
1000 443 1192 497 interminabili

662 523 740 572 poena
762 524 815 574 qua
838 513 1045 576 torquebuntur,
1062 516 1192 580 quoniam

661 580 740 630 inerit
750 580 812 642 illis,
822 598 930 635 summo
940 586 1003 636 odio
1017 589 1194 639 exsecrabun-

662 658 715 700 tur.
731 649 770 700 De
789 653 920 718 sapientia
940 671 1003 705 vero
1021 657 1086 721 quid
1104 657 1192 708 dicam

664 738 717 771 nott
737 722 855 788 invenio,
875 726 927 776 nisi
948 727 1012 792 quia
1028 728 1096 778 sicut
1117 731 1194 794 justis

663 792 713 842 erit
733 792 760 843 in
785 795 914 860 gaudium
938 810 964 847 et
992 799 1132 860 honorem,
1159 802 1195 852 ita

664 867 772 932 injustis
789 871 923 936 quidquid
937 871 1031 933 scient,
1048 875 1076 924 in
1094 890 1194 925 moero-

664 954 721 988 rem
739 950 765 990 et
781 936 980 992 confusionem.
1001 944 1127 996 Amicitia
1144 961 1194 995 au·

664 1019 728 1071 tem,
755 1026 808 1077 qua
829 1014 861 1062 ad
886 1013 1001 1064 invicem
1028 1016 1066 1081 pii
1089 1033 1195 1067 summa

664 1084 829 1148 jucunditate
858 1088 1064 1152 copulabuntur,
1093 1090 1116 1139 si
1143 1105 1196 1157 qua

665 1153 759 1220 impiis
773 1155 831 1216 erit,
846 1155 874 1205 in
893 1167 1058 1208 tormentum
1073 1158 1113 1209 eis
1128 1160 1194 1223 erit;

665 1242 719 1292 quo
735 1228 808 1277 enim
823 1229 909 1294 magis
922 1245 1046 1296 quosque
1056 1232 1195 1295 amabunt,

665 1313 697 1347 eo
713 1299 821 1363 gravius
844 1299 869 1349 in
895 1316 988 1350 eorum
1016 1317 1094 1366 poena
1119 1302 1196 1352 dole-

666 1370 743 1421 bunt.
769 1373 936 1423 Discordiam
963 1373 1102 1424 habebunt
1134 1390 1195 1424 cum

666 1441 742 1491 omni
766 1454 893 1504 creatura,
916 1454 942 1494 et
963 1445 1054 1494 omnis
1078 1456 1197 1495 creatura

665 1512 829 1564 discordabit
847 1515 881 1564 ab
902 1514 966 1565 illis.
983 1515 1052 1564 Hinc
1065 1531 1129 1580 ergo
1148 1530 1195 1580 pro

665 1595 795 1650 potestate
816 1587 949 1637 bonorum
970 1596 1043 1638 tanta
1059 1587 1197 1652 impoten-

665 1660 703 1709 tia
722 1674 767 1709 eos
787 1669 923 1725 sequetur,
945 1669 975 1710 ut
998 1660 1112 1709 omnino
1127 1659 1197 1709 nihil

665 1741 759 1778 eorum
778 1746 838 1796 quae
862 1732 1003 1792 voluerint,
1024 1732 1145 1797 possint,
1172 1740 1212 1792 et¹

666 1801 801 1868 quidquid
833 1803 994 1865 habuerint,
1024 1805 1118 1854 nolint.
1149 1805 1196 1854 Pro

665 1873 748 1938 igitur
773 1874 878 1924 honore
902 1876 1061 1925 Sanctorum
1088 1875 1198 1925 obtine-

666 1944 733 1993 bunt
749 1959 865 2009 perenne
885 1945 1072 2010 opprobrium.
1093 1946 1126 1995 Et
1141 1946 1199 1995 haec

666 2031 721 2082 quo
749 2014 801 2064 fine
824 2015 1007 2066 claudentur?
1033 2018 1102 2067 Vere
1130 2017 1199 2066 sicut

665 2088 744 2139 amici
759 2088 808 2137 Dei
822 2088 908 2137 securi
923 2099 1002 2138 erunt
1015 2104 1044 2139 se
1059 2104 1197 2154 nunquam

666 2160 813 2211 amissuros
839 2159 909 2208 bona
930 2174 994 2221 sua;
1017 2159 1053 2208 ita
1078 2159 1121 2208 isti
1144 2159 1199 2207 ini-

667 2231 730 2281 mici
755 2229 804 2279 Dei
827 2229 941 2279 omuino
960 2229 1141 2294 desperabunt
1169 2244 1197 2278 se

666 2303 720 2368 jam
745 2300 862 2365 amplius
890 2316 1016 2350 evasuros
1038 2301 1096 2350 haec
1118 2300 1196 2349 mala.

669 2373 719 2423 Pro
740 2382 839 2422 aetemo
858 2386 921 2436 ergo
938 2380 964 2420 et
986 2369 1116 2420 ineffabili
1131 2385 1200 2435 gau-

667 2443 713 2493 dio
737 2443 886 2500 beatorum,
910 2441 1100 2491 hereditabunt
1125 2440 1202 2491 inco·

669 2513 806 2580 gitabilem
819 2511 968 2572 tristitiam,
984 2510 1139 2576 omnesqui
1156 2525 1204 2576 pro
1241 2563 1244 2572 ,

669 2583 876 2651 impoenitudine
893 2593 981 2634 reatus
996 2581 1048 2646 sui,
1064 2581 1202 2633 transituri

669 2666 733 2708 sunt
747 2655 773 2706 in
788 2654 941 2706 societatem
955 2652 1153 2704 daemoniorum
1167 2670 1201 2703 :n

669 2729 726 2779 hae:
739 2726 891 2778 Anselmus.

705 2815 731 2850 11
765 2799 890 2848 Drvsnsra
913 2811 981 2847 suur
1003 2809 1148 2845 unusrouss
1175 2810 1201 2843 ut

670 2887 785 2924 ruraauo
799 2886 833 2920 rr
847 2885 874 2920 ru
889 2884 972 2918 ctsuo.
994 2894 1025 2904 -
1039 2868 1108 2916 Sunt
1120 2863 1201 2914 etiam

669 2944 697 2994 in
712 2941 826 3001 inferno,
842 2939 912 2990 sicut
925 2947 951 2989 et
972 2937 1001 2986 in
1017 2938 1093 2998 coelo,
1113 2934 1203 2983 diver-

669 3034 705 3070 sae
718 3014 884 3072 mansiones,
906 3010 1011 3061 meritis
1032 3008 1202 3075 singulorum

669 3085 916 3151 correspondentes.
935 3081 1013 3132 Unde
1034 3078 1203 3145 Chrysorro-

670 3172 729 3210 mus
750 3173 758 3208 .·
781 3174 795 3202 a
823 3154 897 3204 Sicut
926 3152 955 3202 in
983 3166 1066 3217 regno
1103 3146 1202 3198 coelesti

670 3229 822 3283 mansiones
842 3225 934 3278 multae
954 3230 1024 3286 sunt,
1043 3223 1070 3273 id
1091 3230 1131 3272 est
1147 3219 1203 3270 dif-

669 3300 790 3353 ferentiae
819 3297 1018 3365 praemiorum;
1056 3293 1094 3344 sic
1117 3300 1148 3373 'et
1173 3290 1201 3340 in

670 3372 793 3440 gehenna
818 3368 930 3418 diversae
955 3374 1017 3416 suut
1037 3376 1202 3422 mansiones,

670 3445 698 3495 id
722 3452 762 3494 est
791 3439 946 3492 differentiae
977 3437 1173 3504 suppliciorum
1196 3450 1203 3483 :

671 3528 767 3565 omnes
782 3522 873 3563 tamen
890 3525 997 3575 poenam
1016 3518 1145 3558 aeternam
1159 3520 1205 3555 su·

671 3583 820 3644 stinebunt,
841 3582 911 3632 sicut
935 3594 1031 3630 omnes
1056 3577 1132 3629 electi
1156 3577 1204 3625 de·

672 3656 778 3707 narium
799 3654 923 3706 eumdem
945 3652 1098 3714 habebunt,
1122 3662 1205 3714 quem

673 3726 864 3796 paterfamilias
886 3725 960 3776 dabit
987 3723 1125 3782 omnibus,
1147 3719 1204 3786 qui,

672 3799 775 3850 scilicet
789 3798 817 3848 in
838 3797 914 3848 vinea
936 3795 1038 3862 operati
1060 3802 1130 3845 sunt.
1147 3791 1206 3840 No-

675 3871 748 3922 mine
763 3869 866 3936 quippe
879 3865 1000 3928 denarii,
1015 3862 1117 3930 aliquid
1143 3875 1205 3909 om-
