2626 4328
150 230 202 296 564

149 366 195 417 per
219 347 350 398 affectum.
373 343 443 404 Quia
468 359 529 408 ergo
554 342 678 393 Christus

150 429 231 474 extra
242 426 350 486 portam
361 431 462 483 passus
473 422 521 476 est,
534 431 678 481 sequamur

150 512 227 555 eum,
249 504 275 544 et
298 504 425 542 exeamus
448 489 485 538 ad
506 503 572 552 eum,
596 495 678 539 extra

150 573 242 618 castra
264 573 290 613 et
313 562 473 611 mundanam
496 560 678 611 conversatioss

151 653 221 700 nem,
235 632 422 699 improperium
434 631 518 697 ipsius
532 641 558 681 et
571 647 679 697 prusiam

148 713 295 774 portantes.
322 702 400 752 Unde
421 701 459 751 ait
483 703 642 753 Bernartius
668 719 678 753 .·

150 798 162 823 n
192 775 315 827 Christus
341 778 422 822 extra
444 778 553 836 portam
577 787 679 839 passus

149 855 197 910 est,
210 847 243 896 ad
257 859 338 911 quem
353 843 520 909 egrediamur
535 844 678 895 mundanae

148 914 357 969 conversationis
371 920 537 978 contemptu,
551 915 625 980 quod
638 925 681 966 est

148 991 236 1059 egredi
252 990 284 1040 de
300 989 405 1039 civitate
426 989 506 1053 hujus
529 989 634 1049 mundi,
654 999 679 1040 et

149 1064 199 1113 hoc
210 1062 298 1113 tribus
309 1060 398 1110 modis
411 1076 418 1109 ι
434 1058 538 1117 affectu,
551 1070 581 1108 ut
594 1076 677 1110 mun-

148 1135 213 1183 dum
241 1147 296 1181 non
324 1129 483 1197 diligamus;
515 1130 617 1190 effectu,
648 1141 679 1182 ut

148 1220 209 1254 eum
226 1213 314 1253 mente
330 1211 358 1252 et
369 1217 478 1267 corpore
496 1200 618 1252 funditus
631 1203 678 1253 de-

147 1289 282 1337 seramus3
299 1271 429 1339 profectu,
443 1283 474 1323 ut
484 1288 545 1323 cum
561 1272 678 1324 Domino

148 1348 258 1413 spiritus
286 1361 357 1396 unus
382 1343 439 1394 fieri
469 1345 637 1396 anhelemus.
662 1365 677 1394 a

90 1461 94 1470 .
148 1419 226 1479 Quia,
245 1427 275 1467 ut
295 1417 331 1466 ait
355 1415 507 1480 Gregorius
530 1433 573 1465 :e
590 1417 677 1469 Tatrto

147 1489 209 1555 quis
226 1489 283 1539 Deo
306 1496 345 1536 est
361 1485 509 1550 proximus,
524 1497 626 1553 quanto
644 1488 679 1541 ub

147 1576 237 1613 amone
256 1558 351 1609 mundi
362 1568 402 1608 est
412 1558 522 1609 alienus.
540 1578 555 1606 s

178 1649 197 1683 a
214 1630 446 1683 uonstmevmm
459 1645 491 1680 ur
507 1645 629 1682 accursu
642 1647 680 1684 tut

147 1718 302 1753 ⁴animuum.
321 1729 352 1741 -
365 1701 416 1750 Hic
437 1701 523 1760 locus,
536 1716 584 1763 seu
598 1719 681 1756 mons

146 1775 275 1826 Caluariae
305 1782 425 1833 sanctus,
455 1788 579 1839 magnam
608 1775 679 1827 inter

146 1846 204 1895 loca
224 1853 314 1895 sancta
334 1843 439 1894 obtinet
462 1843 630 1909 dignitatem,
652 1856 679 1899 et

147 1914 292 1965 maximam
305 1914 341 1964 ob
354 1913 513 1978 memoriam
529 1915 679 1970 Dominicae

146 1983 285 2035 Passionis
299 1983 380 2035 habet
395 1985 612 2049 compunctionis
620 1987 678 2037 vir-

147 2066 252 2119 tutem3
282 2055 311 2105 in
340 2070 395 2123 quo
429 2055 561 2106 Dominus
587 2070 678 2110 noster

146 2143 242 2195 magna
254 2136 280 2177 et
294 2127 425 2191 stupenda
437 2127 540 2192 operari
554 2127 678 2194 dignatus

144 2209 196 2262 est,
208 2198 307 2264 quibus
325 2197 358 2247 ad
375 2197 531 2248 memoriam
552 2200 677 2260 reductis,

145 2285 190 2319 cor
206 2268 349 2320 contritum
365 2276 393 2317 et
410 2267 584 2319 humiliatum·
600 2285 678 2321 corn·

147 2339 283 2407 pungitur,
296 2349 322 2390 et
340 2337 416 2404 quasi
429 2340 554 2390 torculari
572 2340 678 2406 passio-

146 2412 188 2463 nis
214 2414 337 2478 lacrymae
365 2411 559 2477 compassionis
585 2414 681 2480 expri-

146 2493 264 2533 muntur.
290 2484 329 2533 De
353 2483 404 2533 hoc
426 2499 490 2550 ergo
513 2495 610 2537 monte
630 2501 677 2537 seu

145 2554 213 2612 loco,
226 2563 253 2603 et
274 2552 318 2603 his
338 2569 399 2619 quae
416 2554 454 2604 ibi
474 2553 582 2614 fiebant,
596 2557 678 2607 debes

143 2640 215 2692 saepe
241 2634 267 2676 et
292 2627 408 2677 maxime
431 2627 459 2676 in
483 2630 676 2682 tentationibus

145 2697 291 2761 recordari;
311 2708 338 2747 et
367 2699 475 2763 quando
498 2699 547 2750 tibi
572 2703 677 2755 exstin-

145 2779 203 2820 ctus
234 2778 275 2819 est
303 2768 372 2834 ignis
399 2769 569 2830 deuotionis,
596 2788 678 2839 perge

145 2841 217 2902 illuc,
232 2850 258 2890 et
274 2839 368 2908 collige
387 2839 420 2891 de
438 2840 521 2905 lignis
537 2842 635 2903 crucis,
650 2854 676 2895 et

145 2930 191 2980 per
209 2914 266 2964 haec
284 2913 374 2979 ignem
398 2913 556 2978 huiusmodi
578 2915 674 2968 iterum

144 2983 293 3035 suscitabis.
324 2984 403 3035 Mons
426 2993 515 3034 autem
539 2985 674 3049 Calvarim

144 3056 172 3107 in
201 3071 255 3120 quo
284 3054 428 3107 crucifixus
456 3065 496 3106 est
526 3057 677 3120 Dominus,

144 3143 227 3193 prope
240 3143 331 3193 quem.
348 3129 380 3178 ad
402 3128 598 3196 quinquaginta
613 3147 676 3197 pas·

143 3213 199 3256 sus,
212 3207 253 3248 est
266 3199 440 3263 sepulchrum
457 3200 524 3263 eius,
535 3210 592 3251 erat
602 3211 675 3253 exnu

144 3267 279 3318 civitatem
305 3269 338 3318 ad
357 3270 528 3335 Aquilonem.
543 3271 675 3323 Dominus

145 3338 218 3388 enim
235 3353 336 3405 passus
357 3351 382 3390 et
400 3343 520 3406 sepultus
533 3350 576 3394 est
592 3351 676 3396 extra

140 3416 266 3476 portam5
290 3426 371 3477 quem
396 3424 516 3465 montem
536 3426 562 3466 et
584 3417 674 3469 locum

144 3484 287 3544 sepulturae
303 3481 412 3532 Domini
425 3483 514 3536 AElius
529 3487 675 3551 Imperetur

143 3550 279 3602 Adrianus
292 3551 402 3603 inclusit
415 3552 484 3604 intra
497 3557 602 3616 urbem,
614 3572 676 3607 am·-

143 3619 230 3685 plians
250 3636 308 3670 eam
326 3637 418 3673 versus
436 3625 598 3689 Aquilonem
615 3636 674 3687 eta

142 3689 227 3755 capite
239 3693 369 3756 usquead
381 3693 461 3758 pedes
472 3710 551 3746 muro
564 3696 673 3762 cingens

142 3760 273 3812 eamdem.
291 3763 322 3812 ln
342 3778 397 3828 quo
411 3765 470 3817 loco
486 3777 578 3830 postea
590 3767 675 3819 Chri-

141 3829 221 3882 stiani
240 3832 364 3885 ecclesias
384 3833 462 3896 duas,
483 3836 534 3886 sub
553 3852 611 3887 uno
630 3845 673 3888 tu-

437 227 610 279 SECUNDAE
626 226 752 277 Pauus
766 228 882 280 CAPUT
899 229 989 279 LXlll'.

732 360 794 395 men
810 354 886 405 tecto,
900 356 1123 409 construxerunt3
1135 357 1262 399 montem·

732 431 784 481 que
803 418 930 469 Calvariae
952 429 977 468 et
997 419 1088 469 locutu
1109 421 1259 485 sepultura,

732 497 757 537 et
777 490 862 539 multa
876 504 948 539 sacra
963 490 1020 540 loca
1039 490 1110 540 intra
1130 506 1175 541 eas
1197 506 1261 541 con·

731 559 876 610 cluserunt.
893 560 917 609 Α
931 569 1023 609 monte
1040 560 1114 610 enim
1136 561 1260 613 Calvariae

730 646 823 683 versus
854 632 1027 682 Occidentem
1057 633 1260 697 descendendo,
1303 690 1305 697 ,

731 703 764 751 ad
787 703 853 752 duas
873 717 972 752 cannas
991 712 1032 752 est
1051 703 1190 768 Golgotha
1209 704 1261 755 sire
1303 730 1305 741 =

731 774 859 835 Calvaria‚
879 775 926 824 ubi
947 783 987 825 est
1005 775 1115 826 ecclesia
1138 777 1261 843 oblonga,

731 847 759 896 in
781 862 834 912 qua
854 856 962 913 apparet
982 847 1057 914 rupis
1078 847 1134 908 illa,
1160 848 1190 900 in
1211 864 1262 917 qua

731 933 799 970 cmx
806 928 897 969 sancta
908 934 969 968 cum
984 928 1101 984 portaret
1113 920 1259 972 Dominum

730 1001 786 1041 erat
806 989 873 1051 fixa,
898 1000 1003 1057 patente
1023 991 1111 1042 adhuc
1131 991 1262 1045 foramine

731 1061 760 1110 in
779 1075 844 1125 rupe
862 1060 936 1125 ipsa;
953 1060 1000 1126 qui
1019 1061 1095 1111 locus
1113 1062 1202 1113 crucis
1221 1063 1260 1113 di·

729 1141 782 1183 stat
794 1131 881 1183 tribus
898 1132 1000 1191 cannis,
1013 1132 1056 1183 vel
1070 1131 1150 1193 circa,
1164 1132 1262 1184 scilicet

731 1200 847 1252 sedecim
867 1200 994 1269 gr'adibus
1015 1217 1030 1251 a
1048 1201 1193 1267 superficie
1209 1212 1261 1253 ter·
1295 1234 1300 1239 -

732 1287 777 1336 rau
796 1272 848 1322 boc
870 1282 910 1322 est
931 1287 946 1321 a
965 1272 1117 1336 pavimento
1136 1272 1259 1325 ecclesiae.

732 1344 779 1394 Est
799 1343 879 1393 etiam
898 1343 935 1392 ibi
954 1342 1006 1392 alia
1026 1342 1135 1408 grandis
1150 1344 1263 1395 scissura

732 1431 778 1481 per
789 1424 873 1464 totam
884 1423 996 1478 petram,
1006 1430 1067 1480 quae
1077 1415 1262 1479 testimonium

731 1485 856 1552 perbibat
875 1501 922 1551 per
941 1500 1019 1535 suum
1034 1486 1262 1547 κάκωσιν

654 1578 657 1583 ·
731 1557 842 1625 guinem
854 1556 896 1608 sui
910 1557 931 1607 F
932 1556 1090 1607 abricatoris
1101 1573 1135 1610 se
1143 1557 1262 1611 smine?

731 1644 947 1696 msuequaquum
967 1629 1101 1694 potuisse;
1122 1629 1187 1696 ipsu
1201 1644 1265 1683 vere

731 1714 805 1770 petru
820 1703 903 1757 altior
913 1712 952 1755 est
971 1719 1054 1768 quam
1067 1704 1264 1769 pavissem

730 1789 817 1840 usque
836 1773 880 1826 ‘sd
904 1789 991 1841 mnus
1019 1773 1265 1830 circumstantium

730 1845 833 1896 Deinde
845 1846 880 1896 ad
891 1845 1089 1911 quinquaginta
1099 1861 1207 1910 passm,
1222 1846 1264 1899 ud

730 1917 806 1980 circs,
824 1926 863 1968 est
884 1916 1061 1981 sepulchrum
1074 1916 1198 1979 Domini,
1217 1917 1261 1972 nu

730 1996 773 2038 est
794 1986 902 2039 ecelesia
925 1987 1014 2038 Sancti
1037 1988 1190 2053 Sepulchri.
1215 2003 1263 2043 m

731 2059 948 2111 Resurrectionis
960 2059 1110 2113 Dominicis
1131 2061 1262 2126 totunm

730 2130 777 2181 sed
801 2130 901 2180 chorus
917 2130 1088 2195 protenditur
1102 2130 1132 2181 irs
1151 2131 1264 2198 longe-

729 2217 791 2252 cum
813 2201 972 2262 sanctuario,
995 2202 1022 2251 in
1045 2217 1102 2268 quo
1121 2212 1166 2255 est
1185 2218 1264 2257 ωσι·

730 2288 806 2323 mum
822 2273 913 2332 altare,
932 2282 959 2322 et
978 2282 1146 2323 sustentumr
1160 2273 1264 2327 deusd*

729 2344 782 2393 cim
794 2342 947 2394 columnis:
960 2343 1006 2393 sed
1017 2343 1263 2409 utraqueeccffl

729 2413 832 2466 scilicet
845 2412 899 2463 ista
916 2421 945 2463 et
957 2412 1102 2478 Golgotbu,
1116 2429 1179 2481 uno!
1193 2422 1264 2467 tucn

729 2495 769 2536 est
792 2494 871 2537 tecta.
902 2479 980 2534 ll'nde
1001 2482 1114 2548 quidam
1142 2484 1215 2537 lianc
1237 2494 1264 2537 et

728 2559 803 2610 iliam
814 2573 897 2609 unam
909 2557 1002 2607 dicunt
1014 2571 1080 2618 esse,
1091 2557 1264 2613 nominum

728 2646 788 2681 earn
816 2628 955 2681 ecclesium
983 2627 1072 2678 Sancti
1099 2628 1260 2695 Sepulchri,

728 2718 775 2753 seu
797 2700 1011 2752 Resurrectionis
1030 2700 1191 2753 Dominicis,
1208 2702 1263 2753 Lo-

727 2789 774 2824 cus
785 2782 874 2823 autem
888 2771 975 2822 crucis
984 2771 1133 2838 predictus
1141 2772 1261 2833 ussat,

727 2853 759 2894 ut
771 2843 875 2910 positus
889 2841 918 2892 in
937 2843 1027 2893 medio
1041 2853 1117 2894 terrae
1128 2845 1264 2910 sdespo

726 2916 839 2965 seudum
860 2913 910 2964 Dei
928 2913 1110 2979 cognitionem
1132 2914 1261 2965 omibus

727 2985 859 3036 Gentibus
873 2995 942 3035 esset
953 2984 1077 3049 aequalis3
1093 2985 1168 3036 uude
1180 2998 1260 3051 super

727 3057 801 3107 hunc
823 3056 912 3107 locum
933 3056 1066 3123 scriptum
1085 3065 1126 3106 est
1146 3057 1259 3109 Graece:

727 3128 777 3179 Hie
789 3128 965 3179 Deusnoster
982 3136 1044 3177 ante
1060 3127 1152 3178 seculu
1162 3142 1259 3193 operu-

727 3208 772 3249 tus
797 3206 837 3248 est
864 3198 979 3247 salutem
1004 3196 1033 3247 in
1056 3197 1147 3249 medio
1173 3208 1259 3249 terret

727 3268 850 3319 Tradunt
863 3277 954 3317 autem
966 3266 1062 3328 ludaei,
1075 3277 1106 3318 ut
1119 3268 1260 3336 Hiar-ouf-

727 3351 786 3389 mus
801 3336 847 3396 sit,
870 3338 944 3403 quod
963 3337 993 3388 in
1010 3337 1063 3389 boc
1082 3338 1143 3389 looo
1160 3336 1262 3390 mnus

726 3407 882 3459 immolatus
898 3417 938 3457 est
952 3407 1020 3459 eries
1032 3423 1081 3472 pro
1096 3409 1179 3459 lsuac.
1198 3406 1263 3461 llu-

727 3480 764 3529 de.¹
792 3479 963 3544 Augustinus
993 3495 1001 3529 :
1029 3498 1044 3529 e
1074 3480 1261 3546 Hierony-re

726 3549 866 3615 presbyter
876 3550 984 3616 scripsit
994 3551 1028 3601 ab
1041 3551 1203 3617 antiquitat
1214 3564 1259 3603 κ·

727 3623 852 3675 nioribus
864 3623 964 3675 ludaeis
978 3639 1007 3674 se
1026 3624 1176 3676 certissime
1192 3638 1259 3691 eog-

727 3695 849 3759 norisse,
878 3695 953 3761 quod
977 3695 1014 3747 ibi
1043 3696 1204 3748 immolatus
1223 3693 1260 3746 sit

726 3766 807 3828 Isaac,
829 3766 877 3817 ubi
903 3775 995 3831 postes
1020 3766 1150 3819 Christus
1165 3764 1257 3819 musi·

724 3834 794 3889 fixus
809 3846 859 3889 est.
872 3855 886 3885 u
901 3836 958 3887 Sub
978 3837 1030 3889 isto
1047 3837 1106 3888 loco
1121 3847 1163 3890 est
1182 3837 1256 3889 beu·
