2626 4328
236 230 285 280 DE
300 229 522 280 ASCENSIONE
549 229 677 281 DOMINI
693 232 825 284 NOSTRI
840 235 921 286 JESU
935 234 1083 289 CHRISTI.
1164 240 1220 309 74q

95 358 168 409 rent,
190 347 255 413 quia
277 346 339 396 inde
365 346 507 396 ascendere
526 346 633 397 volebat

97 420 128 470 in
159 418 266 468 coelum.
291 417 324 466 Et
346 426 408 466 tunc
431 416 581 482 disparuit,
606 426 632 467 et

97 490 206 543 evanuit
218 490 251 538 ab
266 488 352 538 oculis
368 503 471 538 eorum.
488 488 537 538 Per
550 503 632 540 mon-

97 572 163 622 tem,
177 560 337 625 intelligitur
351 559 497 610 eminentia
516 559 632 625 Spiritus

99 633 129 683 ἰιι
148 630 390 694 contemplatione3
413 644 460 695 per
482 630 566 681 olivas
581 645 632 681 au-

98 717 164 766 tem,
181 704 355 771 pinguissimi
372 704 484 770 spiritus
499 703 629 755 devotio:

97 778 212 831 ulterius
232 793 295 828 vero
311 788 372 844 post
396 778 447 829 ista
472 794 527 828 non
550 787 631 828 restat

98 850 153 901 nisi
174 851 257 900 saltus
277 849 375 901 animae
389 849 418 898 in
435 849 542 899 coelum.
553 849 630 914 Apo-

96 920 160 972 stoli
191 920 273 986 igitur
298 920 433 980 undecim,
457 935 520 969 cum
545 920 630 969 Matre

95 989 208 1041 Domini
232 1006 262 1040 ac
285 991 346 1040 aliis
365 989 506 1055 discipulis
520 998 546 1040 et
567 1005 629 1039 mu-

94 1062 209 1114 lieribus
222 1062 386 1112 unanimiter
398 1061 487 1112 statim
499 1071 630 1112 venerunt

96 1135 261 1202 in,montem
285 1132 394 1193 Oliveti,
409 1131 433 1182 ei
454 1131 555 1183 ibidem
577 1132 629 1181 ite.—

96 1223 159 1258 rum
185 1206 319 1257 Dominus
341 1206 380 1255 eis
407 1203 538 1270 apparuit.
565 1203 630 1254 Ecce

96 1279 234 1344 quomodo
256 1278 338 1327 habes
355 1276 435 1325 hodie
456 1276 523 1335 duas
545 1289 629 1340 appa-

96 1351 218 1402 ritiones.
246 1349 377 1414 Conspice
400 1364 471 1398 nunc
492 1349 558 1398 bene
582 1363 629 1398 eos

96 1436 123 1477 et
137 1436 231 1476 cuncta
247 1440 308 1491 quae
329 1424 407 1474 fiunt.
424 1423 570 1474 Considera
584 1422 630 1473 ni-

96 1497 248 1548 hilominus
277 1505 381 1547 sanctos
410 1497 501 1546 Patres
528 1495 629 1545 ibidem

96 1570 272 1621 invisibiliter
300 1569 462 1628 existentes,
491 1567 629 1634 quomodo

97 1642 213 1692 libenter
225 1651 251 1691 et
262 1651 413 1691 reverenter
426 1640 567 1695 intuentur
579 1639 631 1689 Do·

98 1711 201 1761 minam
232 1721 258 1761 et
289 1710 431 1760 affectuose
461 1710 629 1769 benedicunt,

97 1799 238 1850 perquam
256 1794 358 1833 tanturn
375 1783 490 1833 assecuti
505 1792 569 1833 sunt
582 1783 630 1832 be-

97 1853 240 1915 neficium
257 1853 394 1919 quomodo
417 1852 497 1902 etiarn
518 1852 629 1902 intuen-

96 1932 141 1975 tur
158 1925 220 1976 illos
239 1926 355 1975 excelsos
376 1924 481 1989 pugiles
503 1932 529 1973 et
549 1923 629 1973 duces

95 1995 181 2046 divini
203 1995 345 2055 exercitus,
362 2010 432 2060 quos
452 1994 523 2044 inter
537 2008 630 2043 omnes

94 2066 128 2116 ad
142 2067 349 2132 expugnandum
361 2075 387 2115 et
396 2065 558 2116 vincendum
571 2064 631 2114 uni·

93 2151 202 2187 versum
226 2136 360 2185 mundum
384 2135 464 2201 elegit
484 2135 629 2185 Dominus.

124 2222 141 2272 7
159 2206 286 2265 Qumsrro
300 2221 332 2253 os
344 2220 537 2255 assrrrurrorm
551 2220 631 2254 asom

94 2277 198 2337 Isarae.
216 2304 245 2315 -
259 2277 337 2326 Tunc
353 2276 466 2342 quidam
480 2291 512 2326 ex
526 2276 570 2326 his
584 2276 630 2342 qui

92 2354 285 2410 conuenerant,
305 2354 441 2411 caeperunt
462 2362 520 2397 eum
543 2347 629 2397 inter·-

93 2431 206 2482 rogare,
233 2418 350 2468 dicentes
376 2435 384 2467 s
408 2418 530 2479 Domine,
554 2418 580 2466 si
600 2417 628 2466 in

94 2496 212 2554 tempore
249 2490 298 2540 hoc
344 2489 470 2539 restitues
513 2502 628 2554 regnum

94 2555 208 2609 Israel?
223 2558 339 2618 Quidam
358 2557 477 2622 imperiti
492 2568 518 2608 et
531 2573 627 2608 carna-

93 2629 157 2678 liter
181 2629 327 2694 sapientes,
353 2629 474 2679 videntes
497 2628 627 2694 alienige-

92 2704 284 2768 nam'regnare,
294 2713 319 2752 et
329 2703 342 2752 J
346 2704 437 2752 udaeos
447 2703 498 2753 sub
511 2702 626 2752 Praeside

92 2789 169 2835 esse,
195 2776 384 2825 desiderabant
411 2776 484 2841 quod
511 2791 625 2841 regnum

91 2845 185 2910 ipsum
206 2846 311 2895 nationi
326 2847 442 2896 ludaicae
463 2847 625 2906 redderetur,

92 2929 119 2969 et
140 2920 297 2984 qrraerebant
320 2921 352 2970 de
368 2919 538 2970 restitutione
550 2920 625 2986 regni

93 2989 173 3039 lsrael
194 2989 367 3054 temporalis3
392 2999 418 3040 et
438 2990 476 3039 sic
496 2991 553 3039 Rex
575 2989 625 3038 Ju-

92 3062 159 3112 daeis
172 3063 279 3112 daretur
290 3063 342 3113 hoc
356 3074 486 3128 ternpore,
502 3072 626 3128 putantes

91 3144 157 3185 tunc
175 3149 189 3185 a
212 3136 330 3185 Domino
352 3151 464 3201 regnum
478 3135 625 3185 restituen-

91 3207 169 3269 dum,
188 3217 214 3257 et
235 3223 250 3257 a
274 3208 397 3257 dominio
414 3207 624 3274 alienigenarum

91 3278 193 3329 scilicet
209 3279 368 3343 Gentilium,
390 3280 437 3346 qui
455 3279 554 3330 Judaeis
573 3279 624 3329 do-

91 3349 267 3399 minabantur
290 3351 483 3415 liberandum;
505 3349 575 3400 sicut
599 3359 625 3401 et

90 3420 147 3469 duo
166 3418 291 3486 discipuli
316 3422 455 3486 putabant,
478 3421 595 3471 dicentes
616 3437 624 3469 r

91 3494 153 3543 Nos
175 3499 264 3543 autem
287 3494 462 3561 sperabamus
480 3494 543 3560 quia
567 3494 625 3558 ipse

92 3550 164 3614 ess&
191 3564 377 3632 redempturus
411 3564 508 3616 Israel.
536 3565 574 3614 Ac
601 3564 625 3614 ai

92 3635 138 3685 isti
158 3636 355 3702 interrogantes
378 3651 449 3695 eunt,
475 3635 593 3685 dicerent
616 3650 623 3684 ε

94 3707 235 3774 Numquid
259 3709 312 3758 hoc
334 3717 454 3773 ternpore
480 3706 625 3773 regnabis,

93 3777 164 3830 sicut
183 3780 278 3839 David,
292 3789 318 3829 et
338 3780 476 3839 Salomon,
491 3787 517 3828 et
536 3777 626 3828 domi·

93 3848 200 3905 naberis
222 3848 393 3902 nationibus?
415 3847 470 3900 Alii
483 3862 546 3900 vero
566 3862 634 3899 ma-¹

681 348 722 413 gis
736 349 870 412 instructi,
886 352 999 403 scientes
1012 354 1211 406 restitutionem

681 420 755 470 illam
783 439 838 473 non
864 424 917 474 nisi
940 424 1057 476 finaliter
1082 426 1211 490 futuram,

680 491 781 557 scilicet
800 493 870 544 circa
883 505 1004 560 tempora
1016 497 1117 562 judicii,
1132 514 1209 565 quae—

680 563 774 614 rebant
795 563 827 614 de
841 565 1010 617 restitutione
1030 567 1106 633 regni
1132 569 1212 620 Israel

681 634 865 700 spiritualiter,
879 638 980 689 scilicet
1000 639 1033 689 de
1052 639 1212 691 liberatione

682 716 708 757 et
721 706 876 758 dilatatione
896 709 1029 761 Ecclesiae.
1043 710 1081 760 Ac
1101 710 1123 760 si
1137 711 1212 762 dice-

683 788 762 828 rent:
778 776 918 844 Numquid
936 780 988 830 hoc
998 790 1119 847 tempore
1132 780 1215 832 facies

683 848 756 915 quod
781 848 929 914 promisisti
957 851 1108 902 Ecclesiae?
1134 851 1213 904 Unde

682 921 853 987 Augustinus
866 935 876 969 .·
891 938 904 967 a
916 920 986 987 Ergo
1000 922 1125 988 discipuli
1137 922 1215 974 Chri·

681 994 717 1045 sti
739 993 878 1044 deducturi
904 1004 1012 1060 aspectu
1039 1009 1213 1048 ascensurum

683 1064 833 1129 Christum,
848 1066 1081 1132 interrogaverunt
1097 1083 1170 1129 euru,
1186 1079 1213 1119 et

682 1136 807 1186 dixerunt
829 1137 853 1186 ei
877 1152 884 1186 :
909 1137 1041 1198 Domine,
1059 1138 1082 1188 si
1106 1139 1134 1189 in
1161 1141 1213 1191 boc

682 1217 803 1273 tempore
824 1207 1038 1274 prasentaberis3
1061 1217 1088 1258 et
1105 1213 1213 1276 quando

682 1294 794 1345 regnum
808 1278 906 1330 lsrael?
923 1279 1001 1338 Quod
1027 1280 1158 1347 regnum?
1173 1283 1212 1333 De

681 1365 742 1416 quo⁴
764 1349 884 1400 dicimus
910 1365 917 1400 ι
943 1350 1079 1402 Adueniet
1100 1366 1214 1416 regnum

683 1427 769 1487 tuum,·
792 1422 824 1471 de
854 1437 908 1487 quo
938 1421 1056 1472 audituri
1092 1432 1156 1473 suut
1180 1424 1214 1474 ad

682 1495 817 1544 dexteram
839 1494 920 1560 positi
940 1511 947 1544 ε
965 1495 1065 1558 Venite,
1085 1495 1214 1548 beredictr'

681 1564 778 1614 Patris
800 1565 860 1628 mei,
874 1565 1007 1631 percipite
1028 1580 1150 1632 regnum,
1164 1575 1213 1618 etur

682 1637 733 1709 Spd
755 1637 863 1703 quando
885 1637 943 1687 hoc'
961 1652 1085 1703 regnum,
1104 1640 1213 1705 quando

681 1724 794 1775 regnum
816 1719 941 1770 tuorum,
965 1712 1075 1775 quando
1099 1727 1214 1778 regnum

682 1780 840 1842 humilium,
856 1781 986 1847 quamdiu
1000 1783 1102 1848 typhus
1116 1799 1214 1850 super-

682 1853 803 1914 borum?
834 1855 949 1915 Quando
981 1865 1125 1907 venturum
1159 1856 1212 1918 sit,

682 1925 748 1991 quid
770 1924 864 1975 ad'te?
887 1925 932 1976 Sic
951 1925 1011 1976 vive
1034 1927 1111 1993 quasi
1132 1927 1214 1978 hodie

682 2004 826 2046 venturum
843 1996 888 2056 sit,
903 2006 930 2046 et
945 2012 1005 2046 non·
1023 1997 1131 2048 timebis
1151 2015 1213 2050 cum

682 2067 805 2117 venerit:
821 2084 835 2114 u
849 2066 905 2118 haeo
920 2067 1101 2132 Augustinus.
1116 2068 1215 2120 Domi-

683 2153 735 2188 nus
754 2147 843 2187 autem
861 2152 943 2202 super
963 2137 1015 2186 hoc
1036 2153 1091 2187 non
1114 2139 1215 2190 certifi-

681 2209 752 2259 cavit
764 2224 819 2268 eos,
833 2223 866 2258 ex
882 2208 1000 2272 quodam
1013 2217 1113 2267 tamen,
1128 2208 1156 2257 in
1168 2225 1213 2258 re·

682 2278 830 2344 sponsione
863 2278 920 2342 ejus
960 2276 1071 2342 posito,
1105 2289 1214 2342 possent

682 2351 833 2417 intelligere
846 2350 1044 2400 restitutionem
1058 2349 1133 2399 illam
1144 2351 1213 2401 mul-

681 2421 716 2470 tis
743 2421 910 2485 temporibus
939 2420 1123 2470 differendam.
1147 2421 1212 2472 Non

680 2497 728 2553 est,
741 2490 839 2557 inquit,
857 2498 974 2540 vestrum
989 2504 1067 2540 nosse
1081 2496 1210 2557 tempora,

679 2562 721 2613 vel
739 2568 879 2626 momenta,
898 2577 957 2628 quae
971 2563 1058 2613 Pater
1072 2563 1166 2627 posuit
1184 2563 1212 2613 in

679 2650 729 2686 sua
737 2641 878 2701 potestate,
892 2635 919 2685 id
931 2645 971 2686 est
983 2651 1127 2687 numerum
1139 2646 1211 2687 tem-

679 2722 775 2772 porum
799 2715 825 2757 et
846 2716 1046 2757 momentorum
1070 2723 1157 2774 usque
1178 2710 1211 2759 ad

677 2777 763 2827 finem
783 2777 876 2840 seculi,
900 2793 963 2844 quae
990 2787 1095 2828 tantum
1120 2787 1212 2843 patent

678 2848 798 2899 scientiae
812 2848 896 2899 Patris
910 2850 973 2900 mei.
989 2849 1050 2899 Non
1071 2857 1112 2899 est
1126 2849 1210 2914 quip-

679 2935 711 2984 pe
722 2919 876 2985 aliquorum
895 2935 974 2969 nosse
988 2929 1119 2984 tempora,
1140 2919 1210 2969 ultra

678 2990 751 3055 quod
785 2989 918 3039 revelatur
942 2988 983 3039 vel
1014 2989 1130 3039 traditur
1163 3005 1211 3055 per

677 3059 838 3125 Scripturas,
859 3059 924 3124 quia
943 3060 995 3110 hoc
1013 3070 1053 3110 est
1077 3075 1208 3126 praesum·

678 3130 796 3196 ptionis;
818 3129 865 3179 sed
889 3129 1039 3180 secundum
1060 3130 1211 3197 Scripturas

677 3217 764 3262 nosse,
786 3211 825 3252 est
848 3201 1020 3253 eruditionis.
1042 3204 1080 3253 Ac
1094 3202 1117 3252 si
1138 3203 1211 3253 dice-

677 3284 718 3326 ret
744 3292 753 3325 s
779 3274 821 3325 Ad
845 3290 894 3325 vos
920 3291 974 3325 non
1002 3276 1117 3342 pertinet
1144 3275 1211 3326 scire

678 3350 775 3411 futura,
800 3364 862 3415 quae
881 3348 911 3398 in
938 3350 995 3400 sola
1019 3350 1067 3400 Dei
1091 3350 1211 3416 disposi-

676 3421 750 3488 tione
767 3429 830 3470 sunt
851 3421 956 3486 posita;
974 3421 1008 3471 de
1022 3418 1141 3488 quorum'
1158 3437 1211 3472 nu-

679 3506 752 3542 mero
775 3501 815 3542 est
837 3491 913 3556 regni
939 3491 1042 3542 Judaici
1066 3491 1210 3543 restitutio.

679 3563 747 3612 Nam
765 3563 856 3628 ipsum
878 3562 1075 3613 restituendum
1094 3579 1150 3614 non
1170 3577 1212 3614 est

678 3633 827 3693 carnaliter,
839 3633 887 3682 sed
900 3633 1084 3699 spiritualiter,
1099 3634 1208 3700 quando
1222 3664 1224 3670 ·

678 3703 746 3752 circa
759 3702 842 3753 finem
858 3704 939 3754 seculi
959 3704 1042 3754 Judoei
1061 3703 1209 3755 credentia

679 3773 828 3834 Christum,
843 3775 890 3841 qui
913 3774 966 3824 fuit
984 3775 1041 3825 Rex
1059 3789 1169 3836 eorum;·
1183 3784 1210 3822 et

680 3847 927 3928 quandopeguabit
951 3849 983 3906 itt¹
1001 3849 1078 3900 domo
1104 3846 1205 3906 Jacob,
