2626 4328
696 85 707 115 ae

203 265 249 315 DE
269 257 438 315 PASSIONE
453 261 580 313 DOMINI
603 260 822 325 MEDITANDA,
841 264 875 315 IN
896 265 1090 317 GENERALI.
1164 266 1216 333 467

90 383 243 433 sideremus
259 379 332 430 illam
355 377 539 429 beatissimam
561 375 629 425 Pas-

92 453 197 503 sionem
206 451 238 501 ad
246 450 365 516 quietem
376 448 504 507 dulcoris,
514 447 588 514 quod
601 445 630 495 fit

92 541 155 576 cum
172 525 227 589 jam
244 525 378 574 resolutus
391 532 420 572 ut
439 520 495 570 dixi
511 519 630 571 sitibun-

90 598 143 648 dus
170 596 293 647 eamdem
319 594 474 645 Passionem
494 591 630 643 ruminare

93 685 149 719 non
162 677 256 727 cessat,
274 667 377 716 intrans
392 664 541 715 secundum
553 678 630 729 posse

94 742 122 791 in
146 739 226 789 illum
243 737 383 788 Passionis
397 737 555 786 thesaurum
574 735 629 785 hu·

94 809 195 861 militer
211 819 236 859 et
251 809 355 868 devote,
375 815 401 859 et
421 806 526 873 liquefit
539 821 630 856 amore

93 885 200 942 devoto,
216 894 243 933 et
260 880 362 932 fervida
381 879 524 930 devotione
542 876 630 928 deficit

95 970 109 1004 a
130 969 170 1018 se,
184 964 212 1004 et
227 950 346 1018 quiescit·
364 949 392 1000 in
416 948 525 1000 Christo
541 946 630 998 cruci-

96 1026 157 1076 fixo.
186 1023 240 1074 Sed
255 1031 356 1088 quanto
379 1021 440 1087 plus
457 1018 547 1070 deficit
569 1035 584 1069 a
601 1034 630 1069 se

96 1110 185 1146 amore
198 1104 226 1145 et
240 1091 400 1152 devotione,
417 1101 492 1141 tanto
507 1091 567 1156 plus
589 1088 630 1140 ei-

97 1168 157 1217 dem
171 1164 270 1216 dilecto
281 1179 329 1229 pro
341 1179 370 1214 se
384 1173 491 1213 mortuo
508 1161 630 1219 inhaeret,

98 1250 121 1290 et
146 1237 209 1304 plus
231 1235 374 1302 requiescit
397 1233 426 1284 in
447 1233 515 1299 ipso.
540 1233 572 1283 Et
593 1231 631 1282 sic

99 1321 233 1361 mutuose
254 1316 333 1374 auget
347 1307 466 1358 adhaesio
486 1316 513 1358 et
530 1305 631 1355 amoris

99 1381 214 1441 devotio,
233 1380 320 1430 donec
335 1378 408 1429 totus
428 1376 557 1429 deficiens
580 1377 630 1426 ab·

100 1455 237 1506 sorbeatur
261 1453 295 1501 ab
327 1451 374 1501 illo
401 1449 506 1500 camino
531 1448 631 1499 amoris

101 1527 234 1578 Passionis
243 1525 344 1575 dilecti.
360 1523 436 1574 Sicut
456 1523 485 1573 in
498 1522 630 1589 amplexi-

102 1599 149 1649 bus
171 1596 265 1664 sponsi
293 1610 392 1661 sponsa
411 1594 545 1661 quiescit,
570 1609 631 1659 quae

101 1670 191 1720 clamat
210 1675 236 1717 et
261 1665 327 1716 dicit
342 1665 468 1729 :Adiuro
484 1680 540 1727 vos,
557 1664 631 1730 filiae

103 1740 184 1801 Sion,
208 1751 242 1788 ne
270 1735 402 1802 evigilare
423 1735 542 1801 faciatis
560 1735 631 1785 dite-

103 1817 167 1862 ctam
178 1849 187 1875 ,
214 1809 298 1860 donec
321 1809 381 1873 ipsa
404 1807 476 1859 velit.
499 1807 543 1858 Sic
563 1807 631 1858 circa

105 1881 255 1932 Passionem
303 1879 412 1929 Domini
457 1879 535 1929 debet
574 1892 631 1928 esse

104 1951 214 2003 imitatio
238 1951 271 2000 ad
295 1949 495 2016 purgationem,
516 1959 543 1999 et
566 1947 633 1999 dire·

104 2022 227 2083 ctionem,
258 2020 409 2086 compassio
440 2021 471 2070 ad
502 2018 631 2070 unionem

105 2103 129 2144 et
157 2108 299 2152 amorem,
324 2090 466 2142 admiratio
495 2090 527 2142 ad
554 2105 633 2141 men-

105 2164 136 2216 tis
146 2163 331 2220 elevationem,
347 2161 475 2228 gaudium
484 2171 509 2212 et
522 2163 633 2237 exsulta-

104 2234 138 2285 tio
152 2235 185 2285 ad
198 2233 288 2286 cordis
299 2232 492 2292 dilatationem,
506 2233 633 2283 resolutio

105 2307 135 2357 ad
145 2305 288 2372 perfectam
297 2303 547 2367 conformationem,
558 2304 635 2371 quies

108 2386 130 2427 et
149 2377 269 2443 pausatio
284 2375 317 2425 ad
336 2374 485 2425 devotionis
503 2390 633 2426 consum-

108 2448 257 2498 mationem.

684 376 730 434 tia,
754 394 836 444 quam
862 379 1010 446 lacrymosa
1032 380 1132 432 inferni
1156 397 1218 449 sup·

683 447 772 512 plicia,
791 465 873 516 quam
893 451 1009 518 gratiosa
1030 452 1088 503 coeli
1112 454 1215 519 gaudia.

684 519 811 571 Christus
823 521 896 575 enim
912 537 1006 588 passus
1019 534 1060 574 est
1073 540 1121 590 pro
1131 526 1218 592 culpis

683 589 813 650 delendis,
835 607 883 657 pro
903 593 1045 659 suppliciis
1066 595 1145 646 nobis
1167 612 1216 646 au-

683 659 808 723 ferendis,
829 673 855 713 et
869 679 917 729 pro
932 665 1037 730 gaudiis
1048 666 1107 716 coeli
1125 667 1216 717 confe-

682 735 780 786 rendis.
796 737 860 787 Haec
874 737 902 787 in
915 739 1031 804 quadam
1046 739 1217 804 generalitate

683 816 747 856 sunt
765 806 851 870 dicta;
875 809 921 858 sed
938 808 1076 859 videamus
1096 810 1216 875 diligen-

683 885 723 927 ter
750 877 864 943 singula.
891 879 950 937 Non
977 878 1050 929 enim
1072 896 1122 930 nos
1141 881 1216 931 decet

682 948 779 999 taedere
794 949 839 999 illa
853 950 977 1016 cogitare,
999 966 1061 1018 quae
1076 951 1216 1002 Christum

683 1020 831 1071 Dominum
857 1037 912 1071 non
937 1022 1030 1073 taeduit
1050 1024 1175 1086 tolerare3
1190 1035 1216 1074 et

683 1103 763 1158 prout
776 1095 883 1155 dicitur,
896 1112 950 1145 non
967 1098 1056 1147 solum
1070 1098 1153 1148 semel
1169 1113 1216 1162 pro

683 1166 811 1217 omnibus
835 1168 893 1219 haec
916 1169 1037 1232 tolerare,
1063 1170 1109 1219 sed
1135 1169 1215 1220 etiam

683 1237 778 1288 iterato
802 1254 849 1304 pro
864 1239 1048 1304 peccatoribus
1061 1240 1177 1306 singuli-s
1194 1241 1216 1290 si

685 1326 792 1362 necesse
808 1321 879 1362 esset
890 1311 982 1362 omnia
996 1312 1129 1363 sustinere
1145 1314 1216 1365 deli-

685 1381 786 1432 beravit
812 1391 838 1432 et
873 1392 979 1447 paratus
1003 1381 1063 1432 fuit.
1091 1383 1115 1432 Ο
1145 1384 1217 1434 Deus

684 1468 770 1513 meus,
786 1451 968 1502 misericordia
985 1452 1061 1503 mea!
1082 1453 1153 1513 Quid
1179 1467 1218 1504 est

684 1522 754 1573 hoc?
770 1523 838 1582 Quis
854 1521 888 1572 ad
906 1532 1007 1572 tantam
1023 1521 1147 1588 pietatem
1162 1539 1217 1573 non

684 1595 866 1661 obstupescit?
880 1596 957 1647 Unde
968 1606 1076 1646 sanctus
1090 1597 1132 1646 vir
1146 1596 1215 1646 Car-

685 1683 736 1734 pus
760 1667 863 1718 dicebat
889 1683 918 1718 se
944 1666 1089 1732 aliquando
1113 1667 1217 1717 contri-

685 1749 784 1789 statum
808 1753 824 1789 a
848 1738 966 1804 quodam
988 1736 1148 1798 infidelium,
1170 1739 1217 1805 qui

685 1811 830 1880 quemdam
852 1811 954 1859 bonum
975 1810 1009 1859 ab
1034 1809 1149 1860 Ecclesia
1172 1826 1218 1861 se-

685 1883 806 1932 duxerat.
829 1881 954 1946 Cumque
975 1889 1056 1931 staret
1080 1879 1106 1930 in
1125 1881 1219 1933 divino

686 1952 831 2018 colloquio,
854 1950 1017 2016 indignatus,
1035 1966 1090 2000 non
1106 1965 1163 2002 esse
1175 1951 1220 2017 ju-

686 2033 759 2074 stum
773 2022 874 2082 dicens,
889 2021 912 2072 si
927 2021 1046 2072 viverent
1057 2021 1135 2087 impii
1150 2023 1220 2072 sub-

687 2104 821 2145 vertentes
840 2102 924 2143 rectas
938 2091 994 2142 vias
1009 2091 1129 2152 Domini,
1145 2093 1221 2157 petiit

686 2165 773 2215 aDeo
800 2163 862 2228 igne
886 2162 985 2214 coelesti
1006 2172 1153 2228 utrumque
1168 2161 1221 2211 im-

687 2235 895 2287 misericorditer
927 2234 1060 2285 consumi.
1092 2234 1127 2284 Et
1153 2234 1222 2285 vidit

687 2309 776 2360 subito
797 2307 826 2358 in
846 2307 952 2358 visione
976 2306 1068 2356 Jesum
1091 2305 1221 2356 humani-

687 2378 809 2430 formiter
819 2377 847 2427 in
860 2377 941 2426 dorso
955 2375 1024 2434 coeli,
1041 2375 1152 2440 Angelis
1166 2376 1217 2443 ipsi

687 2449 846 2511 astantibus,
863 2448 994 2499 dicentem
1018 2447 1070 2497 sibi
1095 2464 1101 2497 ι
1123 2448 1217 2514 Carpe,

139 2533 167 2567 12
190 2517 261 2568 Trua
283 2533 343 2575 Qun
368 2532 417 2566 uos
431 2517 525 2566 Passio
541 2531 633 2566 nocar.
688 2521 782 2586 Carpe,
797 2529 903 2584 paratus
917 2533 978 2568 suns
994 2533 1043 2584 pro
1056 2517 1217 2569 hominibus

109 2589 230 2641 —Docet
244 2599 335 2641 autem
353 2589 446 2639 Passio
461 2588 561 2640 Christi
574 2588 633 2648 tria,
688 2589 853 2642 resalvandis
868 2589 964 2641 iterum
979 2588 1043 2654 pati.

109 2662 204 2715 scilicet
216 2680 223 2714 z
237 2679 324 2731 quam¹
339 2663 431 2713 odiosa
449 2661 502 2712 sint
516 2663 572 2713 Deo
589 2660 634 2712 vi-

596 2906 730 2957 ORATIO

140 3075 300 3145 Dulcissime
322 3075 438 3126 Domine
454 3076 529 3137 lesu,
542 3075 664 3138 infunde,
679 3075 798 3139 obsecro,
816 3071 1017 3124 multitudinem
1035 3067 1151 3119 caritatis
1171 3077 1222 3117 tuae

114 3145 176 3196 mihi
200 3147 345 3213 peccatori,
366 3157 397 3198 ut
418 3146 488 3197 nihil
502 3156 636 3198 terrenum
660 3148 702 3198 vel
720 3145 825 3197 carnale
833 3143 1001 3205 'desiderem
1019 3139 1065 3191 sed
1087 3150 1112 3190 te
1133 3138 1222 3188 solum

113 3235 186 3286 super
200 3221 293 3272 omnia
307 3221 427 3286 diligam,
447 3231 477 3272 ut
491 3221 598 3287 penitus
623 3231 718 3273 renuat
734 3219 866 3271 consolari
890 3218 980 3269 anima
996 3231 1065 3276 mea,
1082 3213 1135 3264 nisi
1153 3213 1222 3262 inte

113 3289 238 3342 Deomeo
251 3291 419 3342 dulcissimo.
434 3291 526 3343 Scribe
545 3291 631 3358 digito
651 3302 699 3342 tuo
716 3292 743 3342 in
759 3287 1027 3343 tabulis'cordismei
1050 3301 1143 3337 eorum
1162 3298 1223 3350 quae

114 3376 215 3426 prome
233 3361 373 3428 pertulisti
391 3362 562 3423 memoriam,
578 3372 608 3414 ut
625 3377 655 3412 ea
671 3377 777 3428 semper
801 3375 855 3427 prae
871 3361 958 3410 oculis
976 3357 1100 3413 habeam,
1117 3364 1143 3405 et
1159 3355 1222 3404 dul-
1306 3372 1309 3377 ·

113 3444 193 3486 cessat
206 3435 349 3485 mihinon
366 3435 454 3485 solum
469 3435 515 3485 illa
530 3434 662 3500 cogitare3
689 3435 736 3486 sed
758 3433 848 3494 etiam,
864 3432 887 3482 si
912 3445 1018 3481 necesse
1040 3430 1088 3488 sit,¹
1100 3441 1223 3494 promeo

114 3506 219 3558 modulo
238 3507 366 3571 tolerare;
392 3517 418 3558 et
442 3522 497 3557 non
518 3507 605 3558 solum
632 3506 682 3558 tibi
699 3522 731 3556 ex
745 3505 874 3556 omnibus
896 3503 999 3554 viribus
1022 3499 1145 3566 obsequi,
1176 3499 1221 3549 sed

114 3575 189 3628 etiarn
211 3586 322 3644 propter
336 3589 361 3630 te
379 3577 551 3630 contumeliis
568 3575 646 3639 affici,
667 3586 713 3628 aut
734 3584 802 3626 certe
817 3585 902 3626 morte
922 3572 1079 3640 turpissima
1094 3571 1225 3622 condem-

114 3648 286 3702 uariantes.
