2626 4328
321 108 367 157 DE
381 108 527 171 TERTIA,
544 108 580 158 lN
599 107 741 157 Pnssron'
746 109 766 159 E
782 109 918 160 DOMlNl.

59 223 220 274 verberibus
245 222 364 273 subdens
396 223 593 274 immanissime

58 296 219 362 murum,
230 306 256 346 et
267 296 391 361 undique
409 296 523 363 flagellis
536 305 597 346 atte-

58 368 132 428 nem,
148 367 365 432 verberibusque
386 368 527 418 cruciatur.
541 369 598 418 Stat

59 440 148 491 midos
172 455 265 490 curam
291 441 420 491 omuibus
441 440 597 491 amantissi-

59 528 116 562 mus
129 512 248 577 iuvenis,
261 513 370 578 elegans
381 524 410 564 et
419 514 595 572 verecundus,

58 594 81 633 et
91 583 162 634 silet.
172 585 207 633 ad
217 584 314 634 omnia
327 586 403 651 quasi
417 602 511 652 agnus.
525 587 595 652 Spe-

58 657 146 725 ciem
160 657 261 721 soma
277 672 342 724 proe
358 659 431 724 filiis
453 660 595 722 batumum,

12 774 21 789 ,
58 729 170 797 suscipit
178 731 257 789 dura,
268 743 360 795 aspera
374 743 401 782 et
409 732 535 783 dolorosa
544 733 596 784 fla-

58 803 123 867 gella
137 803 392 867 spurcissimorum.
407 805 535 856 Camilla
549 806 596 855 in-

58 874 252 925 nocentissima
276 885 302 925 et
324 877 487 938 tenerrima,
510 895 594 928 mun-

58 943 168 994 diuma
181 955 210 994 et
223 946 416 1010 pulcherrima,
433 947 483 998 flos
503 949 594 1020 omnis

58 1015 141 1066 carinis
155 1026 183 1066 et
197 1016 283 1067 totius
298 1015 421 1068 humanae
432 1028 543 1079 naturae,
554 1035 595 1070 re·

58 1087 141 1151 plenu
155 1087 254 1154 plagis,
270 1089 403 1140 livoribus
417 1100 443 1140 et
454 1090 591 1154 fraemris3

10 1164 12 1169 '
56 1157 213 1209 vulneratur
229 1173 277 1224 per
295 1168 384 1209 toturn
406 1176 504 1226 corpus
525 1161 592 1212 illud

55 1227 267 1287 metesinum,
280 1244 298 1279 a
310 1230 407 1296 planta
416 1232 498 1296 pedis
512 1247 593 1298 usque

56 1300 233 1352 admissu
246 1303 304 1367 ejus
316 1319 370 1354 non
387 1314 507 1356 remanet
520 1320 592 1356 sanae

56 1371 134 1434 prm's
157 1371 316 1438 vestigium,
336 1383 361 1423 et
383 1384 471 1424 totum
490 1375 522 1429 lit
541 1392 592 1426 ru-

58 1440 132 1491 brum
144 1442 343 1494 vestimentum
357 1461 446 1495 suum.
460 1447 533 1497 fluit
546 1463 593 1497 un·

57 1511 137 1578 dique
146 1514 244 1580 regius
259 1524 285 1564 et
301 1516 514 1580 pretiosissimus
529 1535 592 1569 sarr-

57 1583 112 1646 μὴ
127 1584 167 1634 de
180 1585 312 1636 omnibus
325 1587 447 1652 partibus
462 1591 591 1655 corporis,

57 1655 148 1719 etq‘us
160 1670 263 1721 corpus
277 1658 500 1710 candidissimum
514 1676 592 1711 cruo-

57 1739 82 1775 re
95 1727 159 1791 eius
170 1743 254 1778 mser
271 1729 421 1781 rubricatur
433 1747 481 1797 per
494 1741 591 1785 totum.

57 1796 261 1862 Sttpemidimr,
278 1799 418 1850 reiteratur
436 1813 465 1852 et
491 1803 592 1868 spissa-

57 1873 98 1916 tur
107 1867 190 1932 plaga
203 1882 286 1934 super
299 1870 414 1934 plagam,
429 1873 501 1922 livor
511 1889 592 1941 super

57 1937 177 1999 bomar,
196 1939 312 1991 fractura
335 1957 416 2008 super
437 1943 590 2008 fracturam,

58 2009 163 2075 anguis
185 2025 269 2075 super
287 2013 461 2078 sanguinem,
484 2032 591 2082 quous-

58 2094 105 2144 que
117 2091 177 2131 tam
191 2083 342 2134 tortoribus
358 2100 440 2150 quam
455 2088 591 2154 inspecto-

58 2151 128 2202 ribus
151 2151 280 2219 fatigatis,
299 2157 366 2206 solvi
380 2157 489 2221 jubetur
504 2176 521 2211 a
543 2177 590 2212 co-

58 2221 165 2288 hme,
195 2224 242 2274 cui
266 2225 320 2276 fuit
344 2227 479 2293 alligatus.
505 2233 591 2298 Cujus

57 2293 190 2345 mne
199 2295 292 2362 aliqua
300 2311 362 2362 pars
375 2301 527 2353 ostenditur
537 2305 590 2355 Ro-

57 2379 104 2417 nae
125 2366 157 2418 in
179 2368 296 2419 eoelesia
322 2380 421 2425 sanctae
447 2374 588 2438 Praredis,

58 2437 140 2502 nior
157 2447 253 2489 nunu
279 2454 344 2504 pars
367 2440 453 2493 fertur
475 2461 533 2498 esse
560 2448 589 2498 in

57 2511 165 2561 ecclesia
181 2510 287 2561 mentis
308 2512 383 2573 Sion,
405 2515 438 2565 in
458 2517 517 2568 loco
539 2520 587 2571 ubi

56 2582 244 2644 murm:
258 2587 444 2653 evangelium
464 2606 534 2656 quae,
550 2608 588 2643 se·

56 2653 171 2704 cuum
195 2654 308 2718 Dadasa,
328 2656 465 2710 Dominici
484 2663 588 2714 cruoris

56 2736 138 2790 ψ
164 2725 248 2775 indie
275 2728 448 2780 cernentibus
475 2733 588 2800 vestigia

55 2804 119 2845 ωτι
144 2795 322 2848 amonstro.
351 2798 427 2858 Quot
447 2811 538 2852 autem
561 2813 588 2855 et

54 2877 159 2929 qm
180 2868 278 2933 plagae,
292 2871 335 2920 vel
354 2873 467 2924 vulnem
485 2875 515 2924 in
533 2876 586 2927 bac

54 2932 233 3003 lrgellatime·
246 2938 303 2989 sibi
319 2940 518 3008 infligebantur,
535 2962 586 3012 pro

54 3020 120 3060 terto
141 3010 207 3061 sciri
225 3027 282 3062 non
302 3023 398 3079 potest,
414 3016 467 3066 nisi
481 3033 528 3083 per
539 3035 586 3070 re-

54 3081 223 3144 velationem,
247 3095 278 3136 ut
297 3101 381 3153 supra
401 3089 504 3141 dictum
529 3103 584 3158 est3

54 3153 94 3203 ted
104 3154 232 3219 operum
244 3169 274 3206 es
288 3171 349 3208 csse
363 3159 441 3225 quasi
452 3160 586 3215 innume-

55 3224 154 3276 rabilia.
168 3226 199 3276 Si
216 3226 299 3288 erun,
312 3238 344 3280 ut
355 3230 453 3282 dieitur
465 3231 495 3283 iu
512 3234 586 3285 Den-

55 3294 209 3346 momio
225 3313 235 3346 ι
251 3297 313 3349 Pru
335 3314 463 3352 mensura
478 3306 587 3370 peccati

55 3365 100 3417 εὔ
110 3366 267 3432 plagam
281 3369 383 3433 modus,
400 3371 526 3424 Christus
541 3390 586 3426 au·

55 3442 103 3487 u
123 3436 311 3505 flagellabatur
326 3456 379 3507 pro
397 3445 585 3508 peccetisuo-

56 3507 120 3566 tis,
143 3524 211 3576 quae
226 3509 323 3576 utique
340 3522 406 3563 sunt
425 3512 586 3568 innumera-

56 3575 126 3642 lilim
137 3583 585 3649 quarcetplrgaeinnurnerabsses.

58 3644 154 3700 Ftlroc
169 3659 212 3701 est
232 3653 307 3718 quod
323 3654 426 3705 dicitur
446 3655 476 3706 in
494 3657 584 3710 isaia:

59 3719 77 3769 4
90 3720 189 3785 planta
198 3722 281 3788 pedis
302 3725 385 3791 usque
399 3727 438 3777 ad
450 3728 583 3792 verticem,

327 3975 340 4031 l

1133 112 1184 177 537

651 237 703 273 non
718 231 761 274 est
776 225 802 274 in
817 241 847 275 eo
867 227 981 277 sanitas.
995 228 1071 278 Tunc
1082 228 1185 294 imple-

650 307 709 346 tum
722 308 763 348 est
776 300 849 364 quod
865 300 966 350 ibidem
981 301 1081 351 dicitur
1098 318 1104 351 :
1120 304 1183 354 Non

649 375 690 418 est
703 369 728 425 ei
741 372 842 436 species
861 386 943 437 nequo
959 373 1056 436 decom
1071 380 1097 422 el
1111 375 1183 425 vidi-

648 453 708 488 mus
723 454 789 502 eum,
810 449 838 491 et
858 457 909 492 non
930 450 991 493 erat
1006 451 1146 509 arpenas,-
1160 453 1185 496 et

649 513 731 577 quasi
744 514 921 565 absconditus
933 516 1022 566 vultus
1033 516 1091 581 eius
1103 523 1130 567 et
1142 518 1186 568 de-

649 590 761 648 spectus,
784 590 809 634 et
826 588 1007 650 reputavimus
1025 601 1083 637 eum
1106 590 1185 653 quari

649 655 792 720 leprosum,
804 672 964 722 percussum
977 674 994 709 a
1011 661 1069 710 Deo
1092 667 1119 710 et
1134 662 1149 710 l:

647 727 787 778 miliarum.
808 729 884 778 Unde
902 733 1073 796 Augustinus
1089 751 1097 782 :
1113 753 1126 778 a
1143 746 1181 782 a:

646 799 723 848 vultu
748 800 822 850 illins
844 801 1018 865 pulchritudo
1045 802 1183 854 effluxerat

647 872 746 934 omnis,
765 881 791 922 et
809 873 855 938 qui
869 884 925 923 erat
938 890 994 937 prae
1010 875 1074 924 filiis
1087 875 1181 926 horni-

647 959 714 993 num
730 944 876 1009 speciosus,
898 945 1040 995 videbatur
1057 947 1180 997 omnium

646 1015 800 1079 indecorum
814 1016 878 1082 quia
889 1015 1047 1082 iniquorum
1060 1018 1129 1068 livor
1143 1035 1181 1070 sa-

645 1100 720 1135 crum
740 1086 813 1136 illius
828 1087 932 1136 tultum
953 1087 1097 1137 foedaverat
1117 1105 1179 1139 ver-

644 1157 763 1208 beri-bus.
776 1178 790 1206 r
803 1159 866 1208 Haec
877 1169 965 1209 autem
976 1175 1118 1210 recensens
1127 1164 1180 1212 An·

645 1228 744 1279 sermm
753 1231 792 1279 sie
804 1230 886 1280 habet
900 1247 909 1279 t
924 1250 936 1277 r
952 1232 984 1281 Et
998 1231 1109 1296 quidem
1124 1249 1179 1282 non

645 1299 786 1364 ignorabat
806 1301 907 1366 impius
921 1302 967 1352 ille
982 1318 1028 1368 per
1047 1302 1179 1354 invidiam

644 1371 735 1422 omnia
752 1372 782 1422 in
803 1382 830 1422 te
843 1372 910 1433 fieri,
927 1390 975 1424 nec
989 1385 1080 1424 tamen
1093 1375 1181 1426 absti-

644 1441 704 1491 nuit
728 1443 884 1494 temerurias
908 1461 923 1495 a
946 1455 971 1495 te
994 1461 1106 1509 manus3
1133 1448 1180 1497 sed

644 1512 823 1564 amaritudine
841 1515 952 1580 replevit
971 1516 1089 1566 animam
1104 1527 1180 1567 tuam

644 1582 703 1633 sine
717 1599 804 1634 causa.
820 1585 993 1635 llludendum
1007 1596 1033 1636 te
1044 1587 1119 1636 misit
1130 1588 1181 1638 He·

644 1653 719 1717 redi,
743 1654 855 1705 illusum
880 1657 994 1723 recepit,
1018 1659 1121 1708 nudum
1151 1659 1180 1709 in

644 1737 787 1791 conspectu
803 1727 946 1778 irrisorum
962 1740 1033 1780 stare
1045 1743 1070 1781 te
1086 1731 1179 1794 jussit3

645 1813 695 1848 nec
715 1800 834 1865 pepercit
859 1802 1037 1853 amarissimis
1056 1804 1180 1854 verberi—

645 1869 696 1919 bus
707 1869 857 1936 virgineam
873 1888 981 1923 carnem
998 1884 1072 1923 tuam
1093 1875 1180 1925 divel-

644 1940 706 2004 lere,
731 1942 821 2006 plagas
844 1943 939 2008 plagis,
962 1944 1061 1994 livores
1083 1945 1179 1994 livori-

645 2009 695 2060 bus
716 2009 852 2076 infligens.
874 2014 964 2063 Electe
982 2010 1051 2064 Puer
1069 2015 1178 2065 Domini

643 2081 692 2130 Dei
715 2080 779 2141 mei,
803 2082 870 2147 quid
892 2093 967 2133 tanta
988 2085 1177 2145 amaritudine,

643 2153 709 2219 quid
721 2163 793 2204 tanta
803 2155 964 2204 confusione
978 2156 1093 2220 dignum
1108 2173 1178 2208 com·

643 2223 772 2273 miseras?
792 2224 904 2274 Prorsus
921 2225 999 2275 nihil.
1014 2225 1073 2292 Ego
1093 2227 1178 2280 homo

642 2294 764 2360 perdimus
783 2294 868 2344 totius
888 2295 1070 2357 contritionis,
1093 2299 1177 2352 totius

641 2367 810 2418 confusionis
826 2377 879 2418 tuae
902 2384 980 2419 causa
992 2370 1100 2437 exstiti;
1118 2388 1176 2440 ogo,

640 2441 765 2501 Domine,
781 2457 861 2491 uvam
881 2443 1003 2492 acerbam
1022 2446 1137 2503 comedi,
1153 2458 1178 2496 et

641 2513 734 2563 dentes
752 2512 791 2562 tui
809 2513 1015 2577 obstupuerunt,
1031 2515 1096 2581 quia
1116 2533 1176 2583 quae

640 2601 695 2636 non
706 2585 822 2651 rapuisti
835 2595 900 2635 tunc
913 2587 1078 2637 exsolvebas.
1092 2588 1177 2638 Amor

640 2664 704 2706 tuus
718 2666 747 2706 et
760 2656 893 2722 iniquitas
907 2667 998 2706 nostra
1015 2657 1053 2706 sic
1072 2667 1097 2707 te
1114 2657 1178 2707 fecit

639 2726 815 2780 imbecillem.
830 2726 971 2776 Maledicta
988 2727 1024 2776 sit
1039 2737 1111 2776 tanta
1126 2727 1177 2777 ini·

639 2798 741 2864 quites,
766 2815 816 2864 pro
839 2813 892 2863 qua
916 2797 955 2847 sie
975 2796 1117 2862 affligeris!
1144 2799 1175 2849 in

639 2872 767 2922 omnibus
787 2871 833 2920 his
853 2886 907 2920 non
931 2879 973 2920 est
986 2870 1080 2919 satiata
1094 2870 1175 2936 perfi-

639 2943 735 2992 dorum
757 2941 911 2992 iudeorum
923 2938 1050 3004 impietas
1066 2957 1073 2990 ι
1089 2960 1103 2988 u
1118 2941 1174 2994 haec

638 3011 791 3064 anselmus.
804 3011 873 3060 Vide
885 3025 960 3060 nunc
973 3020 1073 3061 attente
1084 3028 1174 3079 quan-

638 3097 665 3136 ta
679 3095 705 3135 et
717 3083 807 3150 qualia
819 3083 855 3132 ab
870 3082 955 3148 impio
972 3083 1056 3134 Pila-to
1066 3095 1092 3136 et
1105 3086 1172 3147 suis,

638 3156 697 3207 sine
710 3170 791 3206 causa
806 3153 941 3204 Dominus
957 3170 1052 3220 passus
1070 3167 1114 3209 est
1123 3175 1172 3224 pru

637 3238 672 3290 te,
694 3237 721 3278 et
741 3226 864 3292 exemplo
885 3227 943 3291 ejus
966 3227 999 3276 ad
1016 3228 1173 3292 patientiam

639 3298 667 3348 in
681 3297 820 3348 laboribus
838 3306 865 3347 et
883 3298 1091 3349 adversitatibus
1105 3315 1173 3350 con-

637 3369 744 3420 fortare.
761 3368 836 3418 Sicut
852 3367 927 3418 enim
942 3368 1070 3420 Christus
1084 3372 1175 3422 verbe·

637 3449 711 3491 ratur
732 3449 758 3490 et
774 3439 889 3504 flagellis
911 3440 1022 3490 nodosis
1044 3457 1104 3492 caro
1127 3442 1174 3492 illa

638 3512 808 3564 sanctissima
836 3521 862 3562 et
889 3513 1012 3563 membra
1039 3513 1175 3564 delicatis-

638 3588 708 3638 sima
720 3586 850 3637 acerrime
865 3586 1053 3650 dilacerantur,
1069 3602 1098 3636 ac
1111 3602 1175 3636 cor-

639 3675 690 3725 pus
710 3659 767 3722 ejus
788 3656 938 3708 formosum
960 3658 1047 3723 plagis
1068 3656 1131 3706 livet
1149 3665 1175 3706 et

639 3729 772 3797 sanguine
790 3728 913 3795 undique
926 3729 1021 3793 rubet;
1038 3727 1077 3778 sic
1096 3727 1175 3778 miles
