2626 4328
111 332 164 382 508

110 447 303 511 testationem
329 449 454 499 coislinus
479 445 574 511 galles
595 459 644 494 se-

109 519 199 570 cundo
225 520 354 571 canum·
376 520 466 568 Potest
488 533 546 568 esse
568 515 643 582 quod

110 589 189 639 multi
206 591 409 650 tumultuantes,
425 589 464 641 ibi
478 598 578 639 stantes
598 589 643 639 Pe·

109 670 153 711 tro
172 661 223 711 hoc
240 661 375 722 dixerunt,
398 661 440 710 vel
460 675 532 712 unus
545 674 640 711 eorum

110 745 160 796 pro
175 731 313 792 omnibus,
334 741 360 781 et
382 731 460 797 quasi
475 731 503 781 in
525 743 640 795 persona

108 803 232 853 omnium
247 803 408 868 expressius,
426 813 452 853 et
464 803 552 853 acrius
571 801 641 851 dixit

108 875 143 928 ei.
157 875 192 924 Et
206 875 244 925 sic
258 877 341 927 semel
355 886 434 941 negat
447 886 509 926 ante
519 875 639 940 primum

108 946 172 1011 galli
188 955 310 1010 cantum,
338 948 380 997 bis
399 956 459 998 ante
481 946 641 999 secundum.

108 1016 172 1065 Non
191 1017 266 1067 enim
285 1018 374 1071 mum
392 1027 470 1083 negat
486 1016 640 1072 Christum,

107 1087 155 1153 qui
169 1087 235 1137 dicit
249 1103 311 1139 eum
329 1104 384 1138 non
402 1104 463 1139 osse
483 1087 641 1147 Christum

108 1157 155 1207 sed
178 1157 259 1207 etiam
279 1159 327 1224 qui
347 1174 409 1209 curn
433 1159 485 1220 sit,
507 1167 586 1223 neget
613 1171 642 1206 se

106 1230 164 1294 eius
191 1231 369 1296 discipulum,
396 1233 439 1283 vel
468 1232 642 1290 membrum,

107 1301 149 1353 vel
169 1303 217 1368 qui
232 1313 311 1368 negat
323 1319 353 1355 sc
367 1319 426 1357 esse
441 1301 640 1354 Christianum.

106 1371 241 1424 Dominus
256 1374 331 1427 enim
348 1390 404 1426 non
424 1374 462 1424 ait
482 1374 582 1423 Petro:
597 1371 644 1421 Di·

106 1445 242 1512 scipulum
263 1462 354 1497 meum
376 1450 406 1498 'te
431 1446 554 1512 negabis3
571 1446 641 1496 scd:

106 1518 156 1569 Me
165 1519 287 1582 negabis.
304 1518 416 1583 Negavit
430 1535 493 1584 ergo
511 1519 604 1569 Petrus
616 1528 643 1569 et

107 1591 258 1650 Christum,
273 1606 336 1641 cum
352 1605 381 1641 se
397 1590 505 1655 negavit
525 1591 583 1655 ejus
596 1590 643 1639 di-

107 1663 254 1728 scipulum,
274 1673 300 1712 et
323 1663 375 1714 isto
399 1663 481 1712 modo
506 1677 537 1713 se
559 1661 641 1712 etiem

107 1733 214 1798 negavit
226 1732 422 1785 Christianum.
438 1732 491 1784 Ubi
500 1732 641 1798 Augusti-

106 1818 157 1854 nus
165 1821 173 1853 :
182 1821 195 1849 u
207 1803 274 1853 Ecce
283 1803 380 1854 medici
391 1804 521 1868 completa
531 1813 571 1854 est
582 1819 643 1853 con-

106 1875 184 1934 ditio,
204 1876 299 1941 aegroti
313 1876 435 1927 convicta
448 1885 488 1926 ms
504 1891 640 1942 praesum-

106 1947 172 2012 ptio.
189 1966 204 1993 n
218 1949 280 1998 Non
295 1949 371 1998 enim
385 1947 486 1998 factum
501 1948 576 2014 quod
591 1948 643 1998 iste

105 2018 229 2072 cinerat:
245 2020 372 2069 Animam
388 2035 474 2070 mam
491 2036 538 2086 pro
552 2029 578 2070 te
590 2034 642 2084 po-

107 2107 183 2154 nam;
209 2094 256 2144 sed
293 2093 393 2144 fectum
420 2105 460 2144 ess
489 2095 562 2159 quod
597 2094 642 2142 ille

106 2164 267 2228 predixerat
284 2182 290 2215 :
308 2166 363 2215 Ter
393 2180 435 2215 me
461 2165 584 2230 negabis.
607 2166 639 2214 Et

106 2244 230 2298 gravatur
243 2234 273 2285 in
291 2236 369 2285 Petro
383 2237 469 2295 culpa,
484 2246 511 2285 et
524 2250 641 2301 exagge-

106 2315 180 2356 retur
193 2307 306 2368 crimen,
321 2308 470 2359 secundum
484 2322 639 2373 processum

105 2378 295 2442 negationum,
317 2379 382 2445 quia
400 2379 511 2444 :primo
528 2380 638 2446 simpli-

106 2447 172 2497 citer
200 2449 327 2512 negavit,
355 2450 472 2500 secundo
504 2452 639 2516 negationi

106 2518 254 2582 perjurium
273 2519 385 2580 addidit,
404 2522 449 2570 sed
468 2523 548 2572 tertio
562 2523 639 2587 adje-

106 2590 145 2641 cit
160 2591 275 2654 periurio
290 2592 505 2654 detestationem,
518 2601 545 2644 et
559 2597 641 2660 coepit

106 2660 347 2726 anathematizare,
370 2662 396 2711 id
422 2673 462 2712 est
485 2663 640 2714 maledicere

106 2733 222 2798 sibiipsi,
236 2743 263 2782 et
277 2734 458 2784 maledictioni
472 2750 500 2784 se
511 2735 638 2799 obligare,

106 2803 130 2855 si
146 2803 317 2870 cognovisset
336 2804 437 2857 lesum.
451 2804 639 2857 Amiternin-

106 2876 175 2926 zatio
201 2876 273 2927 enim
303 2875 437 2942 significat
469 2876 640 2940 iuretionern,

106 2959 218 3013 quaeest
234 2963 281 3014 per
300 2949 518 3008 exsecrationem,
538 2957 639 2999 etcum

106 3017 303 3083 imprecatione
318 3019 524 3080 maledictionis,
537 3019 641 3071 scilicet

106 3091 215 3153 quando
238 3091 338 3156 aliquis
352 3091 513 3156 imprecatur
531 3091 638 3156 sibiipsi

106 3163 209 3213 malum
224 3178 318 3227 poenae,
339 3174 366 3214 et
386 3165 488 3230 obligat
510 3179 540 3215 se
554 3165 640 3214 male-

106 3231 191 3291 dicto,
206 3233 229 3282 si
243 3233 281 3283 ita
301 3234 337 3284 sit
350 3234 420 3287 sicut
438 3235 591 3301 imponitur
604 3235 638 3294 ei,

106 3304 145 3355 tel
166 3305 217 3355 nisi
235 3305 301 3355 illud
314 3306 387 3371 quod
400 3306 470 3356 dieit
486 3307 521 3357 sit
535 3323 637 3358 verum.

105 3375 328 3436 Quidamdicunt
342 3388 426 3428 totam
441 3380 541 3430 trinam
555 3394 640 3445 nega-

105 3447 206 3500 tionem
227 3448 324 3499 factam
348 3449 378 3498 in
399 3449 468 3499 atrio
494 3451 589 3514 Annae,
613 3462 640 3500 ct

104 3537 166 3588 quae
179 3522 249 3572 dicta
271 3534 336 3573 sunt
355 3523 428 3582 inde,
447 3534 510 3589 post
523 3525 638 3576 missurn

103 3593 197 3644 lesum
218 3594 251 3643 ad
273 3595 414 3654 Caipham,
439 3596 637 3662 recapitulando

103 3665 190 3729 dicta3
218 3667 263 3716 alii
291 3683 354 3718 vero
386 3667 480 3718 dicunt
513 3669 543 3718 in
569 3671 638 3720 atrio

104 3737 214 3804 Caiphae
228 3747 311 3788 totam
323 3739 426 3798 factam,
442 3749 468 3789 et
485 3741 636 3791 secundum

104 3810 158 3861 hoc
179 3811 296 3862 loannes
321 3811 477 3877 anticipatit
502 3812 634 3878 primam3

103 3883 150 3932 sed
172 3884 345 3934 communior
362 3883 455 3950 opinio
481 3895 532 3944 est,
560 3887 634 3950 quod

102 3953 172 4005 trina
183 3955 289 4021 negatio
304 3955 404 4022 incepit
415 3955 444 4006 in
461 3955 528 4007 etrio
540 3957 638 4020 Annae,

409 329 583 385 SECUNDAE
599 327 725 381 PARTls
739 326 857 381 CAPUT
872 329 929 383 Lx.

682 488 684 493 .
697 452 723 495 et
735 445 868 509 completa
882 453 923 495 est
939 444 966 495 in
983 444 1052 495 atrio
1065 444 1186 509 Caipbae.
1196 446 1241 497 Er

697 515 749 567 hoc
759 516 865 566 videtur
874 525 964 580 patere
978 532 1011 568 ex
1022 525 1096 566 textu
1108 517 1239 577 loannis,

697 587 818 652 quicum
834 602 891 639 non
909 586 988 638 faciat
1006 587 1174 637 mentionem
1197 588 1232 639 de

697 656 809 721 Caipha‚
825 657 872 709 sed
887 657 977 709 solum
992 658 1025 708 de
1044 659 1132 718 Anna,
1155 659 1234 724 ponit

697 728 785 794 primo
807 743 890 779 unam
914 730 1103 794 negationem
1132 730 1232 780 deinde

696 816 726 851 ea
739 815 800 866 quae
812 801 904 851 Annas
914 800 1087 867 interrogavit
1101 802 1134 852 de
1149 802 1236 852 Chri-

697 881 748 931 sto,
772 880 797 921 et
827 871 940 922 tandem
962 872 1135 938 prosequitur
1163 874 1231 923 alias

696 943 764 992 duas
776 943 943 1006 negationes,
956 958 1016 1008 quae
1031 943 1105 993 factae
1120 941 1234 993 fuerunt

696 1022 788 1078 postea
810 1013 840 1062 in
860 1013 928 1064 atrio
951 1014 1072 1079 Caiphae.
1092 1014 1129 1065 Et
1141 1016 1237 1080 potuit

696 1099 755 1135 esse
768 1085 842 1150 quod
851 1085 968 1135 loannes
983 1095 1052 1135 esset
1068 1096 1149 1136 notus
1165 1087 1234 1136 utri-

697 1171 750 1222 que
770 1155 902 1214 Pontifici,
920 1168 947 1208 et
960 1157 1087 1207 similiter
1108 1157 1236 1208 introdu-

696 1226 736 1277 xit
762 1227 869 1276 Petrum
889 1227 924 1276 in
943 1228 1055 1278 domurn
1077 1228 1238 1294 utriusque„

697 1311 779 1366 prout
793 1316 875 1366 supra
889 1302 984 1367 patuit,
999 1303 1048 1353 ubi
1067 1303 1160 1353 sinnas
1181 1303 1237 1354 le-

698 1390 759 1426 sum
771 1375 804 1425 ed
824 1375 957 1441 Caipham
971 1376 1057 1427 misit.
1253 1376 1256 1380 '

731 1445 762 1497 18
777 1447 953 1498 Rusrrcrnnre
968 1463 1021 1497 eun
1037 1447 1166 1511 Curtssm,
1183 1448 1232 1497 Pn-

696 1533 765 1569 rnos
783 1535 853 1568 ruer
873 1536 971 1569 anien.
983 1547 1013 1556 -
1027 1519 1123 1584 Cogita
1145 1518 1229 1569 etiam

695 1590 833 1655 quomodo
855 1591 987 1640 minus
1004 1586 1140 1654 benignus
1166 1590 1237 1640 Ma·

696 1662 789 1727 pistor,
803 1676 946 1714 conversus
957 1678 975 1712 a
984 1661 1088 1726 iustitia
1099 1663 1135 1712 ad
1149 1662 1233 1713 mise-

696 1734 848 1796 ricordiam,
872 1735 996 1801 respexit
1018 1734 1149 1785 divinitus
1170 1736 1245 1784 Pe·-

696 1811 767 1854 trum
781 1804 911 1856 dilectum
923 1805 1096 1870 discipulum,
1109 1805 1138 1854 in
1151 1808 1234 1856 tertia·

695 1876 762 1936 vice,
786 1887 908 1942 respectu
930 1877 1113 1928 miserationis
1126 1887 1153 1926 et
1166 1893 1231 1942 gra-

695 1947 755 2010 tiae3
777 1948 841 2012 quia
855 1947 1041 1998 misericordia
1054 1957 1184 2012 promeret·
1194 1949 1236 1997 ed

695 2020 890 2085 poenitentiam,
917 2031 943 2071 et
963 2031 1003 2070 est
1021 2020 1171 2072 necessarie
1193 2022 1232 2071 ad

696 2108 764 2143 eam.
781 2092 928 2143 Conversio
946 2093 1058 2158 quidem
1073 2093 1124 2142 ists
1138 2102 1165 2143 et
1182 2109 1238 2142 re»-

696 2173 803 2228 spectus
818 2162 870 2212 fuit
884 2164 1009 2222 interior,
1027 2173 1053 2212 et
1066 2163 1234 2228 spiritualis..

695 2249 749 2282 non
773 2233 896 2292 exterior,
920 2243 945 2284 et
971 2233 1134 2298 corporalis;
1162 2233 1235 2299 quia

695 2303 830 2356 Dominus
840 2313 895 2354 erat
911 2305 984 2354 intus
998 2305 1026 2354 in
1042 2305 1229 2364 auditorium

695 2382 819 2448 superius
841 2398 903 2432 curn
926 2383 1107 2448 principibus,
1130 2383 1230 2434 Petrus

694 2465 783 2504 autern
810 2455 881 2505 foris-
904 2455 933 2504 in
965 2455 1043 2514 atrio,
1066 2465 1092 2505 et
1114 2455 1235 2506 interius.

695 2541 757 2574 cum
771 2525 921 2575 ministris:
936 2535 962 2576 et
975 2541 1047 2575 unus
1061 2525 1145 2575 alium
1157 2525 1231 2575 vide·

695 2611 723 2644 re
736 2611 792 2644 non
808 2606 912 2661 poterat
925 2596 1011 2646 oculis
1028 2595 1225 2660 corporalibus

694 2665 774 2716 Unde
787 2667 888 2717 aitLeo
904 2667 994 2730 Papa:
1011 2665 1171 2715 «Dominus
1183 2682 1230 2715 au·

695 2746 749 2787 tem
778 2738 871 2797 lesus,
897 2739 944 2803 qui
979 2738 1050 2787 intra
1075 2736 1229 2802 pontificale

694 2807 838 2857 concilium
849 2824 961 2874 corpore
980 2808 1129 2868 tenebatur,
1141 2808 1228 2873 trepi-

694 2878 829 2928 dationem
844 2878 970 2944 discipuli
992 2878 1057 2928 foris
1072 2877 1153 2943 positi
1167 2880 1227 2928 solo

694 2946 787 2997 divino
814 2948 918 2998 intuitu
941 2948 1020 3006 vidit,
1047 2949 1227 3014 paverrtisque

694 3017 818 3069 animum
832 3035 896 3070 mos
911 3029 942 3070 ut
956 3019 1073 3084 respexit
1086 3019 1182 3077 erexit,
1197 3035 1229 3069 et

695 3088 829 3140 infletum
844 3091 1022 3156 poenitudinis
1040 3090 1193 3140 concitavit.
1211 3110 1234 3137 s·

696 3162 782 3222 Unde,
789 3163 939 3213 secundum
952 3162 1145 3226 augustinum,
1154 3161 1231 3212 divi-

694 3251 729 3286 na
746 3236 815 3286 Petri
836 3236 967 3300 respectio
985 3236 1056 3286 nihil
1073 3236 1147 3286 aliud
1163 3237 1233 3296 sitit,

693 3306 746 3356 nisi
766 3306 874 3356 traditio
894 3307 922 3356 in
947 3317 1038 3357 merite
1060 3309 1128 3372 eius,
1153 3324 1227 3374 quo-

693 3377 744 3428 ties
770 3377 824 3442 jam
856 3378 1004 3428 Dominum
1029 3388 1166 3444 negasset,
1200 3391 1231 3430 et·

693 3448 746 3497 hoc
759 3449 832 3512 quod
848 3449 984 3499 Dominus
996 3449 1021 3498 ei
1038 3449 1223 3514 praedixisse:

693 3528 773 3584 atque
806 3519 842 3570 its
868 3519 1077 3572 misericorditer
1107 3521 1234 3571 Domino-

692 3606 755 3642 eum
796 3593 981 3658 respiciente,
1019 3594 1161 3659 poeniteret
1198 3606 1227 3646 et

691 3664 774 3725 fieret,
795 3665 865 3716 sicut
884 3667 1005 3716 solemus
1023 3666 1113 3716 dicere
1134 3683 1141 3716 r
1167 3667 1231 3717 Do-

692 3738 774 3807 mine,
796 3739 897 3804 respice
914 3754 972 3804 me;
988 3749 1015 3788 et
1030 3740 1146 3804 respexit
1159 3755 1224 3790 eum

690 3811 833 3870 Dominus,
854 3812 901 3877 qui
921 3811 1024 3876 absque
1045 3811 1163 3877 periculo
1178 3812 1226 3861 di-

689 3881 753 3932 vina
761 3882 946 3932 misericordia
959 3882 1089 3933 liberatus
1097 3892 1148 3932 est.
1159 3883 1224 3933 Haec

689 3965 779 4006 autem
795 3955 942 4006 recordatio
954 3955 1005 4006 fuit
1017 3955 1132 4006 initium
1140 3955 1232 4022 pieni·-
