<?xml version="1.0" encoding="UTF-8"?>
<!DOCTYPE html PUBLIC "-//W3C//DTD XHTML 1.0 Transitional//EN"
    "http://www.w3.org/TR/xhtml1/DTD/xhtml1-transitional.dtd">
<html xmlns="http://www.w3.org/1999/xhtml" xml:lang="en" lang="en">
 <head>
  <title>
</title>
<meta http-equiv="Content-Type" content="text/html;charset=utf-8" />
  <meta name='ocr-system' content='tesseract 3.04.00' />
  <meta name='ocr-capabilities' content='ocr_page ocr_carea ocr_par ocr_line ocrx_word'/>
</head>
<body>
  <div class='ocr_page' id='page_1' title='image "./vitajesuchristi00rigogoog_0240.png"; bbox 0 0 2626 4328; ppageno 0'>
   <div class='ocr_carea' id='block_1_1' title="bbox 178 205 1227 278">
    <p class='ocr_par' dir='ltr' id='par_1_1' title="bbox 178 205 1227 278">
     <span class='ocr_line' id='line_1_1' title="bbox 178 205 1227 278; baseline 0 -18"><span class='ocrx_word' id='word_1_1' title='bbox 178 210 356 269; x_wconf 87' lang='lat' dir='ltr'><strong>QUOMODO</strong></span> <span class='ocrx_word' id='word_1_2' title='bbox 374 207 533 259; x_wconf 85' lang='lat' dir='ltr'><strong>DOMINUS</strong></span> <span class='ocrx_word' id='word_1_3' title='bbox 550 205 727 278; x_wconf 75' lang='lat' dir='ltr'>APPARUIT</span> <span class='ocrx_word' id='word_1_4' title='bbox 740 205 864 256; x_wconf 84' lang='lat' dir='ltr'><strong>MARIAE</strong></span> <span class='ocrx_word' id='word_1_5' title='bbox 882 207 1122 258; x_wconf 75' lang='lat' dir='ltr'>MAGDALENAE.</span> <span class='ocrx_word' id='word_1_6' title='bbox 1173 207 1227 260; x_wconf 73' lang='lat'>685</span> 
     </span>
    </p>
   </div>
   <div class='ocr_carea' id='block_1_2' title="bbox 104 321 642 2244">
    <p class='ocr_par' dir='ltr' id='par_1_2' title="bbox 108 321 640 598">
     <span class='ocr_line' id='line_1_2' title="bbox 109 321 640 387; baseline -0.006 -13"><span class='ocrx_word' id='word_1_7' title='bbox 109 338 172 374; x_wconf 84' lang='lat' dir='ltr'>nem</span> <span class='ocrx_word' id='word_1_8' title='bbox 183 322 270 373; x_wconf 85' lang='lat' dir='ltr'>flebat.</span> <span class='ocrx_word' id='word_1_9' title='bbox 283 323 422 372; x_wconf 83' lang='lat' dir='ltr'>Prohibita</span> <span class='ocrx_word' id='word_1_10' title='bbox 433 331 472 371; x_wconf 91' lang='lat' dir='ltr'>est</span> <span class='ocrx_word' id='word_1_11' title='bbox 481 338 562 387; x_wconf 79' lang='lat' dir='ltr'>crg0,</span> <span class='ocrx_word' id='word_1_12' title='bbox 577 321 640 387; x_wconf 83' lang='lat' dir='ltr'>quia</span> 
     </span>
     <span class='ocr_line' id='line_1_3' title="bbox 108 393 639 461; baseline -0.002 -17"><span class='ocrx_word' id='word_1_13' title='bbox 108 406 217 461; x_wconf 89' lang='lat' dir='ltr'>propter</span> <span class='ocrx_word' id='word_1_14' title='bbox 229 395 361 445; x_wconf 86' lang='lat' dir='ltr'>defectum</span> <span class='ocrx_word' id='word_1_15' title='bbox 371 393 436 444; x_wconf 81' lang='lat' dir='ltr'>fidei</span> <span class='ocrx_word' id='word_1_16' title='bbox 453 394 564 460; x_wconf 86' lang='lat' dir='ltr'>indigna</span> <span class='ocrx_word' id='word_1_17' title='bbox 576 402 639 444; x_wconf 85' lang='lat' dir='ltr'>erat.</span> 
     </span>
     <span class='ocr_line' id='line_1_4' title="bbox 110 465 639 516; baseline -0.004 0"><span class='ocrx_word' id='word_1_18' title='bbox 110 465 142 516; x_wconf 89' lang='lat' dir='ltr'>Et</span> <span class='ocrx_word' id='word_1_19' title='bbox 168 466 229 515; x_wconf 91' lang='lat' dir='ltr'>ideo</span> <span class='ocrx_word' id='word_1_20' title='bbox 259 465 352 516; x_wconf 86' lang='lat' dir='ltr'>subdit</span> <span class='ocrx_word' id='word_1_21' title='bbox 376 483 383 514; x_wconf 80' lang='lat' dir='ltr'>z</span> <span class='ocrx_word' id='word_1_22' title='bbox 412 465 540 516; x_wconf 84' lang='lat' dir='ltr'>Nondum</span> <span class='ocrx_word' id='word_1_23' title='bbox 570 465 639 514; x_wconf 86' lang='lat' dir='ltr'>enim</span> 
     </span>
     <span class='ocr_line' id='line_1_5' title="bbox 108 535 641 598; baseline -0.004 -11"><span class='ocrx_word' id='word_1_24' title='bbox 108 537 226 598; x_wconf 79' lang='lat' dir='ltr'>ascendi,</span> <span class='ocrx_word' id='word_1_25' title='bbox 241 537 275 586; x_wconf 91' lang='lat' dir='ltr'>.id</span> <span class='ocrx_word' id='word_1_26' title='bbox 297 545 336 586; x_wconf 88' lang='lat' dir='ltr'>est</span> <span class='ocrx_word' id='word_1_27' title='bbox 354 537 471 586; x_wconf 85' lang='lat' dir='ltr'>elevatus</span> <span class='ocrx_word' id='word_1_28' title='bbox 487 551 548 586; x_wconf 86' lang='lat' dir='ltr'>sum</span> <span class='ocrx_word' id='word_1_29' title='bbox 559 535 641 585; x_wconf 91' lang='lat' dir='ltr'>scili-</span> 
     </span>
    </p>

    <p class='ocr_par' dir='ltr' id='par_1_3' title="bbox 105 609 642 1596">
     <span class='ocr_line' id='line_1_6' title="bbox 108 609 639 672; baseline -0.002 -13"><span class='ocrx_word' id='word_1_30' title='bbox 108 619 149 660; x_wconf 85' lang='lat' dir='ltr'>cet</span> <span class='ocrx_word' id='word_1_31' title='bbox 163 609 191 658; x_wconf 89' lang='lat' dir='ltr'>in</span> <span class='ocrx_word' id='word_1_32' title='bbox 205 610 353 669; x_wconf 89' lang='lat' dir='ltr'>cordetuo,</span> <span class='ocrx_word' id='word_1_33' title='bbox 368 610 406 659; x_wconf 81' lang='lat' dir='ltr'>ad</span> <span class='ocrx_word' id='word_1_34' title='bbox 420 610 532 659; x_wconf 81' lang='lat' dir='ltr'>Patrem</span> <span class='ocrx_word' id='word_1_35' title='bbox 547 623 639 672; x_wconf 85' lang='lat' dir='ltr'>meum,</span> 
     </span>
     <span class='ocr_line' id='line_1_7' title="bbox 106 678 641 746; baseline -0.004 -16"><span class='ocrx_word' id='word_1_36' title='bbox 106 681 191 730; x_wconf 80' lang='lat' dir='ltr'>idest</span> <span class='ocrx_word' id='word_1_37' title='bbox 205 681 237 729; x_wconf 88' lang='lat' dir='ltr'>ad</span> <span class='ocrx_word' id='word_1_38' title='bbox 250 679 436 746; x_wconf 73' lang='lat' dir='ltr'>aequalitatem</span> <span class='ocrx_word' id='word_1_39' title='bbox 461 678 554 738; x_wconf 85' lang='lat' dir='ltr'>Patris,</span> <span class='ocrx_word' id='word_1_40' title='bbox 576 678 641 745; x_wconf 85' lang='lat' dir='ltr'>quia</span> 
     </span>
     <span class='ocr_line' id='line_1_8' title="bbox 106 752 641 818; baseline 0 -16"><span class='ocrx_word' id='word_1_41' title='bbox 106 769 164 802; x_wconf 89' lang='lat' dir='ltr'>non</span> <span class='ocrx_word' id='word_1_42' title='bbox 179 753 265 802; x_wconf 85' lang='lat' dir='ltr'>credis</span> <span class='ocrx_word' id='word_1_43' title='bbox 280 769 324 802; x_wconf 90' lang='lat' dir='ltr'>me</span> <span class='ocrx_word' id='word_1_44' title='bbox 338 754 490 818; x_wconf 86' lang='lat' dir='ltr'>pervenisse</span> <span class='ocrx_word' id='word_1_45' title='bbox 507 752 540 802; x_wconf 91' lang='lat' dir='ltr'>ad</span> <span class='ocrx_word' id='word_1_46' title='bbox 555 767 641 817; x_wconf 85' lang='lat' dir='ltr'>aequa-</span> 
     </span>
     <span class='ocr_line' id='line_1_9' title="bbox 107 823 640 889; baseline -0.002 -16"><span class='ocrx_word' id='word_1_47' title='bbox 107 823 211 873; x_wconf 86' lang='lat' dir='ltr'>litatem</span> <span class='ocrx_word' id='word_1_48' title='bbox 234 824 301 887; x_wconf 84' lang='lat' dir='ltr'>ejus,</span> <span class='ocrx_word' id='word_1_49' title='bbox 319 839 348 873; x_wconf 86' lang='lat' dir='ltr'>ac</span> <span class='ocrx_word' id='word_1_50' title='bbox 368 839 412 873; x_wconf 84' lang='lat' dir='ltr'>me</span> <span class='ocrx_word' id='word_1_51' title='bbox 432 823 532 873; x_wconf 91' lang='lat' dir='ltr'>Filium</span> <span class='ocrx_word' id='word_1_52' title='bbox 546 837 640 889; x_wconf 84' lang='lat' dir='ltr'>aequa-</span> 
     </span>
     <span class='ocr_line' id='line_1_10' title="bbox 105 894 641 960; baseline -0.002 -17"><span class='ocrx_word' id='word_1_53' title='bbox 105 895 207 949; x_wconf 83' lang='lat' dir='ltr'>lemet</span> <span class='ocrx_word' id='word_1_54' title='bbox 229 906 391 944; x_wconf 83' lang='lat' dir='ltr'>coaeternum</span> <span class='ocrx_word' id='word_1_55' title='bbox 417 894 499 954; x_wconf 87' lang='lat' dir='ltr'>Patri,</span> <span class='ocrx_word' id='word_1_56' title='bbox 523 895 570 960; x_wconf 90' lang='lat' dir='ltr'>qui</span> <span class='ocrx_word' id='word_1_57' title='bbox 591 909 641 943; x_wconf 83' lang='lat' dir='ltr'>rne</span> 
     </span>
     <span class='ocr_line' id='line_1_11' title="bbox 107 965 640 1029; baseline -0.002 -13"><span class='ocrx_word' id='word_1_58' title='bbox 107 965 262 1016; x_wconf 79' lang='lat' dir='ltr'>suscitasset</span> <span class='ocrx_word' id='word_1_59' title='bbox 276 981 291 1016; x_wconf 87' lang='lat' dir='ltr'>a</span> <span class='ocrx_word' id='word_1_60' title='bbox 306 966 438 1029; x_wconf 88' lang='lat' dir='ltr'>mortuis3</span> <span class='ocrx_word' id='word_1_61' title='bbox 453 967 499 1016; x_wconf 91' lang='lat' dir='ltr'>sed</span> <span class='ocrx_word' id='word_1_62' title='bbox 521 981 578 1017; x_wconf 86' lang='lat' dir='ltr'>esse</span> <span class='ocrx_word' id='word_1_63' title='bbox 591 981 640 1015; x_wconf 89' lang='lat' dir='ltr'>su-</span> 
     </span>
     <span class='ocr_line' id='line_1_12' title="bbox 108 1038 639 1102; baseline -0.004 -15"><span class='ocrx_word' id='word_1_64' title='bbox 108 1038 211 1087; x_wconf 92' lang='lat' dir='ltr'>blatum</span> <span class='ocrx_word' id='word_1_65' title='bbox 236 1047 365 1102; x_wconf 85' lang='lat' dir='ltr'>tanquam</span> <span class='ocrx_word' id='word_1_66' title='bbox 390 1039 502 1088; x_wconf 82' lang='lat' dir='ltr'>cadaver</span> <span class='ocrx_word' id='word_1_67' title='bbox 530 1051 639 1102; x_wconf 87' lang='lat' dir='ltr'>purum.</span> 
     </span>
     <span class='ocr_line' id='line_1_13' title="bbox 105 1108 640 1173; baseline -0.002 -16"><span class='ocrx_word' id='word_1_68' title='bbox 105 1109 185 1158; x_wconf 72' lang='lat' dir='ltr'>nesi</span> <span class='ocrx_word' id='word_1_69' title='bbox 203 1108 301 1158; x_wconf 85' lang='lat' dir='ltr'>diceret</span> <span class='ocrx_word' id='word_1_70' title='bbox 321 1125 327 1157; x_wconf 94' lang='lat'><strong>:</strong></span> <span class='ocrx_word' id='word_1_71' title='bbox 351 1108 422 1168; x_wconf 87' lang='lat' dir='ltr'>Quia</span> <span class='ocrx_word' id='word_1_72' title='bbox 446 1124 490 1158; x_wconf 85' lang='lat' dir='ltr'>me</span> <span class='ocrx_word' id='word_1_73' title='bbox 512 1113 640 1173; x_wconf 79' lang='lat' dir='ltr'>tanquam</span> 
     </span>
     <span class='ocr_line' id='line_1_14' title="bbox 109 1180 640 1247; baseline -0.004 -15"><span class='ocrx_word' id='word_1_74' title='bbox 109 1191 248 1232; x_wconf 87' lang='lat' dir='ltr'>mortuum</span> <span class='ocrx_word' id='word_1_75' title='bbox 269 1182 296 1231; x_wconf 91' lang='lat' dir='ltr'>in</span> <span class='ocrx_word' id='word_1_76' title='bbox 314 1182 457 1246; x_wconf 86' lang='lat' dir='ltr'>sepulchro</span> <span class='ocrx_word' id='word_1_77' title='bbox 478 1180 591 1247; x_wconf 82' lang='lat' dir='ltr'>quaeris,</span> <span class='ocrx_word' id='word_1_78' title='bbox 614 1189 640 1230; x_wconf 93' lang='lat' dir='ltr'>et</span> 
     </span>
     <span class='ocr_line' id='line_1_15' title="bbox 106 1252 642 1313; baseline 0 -14"><span class='ocrx_word' id='word_1_79' title='bbox 106 1253 464 1313; x_wconf 22' lang='lat' dir='ltr'>,resurrexisse*non.credis,</span> <span class='ocrx_word' id='word_1_80' title='bbox 479 1253 539 1303; x_wconf 88' lang='lat' dir='ltr'>ideo</span> <span class='ocrx_word' id='word_1_81' title='bbox 552 1252 642 1301; x_wconf 77' lang='lat' dir='ltr'>viren-</span> 
     </span>
     <span class='ocr_line' id='line_1_16' title="bbox 108 1322 640 1390; baseline -0.006 -15"><span class='ocrx_word' id='word_1_82' title='bbox 108 1335 163 1376; x_wconf 84' lang='lat' dir='ltr'>tem</span> <span class='ocrx_word' id='word_1_83' title='bbox 179 1334 287 1390; x_wconf 79' lang='lat' dir='ltr'>tangere</span> <span class='ocrx_word' id='word_1_84' title='bbox 298 1340 350 1374; x_wconf 90' lang='lat' dir='ltr'>non</span> <span class='ocrx_word' id='word_1_85' title='bbox 362 1324 489 1387; x_wconf 83' lang='lat' dir='ltr'>mereris.;</span> <span class='ocrx_word' id='word_1_86' title='bbox 505 1323 555 1372; x_wconf 91' lang='lat' dir='ltr'>tibi</span> <span class='ocrx_word' id='word_1_87' title='bbox 568 1322 640 1372; x_wconf 86' lang='lat' dir='ltr'>enim</span> 
     </span>
     <span class='ocr_line' id='line_1_17' title="bbox 108 1393 640 1459; baseline -0.008 -13"><span class='ocrx_word' id='word_1_88' title='bbox 108 1396 277 1446; x_wconf 82' lang='lat' dir='ltr'>nondum-ad</span> <span class='ocrx_word' id='word_1_89' title='bbox 291 1396 403 1444; x_wconf 84' lang='lat' dir='ltr'>Patrem</span> <span class='ocrx_word' id='word_1_90' title='bbox 424 1393 543 1456; x_wconf 82' lang='lat' dir='ltr'>ascendi,</span> <span class='ocrx_word' id='word_1_91' title='bbox 558 1408 640 1459; x_wconf 88' lang='lat' dir='ltr'>quem</span> 
     </span>
     <span class='ocr_line' id='line_1_18' title="bbox 108 1464 640 1532; baseline -0.008 -15"><span class='ocrx_word' id='word_1_92' title='bbox 108 1466 241 1517; x_wconf 72' lang='lat' dir='ltr'>virentem</span> <span class='ocrx_word' id='word_1_93' title='bbox 256 1482 317 1516; x_wconf 88' lang='lat' dir='ltr'>cum</span> <span class='ocrx_word' id='word_1_94' title='bbox 330 1465 446 1515; x_wconf 84' lang='lat' dir='ltr'>mortuis</span> <span class='ocrx_word' id='word_1_95' title='bbox 457 1464 640 1532; x_wconf 78' lang='lat' dir='ltr'>quaeris,‹cum</span> 
     </span>
     <span class='ocr_line' id='line_1_19' title="bbox 108 1533 640 1596; baseline -0.004 -10"><span class='ocrx_word' id='word_1_96' title='bbox 108 1536 315 1586; x_wconf 77' lang='lat' dir='ltr'>tibiascendero</span> <span class='ocrx_word' id='word_1_97' title='bbox 329 1538 361 1586; x_wconf 95' lang='lat' dir='ltr'>ad</span> <span class='ocrx_word' id='word_1_98' title='bbox 375 1533 487 1596; x_wconf 80' lang='lat' dir='ltr'>Patrem,</span> <span class='ocrx_word' id='word_1_99' title='bbox 502 1545 567 1585; x_wconf 89' lang='lat' dir='ltr'>tunc</span> <span class='ocrx_word' id='word_1_100' title='bbox 580 1549 640 1584; x_wconf 90' lang='lat' dir='ltr'>me-</span> 
     </span>
    </p>

    <p class='ocr_par' dir='ltr' id='par_1_4' title="bbox 105 1608 641 2034">
     <span class='ocr_line' id='line_1_20' title="bbox 105 1608 639 1676; baseline -0.009 -15"><span class='ocrx_word' id='word_1_101' title='bbox 105 1610 208 1661; x_wconf 81' lang='lat' dir='ltr'>reberis</span> <span class='ocrx_word' id='word_1_102' title='bbox 219 1626 272 1660; x_wconf 86' lang='lat' dir='ltr'>me</span> <span class='ocrx_word' id='word_1_103' title='bbox 288 1620 396 1676; x_wconf 82' lang='lat' dir='ltr'>tangere</span> <span class='ocrx_word' id='word_1_104' title='bbox 410 1609 483 1659; x_wconf 87' lang='lat' dir='ltr'>Patri</span> <span class='ocrx_word' id='word_1_105' title='bbox 498 1608 639 1674; x_wconf 87' lang='lat' dir='ltr'>aequalem.</span> 
     </span>
     <span class='ocr_line' id='line_1_21' title="bbox 105 1681 641 1742; baseline -0.004 -10"><span class='ocrx_word' id='word_1_106' title='bbox 105 1683 185 1734; x_wconf 86' lang='lat' dir='ltr'>Unde</span> <span class='ocrx_word' id='word_1_107' title='bbox 197 1684 343 1734; x_wconf 29' lang='lat' dir='ltr'>,Anselmus</span> <span class='ocrx_word' id='word_1_108' title='bbox 364 1701 373 1733; x_wconf 88' lang='lat'>.·</span> <span class='ocrx_word' id='word_1_109' title='bbox 394 1701 409 1728; x_wconf 91' lang='grc' dir='ltr'>ιι</span> <span class='ocrx_word' id='word_1_110' title='bbox 428 1683 490 1742; x_wconf 85' lang='lat' dir='ltr'>Sed,</span> <span class='ocrx_word' id='word_1_111' title='bbox 513 1698 530 1732; x_wconf 92' lang='lat' dir='ltr'>o</span> <span class='ocrx_word' id='word_1_112' title='bbox 554 1681 641 1732; x_wconf 87' lang='lat' dir='ltr'>dulcis</span> 
     </span>
     <span class='ocr_line' id='line_1_22' title="bbox 106 1753 640 1818; baseline -0.004 -14"><span class='ocrx_word' id='word_1_113' title='bbox 106 1755 239 1818; x_wconf 80' lang='lat' dir='ltr'>lesu,cur</span> <span class='ocrx_word' id='word_1_114' title='bbox 253 1754 387 1805; x_wconf 76' lang='lat' dir='ltr'>asseratis</span> <span class='ocrx_word' id='word_1_115' title='bbox 395 1771 429 1804; x_wconf 83' lang='lat' dir='ltr'>ac</span> <span class='ocrx_word' id='word_1_116' title='bbox 442 1753 640 1808; x_wconf 81' lang='lat' dir='ltr'>desideratissi-</span> 
     </span>
     <span class='ocr_line' id='line_1_23' title="bbox 107 1824 640 1889; baseline 0 -16"><span class='ocrx_word' id='word_1_117' title='bbox 107 1824 161 1874; x_wconf 86' lang='lat' dir='ltr'>mis</span> <span class='ocrx_word' id='word_1_118' title='bbox 183 1825 296 1889; x_wconf 90' lang='lat' dir='ltr'>pedibus</span> <span class='ocrx_word' id='word_1_119' title='bbox 322 1825 376 1875; x_wconf 90' lang='lat' dir='ltr'>tuis</span> <span class='ocrx_word' id='word_1_120' title='bbox 389 1825 434 1874; x_wconf 87' lang='lat' dir='ltr'>sic</span> <span class='ocrx_word' id='word_1_121' title='bbox 456 1841 531 1875; x_wconf 85' lang='lat' dir='ltr'>arces</span> <span class='ocrx_word' id='word_1_122' title='bbox 546 1839 640 1874; x_wconf 87' lang='lat' dir='ltr'>aman·</span> 
     </span>
     <span class='ocr_line' id='line_1_24' title="bbox 107 1894 638 1963; baseline 0 -18"><span class='ocrx_word' id='word_1_123' title='bbox 107 1894 288 1957; x_wconf 75' lang='lat' dir='ltr'>temssizNoIt&#39;,</span> <span class='ocrx_word' id='word_1_124' title='bbox 322 1896 421 1963; x_wconf 84' lang='lat' dir='ltr'>inquis,</span> <span class='ocrx_word' id='word_1_125' title='bbox 448 1911 489 1946; x_wconf 87' lang='lat' dir='ltr'>me</span> <span class='ocrx_word' id='word_1_126' title='bbox 515 1901 638 1961; x_wconf 74' lang='lat' dir='ltr'>tangere,</span> 
     </span>
     <span class='ocr_line' id='line_1_25' title="bbox 105 1966 640 2034; baseline -0.002 -19"><span class='ocrx_word' id='word_1_127' title='bbox 105 1966 205 2032; x_wconf 82' lang='lat' dir='ltr'>utquid</span> <span class='ocrx_word' id='word_1_128' title='bbox 220 1967 355 2016; x_wconf 80' lang='lat' dir='ltr'>Domine?</span> <span class='ocrx_word' id='word_1_129' title='bbox 370 1967 403 2018; x_wconf 87' lang='lat' dir='ltr'>Et</span> <span class='ocrx_word' id='word_1_130' title='bbox 414 1982 499 2034; x_wconf 86' lang='lat' dir='ltr'>quare</span> <span class='ocrx_word' id='word_1_131' title='bbox 511 1977 640 2016; x_wconf 78' lang='lat' dir='ltr'>rontan-</span> 
     </span>
    </p>

    <p class='ocr_par' dir='ltr' id='par_1_5' title="bbox 106 2035 640 2173">
     <span class='ocr_line' id='line_1_26' title="bbox 106 2035 640 2104; baseline 0 -20"><span class='ocrx_word' id='word_1_132' title='bbox 106 2051 167 2102; x_wconf 77' lang='lat' dir='ltr'>gam</span> <span class='ocrx_word' id='word_1_133' title='bbox 182 2035 227 2086; x_wconf 86' lang='lat' dir='ltr'>illa</span> <span class='ocrx_word' id='word_1_134' title='bbox 242 2037 391 2088; x_wconf 89' lang='lat' dir='ltr'>desiderata</span> <span class='ocrx_word' id='word_1_135' title='bbox 405 2038 516 2104; x_wconf 82' lang='lat' dir='ltr'>vestigia</span> <span class='ocrx_word' id='word_1_136' title='bbox 531 2047 576 2086; x_wconf 85' lang='lat' dir='ltr'>tua</span> <span class='ocrx_word' id='word_1_137' title='bbox 589 2051 640 2101; x_wconf 87' lang='lat' dir='ltr'>pro</span> 
     </span>
     <span class='ocr_line' id='line_1_27' title="bbox 108 2104 640 2173; baseline 0.004 -19"><span class='ocrx_word' id='word_1_138' title='bbox 108 2121 152 2154; x_wconf 86' lang='lat' dir='ltr'>me</span> <span class='ocrx_word' id='word_1_139' title='bbox 176 2104 308 2171; x_wconf 85' lang='lat' dir='ltr'>perforata</span> <span class='ocrx_word' id='word_1_140' title='bbox 328 2107 420 2168; x_wconf 84' lang='lat' dir='ltr'>clavis,</span> <span class='ocrx_word' id='word_1_141' title='bbox 444 2107 552 2173; x_wconf 76' lang='lat' dir='ltr'>perfusa</span> <span class='ocrx_word' id='word_1_142' title='bbox 571 2122 640 2157; x_wconf 82' lang='lat' dir='ltr'>san-</span> 
     </span>
    </p>

    <p class='ocr_par' dir='ltr' id='par_1_6' title="bbox 104 2176 641 2244">
     <span class='ocr_line' id='line_1_28' title="bbox 104 2176 641 2244; baseline 0 -18"><span class='ocrx_word' id='word_1_143' title='bbox 104 2176 209 2243; x_wconf 81' lang='lat' dir='ltr'>guine?</span> <span class='ocrx_word' id='word_1_144' title='bbox 235 2178 322 2236; x_wconf 80' lang='lat' dir='ltr'>Quare</span> <span class='ocrx_word' id='word_1_145' title='bbox 341 2193 374 2228; x_wconf 89' lang='lat' dir='ltr'>ea</span> <span class='ocrx_word' id='word_1_146' title='bbox 397 2194 453 2228; x_wconf 90' lang='lat' dir='ltr'>non</span> <span class='ocrx_word' id='word_1_147' title='bbox 475 2189 592 2244; x_wconf 86' lang='lat' dir='ltr'>tangam,</span> <span class='ocrx_word' id='word_1_148' title='bbox 606 2186 641 2227; x_wconf 88' lang='lat' dir='ltr'>-et</span> 
     </span>
    </p>
   </div>
   <div class='ocr_carea' id='block_1_3' title="bbox 108 2248 661 2316">
    <p class='ocr_par' dir='ltr' id='par_1_7' title="bbox 108 2248 661 2316">
     <span class='ocr_line' id='line_1_29' title="bbox 108 2248 661 2316; baseline 0.002 -19"><span class='ocrx_word' id='word_1_149' title='bbox 108 2248 301 2300; x_wconf 68' lang='lat' dir='ltr'>deosculabor?</span> <span class='ocrx_word' id='word_1_150' title='bbox 321 2252 363 2299; x_wconf 77' lang='lat' dir='ltr'>An</span> <span class='ocrx_word' id='word_1_151' title='bbox 379 2251 539 2301; x_wconf 85' lang='lat' dir='ltr'>inimicitior</span> <span class='ocrx_word' id='word_1_152' title='bbox 559 2265 588 2299; x_wconf 90' lang='lat' dir='ltr'>es</span> <span class='ocrx_word' id='word_1_153' title='bbox 601 2265 642 2299; x_wconf 91' lang='lat' dir='ltr'>so-</span> <span class='ocrx_word' id='word_1_154' title='bbox 660 2313 661 2316; x_wconf 8' lang='grc' dir='ltr'><strong>Ἴ</strong></span> 
     </span>
    </p>
   </div>
   <div class='ocr_carea' id='block_1_4' title="bbox 106 2319 662 2546">
    <p class='ocr_par' dir='ltr' id='par_1_8' title="bbox 106 2319 642 2531">
     <span class='ocr_line' id='line_1_30' title="bbox 106 2319 642 2387; baseline 0.004 -18"><span class='ocrx_word' id='word_1_155' title='bbox 106 2319 168 2381; x_wconf 85' lang='lat' dir='ltr'>lito,</span> <span class='ocrx_word' id='word_1_156' title='bbox 183 2322 254 2387; x_wconf 84' lang='lat' dir='ltr'>¹quia</span> <span class='ocrx_word' id='word_1_157' title='bbox 269 2322 430 2387; x_wconf 79' lang='lat' dir='ltr'>gloriosior?</span> <span class='ocrx_word' id='word_1_158' title='bbox 446 2324 510 2373; x_wconf 88' lang='lat' dir='ltr'>Ecce</span> <span class='ocrx_word' id='word_1_159' title='bbox 525 2338 581 2373; x_wconf 87' lang='lat' dir='ltr'>non</span> <span class='ocrx_word' id='word_1_160' title='bbox 597 2321 642 2371; x_wconf 89' lang='lat' dir='ltr'>di-</span> 
     </span>
     <span class='ocr_line' id='line_1_31' title="bbox 108 2393 641 2457; baseline 0.004 -15"><span class='ocrx_word' id='word_1_161' title='bbox 108 2393 214 2443; x_wconf 86' lang='lat' dir='ltr'>mittam</span> <span class='ocrx_word' id='word_1_162' title='bbox 229 2404 264 2455; x_wconf 87' lang='lat' dir='ltr'>te,</span> <span class='ocrx_word' id='word_1_163' title='bbox 286 2411 335 2445; x_wconf 88' lang='lat' dir='ltr'>nec</span> <span class='ocrx_word' id='word_1_164' title='bbox 347 2396 475 2446; x_wconf 86' lang='lat' dir='ltr'>recedam</span> <span class='ocrx_word' id='word_1_165' title='bbox 494 2406 566 2457; x_wconf 87' lang='lat' dir='ltr'>ate</span> <span class='ocrx_word' id='word_1_166' title='bbox 585 2410 641 2444; x_wconf 86' lang='lat' dir='ltr'>non</span> 
     </span>
     <span class='ocr_line' id='line_1_32' title="bbox 109 2464 662 2546; baseline 0.002 -32"><span class='ocrx_word' id='word_1_167' title='bbox 109 2479 213 2528; x_wconf 84' lang='lat' dir='ltr'>parcam</span> <span class='ocrx_word' id='word_1_168' title='bbox 228 2465 363 2546; x_wconf 81' lang='lat' dir='ltr'>lacrymis,</span> <span class='ocrx_word' id='word_1_169' title='bbox 378 2475 405 2514; x_wconf 89' lang='lat' dir='ltr'>et</span> <span class='ocrx_word' id='word_1_170' title='bbox 425 2476 517 2530; x_wconf 88' lang='lat' dir='ltr'>pectus</span> <span class='ocrx_word' id='word_1_171' title='bbox 532 2464 662 2546; x_wconf 85' lang='lat' dir='ltr'>singul</span> 
     </span>
    </p>
   </div>
   <div class='ocr_carea' id='block_1_5' title="bbox 691 322 1229 2314">
    <p class='ocr_par' dir='ltr' id='par_1_9' title="bbox 691 322 1229 461">
     <span class='ocr_line' id='line_1_33' title="bbox 691 322 1229 386; baseline 0.006 -14"><span class='ocrx_word' id='word_1_172' title='bbox 691 322 813 372; x_wconf 85' lang='lat' dir='ltr'>Donmus</span> <span class='ocrx_word' id='word_1_173' title='bbox 828 325 835 370; x_wconf 75' lang='lat' dir='ltr'>i</span> <span class='ocrx_word' id='word_1_174' title='bbox 850 350 880 360; x_wconf 89' lang='lat'><em>-</em></span> <span class='ocrx_word' id='word_1_175' title='bbox 896 322 949 372; x_wconf 89' lang='lat' dir='ltr'>Sed</span> <span class='ocrx_word' id='word_1_176' title='bbox 969 323 1037 373; x_wconf 85' lang='lat' dir='ltr'>vade</span> <span class='ocrx_word' id='word_1_177' title='bbox 1051 324 1112 386; x_wconf 84' lang='lat' dir='ltr'>jam</span> <span class='ocrx_word' id='word_1_178' title='bbox 1136 323 1229 375; x_wconf 81' lang='lat' dir='ltr'>laetifi-</span> 
     </span>
     <span class='ocr_line' id='line_1_34' title="bbox 691 392 1226 461; baseline 0.008 -21"><span class='ocrx_word' id='word_1_179' title='bbox 691 402 757 451; x_wconf 88' lang='lat' dir='ltr'>cata,</span> <span class='ocrx_word' id='word_1_180' title='bbox 772 392 808 441; x_wconf 84' lang='lat' dir='ltr'>ad</span> <span class='ocrx_word' id='word_1_181' title='bbox 815 392 923 456; x_wconf 84' lang='lat' dir='ltr'>fratres</span> <span class='ocrx_word' id='word_1_182' title='bbox 937 407 1017 455; x_wconf 83' lang='lat' dir='ltr'>meos,</span> <span class='ocrx_word' id='word_1_183' title='bbox 1033 394 1142 445; x_wconf 86' lang='lat' dir='ltr'>scilicet</span> <span class='ocrx_word' id='word_1_184' title='bbox 1154 396 1226 461; x_wconf 90' lang='lat' dir='ltr'>Apo-</span> 
     </span>
    </p>

    <p class='ocr_par' dir='ltr' id='par_1_10' title="bbox 692 462 1227 674">
     <span class='ocr_line' id='line_1_35' title="bbox 692 462 1227 534; baseline 0.009 -21"><span class='ocrx_word' id='word_1_185' title='bbox 692 462 785 522; x_wconf 88' lang='lat' dir='ltr'>stolos‚</span> <span class='ocrx_word' id='word_1_186' title='bbox 810 469 837 513; x_wconf 85' lang='lat' dir='ltr'>et</span> <span class='ocrx_word' id='word_1_187' title='bbox 858 465 988 516; x_wconf 84' lang='lat' dir='ltr'>nuntians</span> <span class='ocrx_word' id='word_1_188' title='bbox 1011 466 1054 515; x_wconf 83' lang='lat' dir='ltr'>dic</span> <span class='ocrx_word' id='word_1_189' title='bbox 1068 467 1137 516; x_wconf 82' lang='lat' dir='ltr'>eis.-</span> <span class='ocrx_word' id='word_1_190' title='bbox 1161 467 1227 534; x_wconf 84' lang='lat' dir='ltr'>qula</span> 
     </span>
     <span class='ocr_line' id='line_1_36' title="bbox 692 532 1225 599; baseline 0.013 -15"><span class='ocrx_word' id='word_1_191' title='bbox 692 532 805 596; x_wconf 72' lang='lat' dir='ltr'>surreii,</span> <span class='ocrx_word' id='word_1_192' title='bbox 820 547 846 587; x_wconf 90' lang='lat' dir='ltr'>et</span> <span class='ocrx_word' id='word_1_193' title='bbox 855 533 980 599; x_wconf 84' lang='lat' dir='ltr'>ascendo,</span> <span class='ocrx_word' id='word_1_194' title='bbox 989 536 1066 588; x_wconf 82' lang='lat' dir='ltr'>idest</span> <span class='ocrx_word' id='word_1_195' title='bbox 1075 540 1225 599; x_wconf 86' lang='lat' dir='ltr'>ascendam</span> 
     </span>
     <span class='ocr_line' id='line_1_37' title="bbox 692 605 1224 674; baseline 0.008 -19"><span class='ocrx_word' id='word_1_196' title='bbox 692 607 729 656; x_wconf 81' lang='lat' dir='ltr'>ad</span> <span class='ocrx_word' id='word_1_197' title='bbox 749 605 861 658; x_wconf 81' lang='lat' dir='ltr'>Patrem</span> <span class='ocrx_word' id='word_1_198' title='bbox 886 623 980 670; x_wconf 83' lang='lat' dir='ltr'>meum,</span> <span class='ocrx_word' id='word_1_199' title='bbox 1004 624 1051 673; x_wconf 90' lang='lat' dir='ltr'>per</span> <span class='ocrx_word' id='word_1_200' title='bbox 1072 608 1224 674; x_wconf 85' lang='lat' dir='ltr'>generatio-</span> 
     </span>
    </p>

    <p class='ocr_par' dir='ltr' id='par_1_11' title="bbox 692 679 1227 1535">
     <span class='ocr_line' id='line_1_38' title="bbox 693 679 1224 742; baseline 0.004 -15"><span class='ocrx_word' id='word_1_201' title='bbox 693 693 756 728; x_wconf 81' lang='lat' dir='ltr'>nem</span> <span class='ocrx_word' id='word_1_202' title='bbox 775 688 802 728; x_wconf 88' lang='lat' dir='ltr'>et</span> <span class='ocrx_word' id='word_1_203' title='bbox 825 687 966 742; x_wconf 89' lang='lat' dir='ltr'>naturam,</span> <span class='ocrx_word' id='word_1_204' title='bbox 992 685 1019 729; x_wconf 87' lang='lat' dir='ltr'>et</span> <span class='ocrx_word' id='word_1_205' title='bbox 1045 679 1156 729; x_wconf 84' lang='lat' dir='ltr'>Patrem</span> <span class='ocrx_word' id='word_1_206' title='bbox 1179 694 1224 729; x_wconf 84' lang='lat' dir='ltr'>ve-</span> 
     </span>
     <span class='ocr_line' id='line_1_39' title="bbox 693 750 1223 819; baseline 0.002 -20"><span class='ocrx_word' id='word_1_207' title='bbox 693 755 784 819; x_wconf 77' lang='lat' dir='ltr'>strum,</span> <span class='ocrx_word' id='word_1_208' title='bbox 809 763 856 815; x_wconf 91' lang='lat' dir='ltr'>per</span> <span class='ocrx_word' id='word_1_209' title='bbox 870 750 1043 815; x_wconf 85' lang='lat' dir='ltr'>adoptionem</span> <span class='ocrx_word' id='word_1_210' title='bbox 1059 760 1084 799; x_wconf 91' lang='lat' dir='ltr'>et</span> <span class='ocrx_word' id='word_1_211' title='bbox 1100 750 1223 815; x_wconf 82' lang='lat' dir='ltr'>gratiam,</span> 
     </span>
     <span class='ocr_line' id='line_1_40' title="bbox 692 821 1224 887; baseline 0.004 -17"><span class='ocrx_word' id='word_1_212' title='bbox 692 821 778 871; x_wconf 84' lang='lat' dir='ltr'>Deum</span> <span class='ocrx_word' id='word_1_213' title='bbox 807 836 900 880; x_wconf 85' lang='lat' dir='ltr'>meum,</span> <span class='ocrx_word' id='word_1_214' title='bbox 926 823 991 887; x_wconf 87' lang='lat' dir='ltr'>quia</span> <span class='ocrx_word' id='word_1_215' title='bbox 1016 837 1059 872; x_wconf 92' lang='lat' dir='ltr'>me</span> <span class='ocrx_word' id='word_1_216' title='bbox 1084 821 1224 872; x_wconf 88' lang='lat' dir='ltr'>hominem</span> 
     </span>
     <span class='ocr_line' id='line_1_41' title="bbox 692 894 1224 961; baseline 0 -17"><span class='ocrx_word' id='word_1_217' title='bbox 692 895 799 955; x_wconf 85' lang='lat' dir='ltr'>creavit,</span> <span class='ocrx_word' id='word_1_218' title='bbox 819 904 844 944; x_wconf 85' lang='lat' dir='ltr'>et</span> <span class='ocrx_word' id='word_1_219' title='bbox 858 894 909 945; x_wconf 88' lang='lat' dir='ltr'>sub</span> <span class='ocrx_word' id='word_1_220' title='bbox 924 911 978 961; x_wconf 93' lang='lat' dir='ltr'>quo</span> <span class='ocrx_word' id='word_1_221' title='bbox 993 911 1042 960; x_wconf 87' lang='lat' dir='ltr'>ego</span> <span class='ocrx_word' id='word_1_222' title='bbox 1055 894 1139 944; x_wconf 90' lang='lat' dir='ltr'>homo</span> <span class='ocrx_word' id='word_1_223' title='bbox 1152 911 1224 959; x_wconf 89' lang='lat' dir='ltr'>sum,</span> 
     </span>
     <span class='ocr_line' id='line_1_42' title="bbox 693 967 1225 1030; baseline -0.002 -12"><span class='ocrx_word' id='word_1_224' title='bbox 693 970 840 1018; x_wconf 90' lang='lat' dir='ltr'>secundum</span> <span class='ocrx_word' id='word_1_225' title='bbox 861 967 1067 1030; x_wconf 85' lang='lat' dir='ltr'>humanitatem,</span> <span class='ocrx_word' id='word_1_226' title='bbox 1094 975 1120 1018; x_wconf 88' lang='lat' dir='ltr'>et</span> <span class='ocrx_word' id='word_1_227' title='bbox 1139 969 1225 1018; x_wconf 86' lang='lat' dir='ltr'>Deum</span> 
     </span>
     <span class='ocr_line' id='line_1_43' title="bbox 693 1038 1225 1106; baseline 0 -17"><span class='ocrx_word' id='word_1_228' title='bbox 693 1045 819 1102; x_wconf 71' lang='lat' dir='ltr'>vestrm,</span> <span class='ocrx_word' id='word_1_229' title='bbox 842 1039 889 1106; x_wconf 87' lang='lat' dir='ltr'>qui</span> <span class='ocrx_word' id='word_1_230' title='bbox 906 1054 955 1088; x_wconf 84' lang='lat' dir='ltr'>vos</span> <span class='ocrx_word' id='word_1_231' title='bbox 967 1038 1076 1098; x_wconf 90' lang='lat' dir='ltr'>creavit,</span> <span class='ocrx_word' id='word_1_232' title='bbox 1090 1050 1116 1089; x_wconf 88' lang='lat' dir='ltr'>et</span> <span class='ocrx_word' id='word_1_233' title='bbox 1131 1039 1163 1088; x_wconf 88' lang='lat' dir='ltr'>ab</span> <span class='ocrx_word' id='word_1_234' title='bbox 1180 1054 1225 1089; x_wconf 91' lang='lat' dir='ltr'>er-</span> 
     </span>
     <span class='ocr_line' id='line_1_44' title="bbox 693 1110 1225 1176; baseline -0.002 -15"><span class='ocrx_word' id='word_1_235' title='bbox 693 1127 754 1162; x_wconf 88' lang='lat' dir='ltr'>rore</span> <span class='ocrx_word' id='word_1_236' title='bbox 766 1111 899 1172; x_wconf 87' lang='lat' dir='ltr'>liberavit,</span> <span class='ocrx_word' id='word_1_237' title='bbox 913 1110 982 1160; x_wconf 89' lang='lat' dir='ltr'>inter</span> <span class='ocrx_word' id='word_1_238' title='bbox 996 1127 1065 1176; x_wconf 89' lang='lat' dir='ltr'>quos</span> <span class='ocrx_word' id='word_1_239' title='bbox 1083 1120 1109 1161; x_wconf 91' lang='lat' dir='ltr'>et</span> <span class='ocrx_word' id='word_1_240' title='bbox 1125 1111 1225 1176; x_wconf 80' lang='lat' dir='ltr'>ipsum,</span> 
     </span>
     <span class='ocr_line' id='line_1_45' title="bbox 693 1181 1225 1250; baseline -0.008 -16"><span class='ocrx_word' id='word_1_241' title='bbox 693 1199 743 1250; x_wconf 82' lang='lat' dir='ltr'>ego</span> <span class='ocrx_word' id='word_1_242' title='bbox 762 1183 892 1233; x_wconf 88' lang='lat' dir='ltr'>mediator</span> <span class='ocrx_word' id='word_1_243' title='bbox 908 1197 978 1231; x_wconf 88' lang='lat' dir='ltr'>sum.</span> <span class='ocrx_word' id='word_1_244' title='bbox 996 1181 1079 1241; x_wconf 88' lang='lat' dir='ltr'>Quasi</span> <span class='ocrx_word' id='word_1_245' title='bbox 1103 1181 1225 1231; x_wconf 89' lang='lat' dir='ltr'>diceret:</span> 
     </span>
     <span class='ocr_line' id='line_1_46' title="bbox 694 1255 1226 1330; baseline -0.008 -23"><span class='ocrx_word' id='word_1_246' title='bbox 694 1258 722 1307; x_wconf 92' lang='lat' dir='ltr'>ln</span> <span class='ocrx_word' id='word_1_247' title='bbox 736 1257 868 1330; x_wconf 86' lang='lat' dir='ltr'>proximo</span> <span class='ocrx_word' id='word_1_248' title='bbox 883 1266 933 1314; x_wconf 86' lang='lat' dir='ltr'>est,</span> <span class='ocrx_word' id='word_1_249' title='bbox 955 1265 985 1304; x_wconf 92' lang='lat' dir='ltr'>ut</span> <span class='ocrx_word' id='word_1_250' title='bbox 999 1255 1107 1305; x_wconf 79' lang='lat' dir='ltr'>videant</span> <span class='ocrx_word' id='word_1_251' title='bbox 1128 1270 1226 1304; x_wconf 70' lang='lat' dir='ltr'>ascen·-</span> 
     </span>
     <span class='ocr_line' id='line_1_47' title="bbox 691 1324 1226 1392; baseline -0.009 -13.991"><span class='ocrx_word' id='word_1_252' title='bbox 691 1328 811 1378; x_wconf 88' lang='lat' dir='ltr'>dentem.</span> <span class='ocrx_word' id='word_1_253' title='bbox 833 1325 996 1392; x_wconf 84' lang='lat' dir='ltr'>Loquitur</span> <span class='ocrx_word' id='word_1_254' title='bbox 990 1341 1018 1374; x_wconf 87' lang='lat' dir='ltr'>tn</span> <span class='ocrx_word' id='word_1_255' title='bbox 1044 1324 1194 1390; x_wconf 90' lang='lat' dir='ltr'>proposito</span> <span class='ocrx_word' id='word_1_256' title='bbox 1198 1325 1226 1374; x_wconf 89' lang='lat' dir='ltr'>in</span> 
     </span>
     <span class='ocr_line' id='line_1_48' title="bbox 693 1395 1227 1467; baseline -0.009 -18"><span class='ocrx_word' id='word_1_257' title='bbox 693 1409 826 1467; x_wconf 86' lang='lat' dir='ltr'>quantum</span> <span class='ocrx_word' id='word_1_258' title='bbox 856 1399 954 1460; x_wconf 87' lang='lat' dir='ltr'>homo,</span> <span class='ocrx_word' id='word_1_259' title='bbox 985 1395 1054 1462; x_wconf 80' lang='lat' dir='ltr'>quia</span> <span class='ocrx_word' id='word_1_260' title='bbox 1084 1395 1227 1444; x_wconf 87' lang='lat' dir='ltr'>ascendere</span> 
     </span>
     <span class='ocr_line' id='line_1_49' title="bbox 693 1463 1226 1535; baseline -0.014 -14"><span class='ocrx_word' id='word_1_261' title='bbox 693 1487 748 1521; x_wconf 88' lang='lat' dir='ltr'>non</span> <span class='ocrx_word' id='word_1_262' title='bbox 772 1468 900 1535; x_wconf 85' lang='lat' dir='ltr'>competit</span> <span class='ocrx_word' id='word_1_263' title='bbox 922 1469 946 1518; x_wconf 89' lang='lat' dir='ltr'>ei</span> <span class='ocrx_word' id='word_1_264' title='bbox 974 1464 1122 1519; x_wconf 87' lang='lat' dir='ltr'>secuhdum</span> <span class='ocrx_word' id='word_1_265' title='bbox 1153 1463 1226 1516; x_wconf 86' lang='lat' dir='ltr'>divi-</span> 
     </span>
    </p>

    <p class='ocr_par' dir='ltr' id='par_1_12' title="bbox 691 1536 1227 1956">
     <span class='ocr_line' id='line_1_50' title="bbox 692 1536 1224 1604; baseline -0.013 -12"><span class='ocrx_word' id='word_1_266' title='bbox 692 1557 756 1592; x_wconf 87' lang='lat' dir='ltr'>nam</span> <span class='ocrx_word' id='word_1_267' title='bbox 782 1551 913 1599; x_wconf 87' lang='lat' dir='ltr'>naturam,</span> <span class='ocrx_word' id='word_1_268' title='bbox 934 1554 993 1604; x_wconf 88' lang='lat' dir='ltr'>quae</span> <span class='ocrx_word' id='word_1_269' title='bbox 1018 1548 1059 1588; x_wconf 87' lang='lat' dir='ltr'>est</span> <span class='ocrx_word' id='word_1_270' title='bbox 1079 1537 1122 1586; x_wconf 88' lang='lat' dir='ltr'>alt&#39;</span> <span class='ocrx_word' id='word_1_271' title='bbox 1105 1536 1224 1598; x_wconf 80' lang='lat' dir='ltr'>tissima;</span> 
     </span>
     <span class='ocr_line' id='line_1_51' title="bbox 693 1607 1225 1680; baseline -0.013 -17"><span class='ocrx_word' id='word_1_272' title='bbox 693 1611 766 1680; x_wconf 93' lang='lat' dir='ltr'>quod</span> <span class='ocrx_word' id='word_1_273' title='bbox 789 1611 869 1662; x_wconf 88' lang='lat' dir='ltr'>etiam</span> <span class='ocrx_word' id='word_1_274' title='bbox 898 1620 969 1676; x_wconf 87' lang='lat' dir='ltr'>patet</span> <span class='ocrx_word' id='word_1_275' title='bbox 992 1625 1024 1658; x_wconf 81' lang='lat' dir='ltr'>ex</span> <span class='ocrx_word' id='word_1_276' title='bbox 1051 1609 1120 1668; x_wconf 89' lang='lat' dir='ltr'>hoc,</span> <span class='ocrx_word' id='word_1_277' title='bbox 1151 1607 1225 1674; x_wconf 90' lang='lat' dir='ltr'>quod</span> 
     </span>
     <span class='ocr_line' id='line_1_52' title="bbox 693 1681 1227 1749; baseline -0.015 -13"><span class='ocrx_word' id='word_1_278' title='bbox 693 1694 768 1736; x_wconf 85' lang='lat' dir='ltr'>vocat</span> <span class='ocrx_word' id='word_1_279' title='bbox 796 1683 944 1749; x_wconf 85' lang='lat' dir='ltr'>Apostolos</span> <span class='ocrx_word' id='word_1_280' title='bbox 961 1681 1086 1746; x_wconf 79' lang='lat' dir='ltr'>fratrer,</span> <span class='ocrx_word' id='word_1_281' title='bbox 1119 1689 1227 1745; x_wconf 85' lang='lat' dir='ltr'>propter</span> 
     </span>
     <span class='ocr_line' id='line_1_53' title="bbox 691 1750 1225 1807; baseline -0.015 -1"><span class='ocrx_word' id='word_1_282' title='bbox 691 1754 904 1806; x_wconf 86' lang='lat' dir='ltr'>similitudinem</span> <span class='ocrx_word' id='word_1_283' title='bbox 945 1762 971 1802; x_wconf 89' lang='lat' dir='ltr'>et</span> <span class='ocrx_word' id='word_1_284' title='bbox 1007 1750 1225 1807; x_wconf 79' lang='lat' dir='ltr'>conformitatem</span> 
     </span>
     <span class='ocr_line' id='line_1_54' title="bbox 691 1820 1225 1887; baseline -0.015 -10"><span class='ocrx_word' id='word_1_285' title='bbox 691 1826 818 1876; x_wconf 86' lang='lat' dir='ltr'>humanae</span> <span class='ocrx_word' id='word_1_286' title='bbox 830 1835 947 1882; x_wconf 77' lang='lat' dir='ltr'>natura,</span> <span class='ocrx_word' id='word_1_287' title='bbox 972 1832 997 1873; x_wconf 88' lang='lat' dir='ltr'>et</span> <span class='ocrx_word' id='word_1_288' title='bbox 1016 1833 1125 1887; x_wconf 90' lang='lat' dir='ltr'>propter</span> <span class='ocrx_word' id='word_1_289' title='bbox 1143 1820 1225 1886; x_wconf 90' lang='lat' dir='ltr'>spiri-</span> 
     </span>
     <span class='ocr_line' id='line_1_55' title="bbox 691 1891 1224 1956; baseline -0.014 -9"><span class='ocrx_word' id='word_1_290' title='bbox 691 1897 840 1947; x_wconf 86' lang='lat' dir='ltr'>tualitatem</span> <span class='ocrx_word' id='word_1_291' title='bbox 858 1893 993 1953; x_wconf 86' lang='lat' dir='ltr'>amicitiae,</span> <span class='ocrx_word' id='word_1_292' title='bbox 1017 1904 1042 1943; x_wconf 90' lang='lat' dir='ltr'>et</span> <span class='ocrx_word' id='word_1_293' title='bbox 1061 1891 1142 1943; x_wconf 90' lang='lat' dir='ltr'>etiam</span> <span class='ocrx_word' id='word_1_294' title='bbox 1158 1906 1224 1956; x_wconf 91' lang='lat' dir='ltr'>pro-</span> 
     </span>
    </p>

    <p class='ocr_par' dir='ltr' id='par_1_13' title="bbox 691 1963 1227 2158">
     <span class='ocr_line' id='line_1_56' title="bbox 691 1963 1225 2044; baseline -0.013 -26"><span class='ocrx_word' id='word_1_295' title='bbox 691 1978 751 2034; x_wconf 90' lang='lat' dir='ltr'>pter</span> <span class='ocrx_word' id='word_1_296' title='bbox 764 1966 937 2032; x_wconf 89' lang='lat' dir='ltr'>adoptionem</span> <span class='ocrx_word' id='word_1_297' title='bbox 952 1963 1060 2029; x_wconf 61' lang='lat' dir='ltr'>gratiae,</span> <span class='ocrx_word' id='word_1_298' title='bbox 1084 1963 1147 2044; x_wconf 84' lang='lat' dir='ltr'>quia</span> <span class='ocrx_word' id='word_1_299' title='bbox 1167 1963 1225 2026; x_wconf 74' lang='lat' dir='ltr'>ejus</span> 
     </span>
     <span class='ocr_line' id='line_1_57' title="bbox 694 2033 1227 2114; baseline -0.011 -26"><span class='ocrx_word' id='word_1_300' title='bbox 694 2038 780 2089; x_wconf 87' lang='lat' dir='ltr'>Patris</span> <span class='ocrx_word' id='word_1_301' title='bbox 792 2047 858 2088; x_wconf 89' lang='lat' dir='ltr'>sunt</span> <span class='ocrx_word' id='word_1_302' title='bbox 870 2035 919 2086; x_wconf 87' lang='lat' dir='ltr'>filii</span> <span class='ocrx_word' id='word_1_303' title='bbox 934 2035 1063 2098; x_wconf 81' lang='lat' dir='ltr'>adoptivi,</span> <span class='ocrx_word' id='word_1_304' title='bbox 1078 2035 1155 2096; x_wconf 85' lang='lat' dir='ltr'>cujus</span> <span class='ocrx_word' id='word_1_305' title='bbox 1168 2033 1227 2114; x_wconf 89' lang='lat' dir='ltr'>ipse</span> 
     </span>
     <span class='ocr_line' id='line_1_58' title="bbox 693 2103 1225 2158; baseline -0.012 0"><span class='ocrx_word' id='word_1_306' title='bbox 693 2118 739 2158; x_wconf 88' lang='lat' dir='ltr'>est</span> <span class='ocrx_word' id='word_1_307' title='bbox 740 2105 839 2158; x_wconf 90' lang='lat' dir='ltr'>Filius</span> <span class='ocrx_word' id='word_1_308' title='bbox 846 2105 983 2157; x_wconf 88' lang='lat' dir='ltr'>naturalis</span> <span class='ocrx_word' id='word_1_309' title='bbox 1002 2105 1078 2156; x_wconf 89' lang='lat' dir='ltr'>Unde</span> <span class='ocrx_word' id='word_1_310' title='bbox 1095 2103 1190 2154; x_wconf 85' lang='lat' dir='ltr'>Sever&#39;</span> <span class='ocrx_word' id='word_1_311' title='bbox 1181 2118 1225 2154; x_wconf 85' lang='lat' dir='ltr'>ta-</span> 
     </span>
    </p>

    <p class='ocr_par' dir='ltr' id='par_1_14' title="bbox 693 2176 1226 2314">
     <span class='ocr_line' id='line_1_59' title="bbox 693 2176 1225 2242; baseline -0.011 -13"><span class='ocrx_word' id='word_1_312' title='bbox 693 2194 765 2230; x_wconf 82' lang='lat' dir='ltr'>nus:</span> <span class='ocrx_word' id='word_1_313' title='bbox 783 2198 796 2226; x_wconf 82' lang='grc' dir='ltr'>ιι</span> <span class='ocrx_word' id='word_1_314' title='bbox 809 2179 893 2229; x_wconf 90' lang='lat' dir='ltr'>Vocat</span> <span class='ocrx_word' id='word_1_315' title='bbox 911 2176 1015 2240; x_wconf 88' lang='lat' dir='ltr'>fratres,</span> <span class='ocrx_word' id='word_1_316' title='bbox 1037 2192 1106 2242; x_wconf 91' lang='lat' dir='ltr'>quos</span> <span class='ocrx_word' id='word_1_317' title='bbox 1127 2190 1225 2240; x_wconf 91' lang='lat' dir='ltr'>corpo-</span> 
     </span>
     <span class='ocr_line' id='line_1_60' title="bbox 693 2249 1226 2314; baseline -0.013 -12"><span class='ocrx_word' id='word_1_318' title='bbox 693 2252 732 2302; x_wconf 83' lang='lat' dir='ltr'>ris</span> <span class='ocrx_word' id='word_1_319' title='bbox 745 2251 791 2301; x_wconf 89' lang='lat' dir='ltr'>sui</span> <span class='ocrx_word' id='word_1_320' title='bbox 811 2249 875 2300; x_wconf 85' lang='lat' dir='ltr'>fecit</span> <span class='ocrx_word' id='word_1_321' title='bbox 894 2264 952 2299; x_wconf 89' lang='lat' dir='ltr'>esse</span> <span class='ocrx_word' id='word_1_322' title='bbox 967 2262 1124 2314; x_wconf 81' lang='lat' dir='ltr'>germanos3</span> <span class='ocrx_word' id='word_1_323' title='bbox 1150 2255 1226 2296; x_wconf 90' lang='lat' dir='ltr'>vocat</span> 
     </span>
    </p>
   </div>
   <div class='ocr_carea' id='block_1_6' title="bbox 687 2317 1227 2461">
    <p class='ocr_par' dir='ltr' id='par_1_15' title="bbox 687 2317 1227 2460">
     <span class='ocr_line' id='line_1_61' title="bbox 687 2317 1227 2389; baseline -0.015 -15"><span class='ocrx_word' id='word_1_324' title='bbox 687 2325 797 2389; x_wconf 76' lang='lat' dir='ltr'>tratres,</span> <span class='ocrx_word' id='word_1_325' title='bbox 814 2337 883 2388; x_wconf 93' lang='lat' dir='ltr'>quos</span> <span class='ocrx_word' id='word_1_326' title='bbox 895 2320 968 2371; x_wconf 85' lang='lat' dir='ltr'>Patri</span> <span class='ocrx_word' id='word_1_327' title='bbox 978 2336 1032 2370; x_wconf 81' lang='lat' dir='ltr'>suo</span> <span class='ocrx_word' id='word_1_328' title='bbox 1047 2318 1189 2385; x_wconf 86' lang='lat' dir='ltr'>adoptavit¹</span> <span class='ocrx_word' id='word_1_329' title='bbox 1198 2317 1227 2366; x_wconf 89' lang='lat' dir='ltr'>in</span> 
     </span>
     <span class='ocr_line' id='line_1_62' title="bbox 688 2391 1222 2461; baseline -0.009 -17"><span class='ocrx_word' id='word_1_330' title='bbox 688 2396 779 2461; x_wconf 80' lang='lat' dir='ltr'>.filios;</span> <span class='ocrx_word' id='word_1_331' title='bbox 795 2393 986 2452; x_wconf 74' lang='lat' dir='ltr'>vocatiratres,</span> <span class='ocrx_word' id='word_1_332' title='bbox 1002 2408 1071 2460; x_wconf 88' lang='lat' dir='ltr'>quos</span> <span class='ocrx_word' id='word_1_333' title='bbox 1089 2391 1222 2456; x_wconf 83' lang='lat' dir='ltr'>benignus</span> 
     </span>
    </p>
   </div>
   <div class='ocr_carea' id='block_1_7' title="bbox 659 2435 1227 2531">
    <p class='ocr_par' dir='ltr' id='par_1_16' title="bbox 659 2435 1227 2531">
     <span class='ocr_line' id='line_1_63' title="bbox 659 2435 1227 2531; baseline -0.014 -13.54"><span class='ocrx_word' id='word_1_334' title='bbox 659 2435 779 2517; x_wconf 81' lang='lat' dir='ltr'>lesus</span> <span class='ocrx_word' id='word_1_335' title='bbox 793 2465 846 2516; x_wconf 90' lang='lat' dir='ltr'>sibi</span> <span class='ocrx_word' id='word_1_336' title='bbox 856 2463 988 2531; x_wconf 85' lang='lat' dir='ltr'>prae-stitit</span> <span class='ocrx_word' id='word_1_337' title='bbox 1001 2463 1160 2524; x_wconf 89' lang='lat' dir='ltr'>coheredes;</span> <span class='ocrx_word' id='word_1_338' title='bbox 1176 2476 1227 2511; x_wconf 85' lang='lat' dir='ltr'>vo-</span> 
     </span>
    </p>
   </div>
   <div class='ocr_carea' id='block_1_8' title="bbox 100 2520 1234 3886">
    <p class='ocr_par' dir='ltr' id='par_1_17' title="bbox 100 2520 1234 3886">
     <span class='ocr_line' id='line_1_64' title="bbox 108 2520 1227 2616; baseline -0.003 -33"><span class='ocrx_word' id='word_1_339' title='bbox 108 2532 182 2584; x_wconf 87' lang='lat' dir='ltr'>tihus</span> <span class='ocrx_word' id='word_1_340' title='bbox 204 2535 388 2600; x_wconf 86' lang='lat' dir='ltr'>suspiriisque</span> <span class='ocrx_word' id='word_1_341' title='bbox 404 2547 560 2616; x_wconf 86' lang='lat' dir='ltr'>rumpetur,</span> <span class='ocrx_word' id='word_1_342' title='bbox 589 2520 662 2586; x_wconf 79' lang='lat' dir='ltr'>nis&#39;ii</span> <span class='ocrx_word' id='word_1_343' title='bbox 691 2547 736 2588; x_wconf 85' lang='lat' dir='ltr'>cat</span> <span class='ocrx_word' id='word_1_344' title='bbox 764 2535 878 2595; x_wconf 88' lang='lat' dir='ltr'>fratres,</span> <span class='ocrx_word' id='word_1_345' title='bbox 895 2546 1013 2600; x_wconf 78' lang='lat' dir='ltr'>propter</span> <span class='ocrx_word' id='word_1_346' title='bbox 1037 2532 1227 2615; x_wconf 79' lang='lat' dir='ltr'>specialitatem</span> 
     </span>
     <span class='ocr_line' id='line_1_65' title="bbox 106 2605 1227 2675; baseline -0.004 -20"><span class='ocrx_word' id='word_1_347' title='bbox 106 2615 227 2670; x_wconf 79' lang='lat' dir='ltr'>tangam</span> <span class='ocrx_word' id='word_1_348' title='bbox 264 2607 297 2655; x_wconf 83' lang='lat' dir='ltr'>Et</span> <span class='ocrx_word' id='word_1_349' title='bbox 323 2607 368 2656; x_wconf 89' lang='lat' dir='ltr'>ille</span> <span class='ocrx_word' id='word_1_350' title='bbox 391 2606 505 2672; x_wconf 88' lang='lat' dir='ltr'>inquit:</span> <span class='ocrx_word' id='word_1_351' title='bbox 522 2605 583 2656; x_wconf 90' lang='lat' dir='ltr'>Noli</span> <span class='ocrx_word' id='word_1_352' title='bbox 605 2605 661 2656; x_wconf 89' lang='lat' dir='ltr'>ti·</span> <span class='ocrx_word' id='word_1_353' title='bbox 694 2608 820 2661; x_wconf 78' lang='lat' dir='ltr'>amicitiae</span> <span class='ocrx_word' id='word_1_354' title='bbox 837 2623 936 2675; x_wconf 87' lang='lat' dir='ltr'>quam</span> <span class='ocrx_word' id='word_1_355' title='bbox 937 2605 1039 2656; x_wconf 86' lang='lat' dir='ltr'>habuit</span> <span class='ocrx_word' id='word_1_356' title='bbox 1062 2605 1119 2654; x_wconf 90' lang='lat' dir='ltr'>ad</span> <span class='ocrx_word' id='word_1_357' title='bbox 1114 2619 1197 2669; x_wconf 80' lang='lat' dir='ltr'>ipsos</span> <span class='ocrx_word' id='word_1_358' title='bbox 1213 2622 1227 2650; x_wconf 89' lang='lat'>»</span> 
     </span>
     <span class='ocr_line' id='line_1_66' title="bbox 108 2670 1225 2743; baseline -0.004 -16"><span class='ocrx_word' id='word_1_359' title='bbox 108 2693 190 2738; x_wconf 88' lang='lat' dir='ltr'>mere,</span> <span class='ocrx_word' id='word_1_360' title='bbox 203 2693 256 2727; x_wconf 89' lang='lat' dir='ltr'>non</span> <span class='ocrx_word' id='word_1_361' title='bbox 268 2678 388 2728; x_wconf 84' lang='lat' dir='ltr'>aufertur</span> <span class='ocrx_word' id='word_1_362' title='bbox 401 2679 449 2729; x_wconf 92' lang='lat' dir='ltr'>tibi</span> <span class='ocrx_word' id='word_1_363' title='bbox 464 2680 515 2730; x_wconf 92' lang='lat' dir='ltr'>hoc</span> <span class='ocrx_word' id='word_1_364' title='bbox 529 2675 661 2743; x_wconf 89' lang='lat' dir='ltr'>bonum,</span> <span class='ocrx_word' id='word_1_365' title='bbox 694 2680 773 2731; x_wconf 84' lang='lat' dir='ltr'>Unde</span> <span class='ocrx_word' id='word_1_366' title='bbox 787 2689 813 2731; x_wconf 89' lang='lat' dir='ltr'>et</span> <span class='ocrx_word' id='word_1_367' title='bbox 826 2678 1015 2729; x_wconf 64' lang='lat' dir='ltr'>Ancbrosiusr</span> <span class='ocrx_word' id='word_1_368' title='bbox 1031 2697 1044 2724; x_wconf 90' lang='grc' dir='ltr'>ιι</span> <span class='ocrx_word' id='word_1_369' title='bbox 1058 2670 1225 2726; x_wconf 76' lang='lat' dir='ltr'>Descendisti</span> 
     </span>
     <span class='ocr_line' id='line_1_67' title="bbox 102 2718 1226 2822; baseline -0.004 -22"><span class='ocrx_word' id='word_1_370' title='bbox 102 2749 155 2800; x_wconf 82' lang='lat' dir='ltr'>sed</span> <span class='ocrx_word' id='word_1_371' title='bbox 182 2750 336 2800; x_wconf 86' lang='lat' dir='ltr'>differtur.</span> <span class='ocrx_word' id='word_1_372' title='bbox 347 2770 377 2797; x_wconf 62' lang='grc' dir='ltr'>ι)</span> <span class='ocrx_word' id='word_1_373' title='bbox 402 2751 460 2801; x_wconf 82' lang='lat' dir='ltr'>haec</span> <span class='ocrx_word' id='word_1_374' title='bbox 490 2718 661 2803; x_wconf 61' lang='lat' dir='ltr'>anselmusfl</span> <span class='ocrx_word' id='word_1_375' title='bbox 695 2753 806 2822; x_wconf 88' lang='lat' dir='ltr'>quidem</span> <span class='ocrx_word' id='word_1_376' title='bbox 825 2752 912 2802; x_wconf 86' lang='lat' dir='ltr'>Filius</span> <span class='ocrx_word' id='word_1_377' title='bbox 934 2750 1066 2809; x_wconf 88' lang='lat' dir='ltr'>hominis,</span> <span class='ocrx_word' id='word_1_378' title='bbox 1090 2765 1137 2799; x_wconf 88' lang='lat' dir='ltr'>nec</span> <span class='ocrx_word' id='word_1_379' title='bbox 1153 2744 1226 2798; x_wconf 77' lang='lat' dir='ltr'>Patri</span> 
     </span>
     <span class='ocr_line' id='line_1_68' title="bbox 102 2804 1227 2890; baseline -0.005 -17.968"><span class='ocrx_word' id='word_1_380' title='bbox 102 2822 153 2872; x_wconf 90' lang='lat' dir='ltr'>Sic</span> <span class='ocrx_word' id='word_1_381' title='bbox 167 2837 231 2888; x_wconf 86' lang='lat' dir='ltr'>ergo</span> <span class='ocrx_word' id='word_1_382' title='bbox 244 2824 330 2873; x_wconf 84' lang='lat' dir='ltr'>Maria</span> <span class='ocrx_word' id='word_1_383' title='bbox 343 2824 435 2874; x_wconf 90' lang='lat' dir='ltr'>dubiis</span> <span class='ocrx_word' id='word_1_384' title='bbox 458 2825 546 2890; x_wconf 90' lang='lat' dir='ltr'>plena,</span> <span class='ocrx_word' id='word_1_385' title='bbox 568 2804 661 2875; x_wconf 77' lang='lat' dir='ltr'>luctui</span> <span class='ocrx_word' id='word_1_386' title='bbox 689 2843 758 2878; x_wconf 87' lang='lat' dir='ltr'>cum</span> <span class='ocrx_word' id='word_1_387' title='bbox 769 2826 946 2876; x_wconf 86' lang='lat' dir='ltr'>descenderes</span> <span class='ocrx_word' id='word_1_388' title='bbox 962 2821 1091 2884; x_wconf 84' lang='lat' dir='ltr'>abfuisti,</span> <span class='ocrx_word' id='word_1_389' title='bbox 1110 2821 1156 2870; x_wconf 91' lang='lat' dir='ltr'>sed</span> <span class='ocrx_word' id='word_1_390' title='bbox 1177 2819 1227 2868; x_wconf 91' lang='lat' dir='ltr'>de-</span> 
     </span>
     <span class='ocr_line' id='line_1_69' title="bbox 104 2850 1227 2960; baseline -0.001 -20"><span class='ocrx_word' id='word_1_391' title='bbox 104 2892 252 2958; x_wconf 80' lang='lat' dir='ltr'>inquieta,</span> <span class='ocrx_word' id='word_1_392' title='bbox 281 2895 477 2959; x_wconf 80' lang='lat' dir='ltr'>praeparatione</span> <span class='ocrx_word' id='word_1_393' title='bbox 505 2894 641 2960; x_wconf 85' lang='lat' dir='ltr'>indiguit,</span> <span class='ocrx_word' id='word_1_394' title='bbox 657 2850 661 2941; x_wconf 82' lang='lat' dir='ltr'>i</span> <span class='ocrx_word' id='word_1_395' title='bbox 691 2899 824 2952; x_wconf 88' lang='lat' dir='ltr'>scendisti</span> <span class='ocrx_word' id='word_1_396' title='bbox 853 2898 948 2957; x_wconf 91' lang='lat' dir='ltr'>nobis,</span> <span class='ocrx_word' id='word_1_397' title='bbox 980 2907 1011 2946; x_wconf 90' lang='lat' dir='ltr'>ut</span> <span class='ocrx_word' id='word_1_398' title='bbox 1038 2907 1064 2944; x_wconf 88' lang='lat' dir='ltr'>te</span> <span class='ocrx_word' id='word_1_399' title='bbox 1087 2894 1172 2944; x_wconf 89' lang='lat' dir='ltr'>oculis</span> <span class='ocrx_word' id='word_1_400' title='bbox 1192 2906 1227 2942; x_wconf 85' lang='lat' dir='ltr'>ac</span> 
     </span>
     <span class='ocr_line' id='line_1_70' title="bbox 102 2963 1228 3030; baseline -0.007 -8.95"><span class='ocrx_word' id='word_1_401' title='bbox 102 2972 254 3028; x_wconf 63' lang='lat' dir='ltr'>antequam</span> <span class='ocrx_word' id='word_1_402' title='bbox 283 2963 315 3012; x_wconf 74' lang='lat' dir='ltr'>ad</span> <span class='ocrx_word' id='word_1_403' title='bbox 348 2965 515 3030; x_wconf 81' lang='lat' dir='ltr'>tangendum</span> <span class='ocrx_word' id='word_1_404' title='bbox 541 2974 660 3014; x_wconf 88' lang='lat' dir='ltr'>tantam</span> <span class='ocrx_word' id='word_1_405' title='bbox 696 2971 832 3023; x_wconf 80' lang='lat' dir='ltr'>mentibus</span> <span class='ocrx_word' id='word_1_406' title='bbox 847 2971 1009 3028; x_wconf 87' lang='lat' dir='ltr'>videremus,</span> <span class='ocrx_word' id='word_1_407' title='bbox 1031 2978 1061 3017; x_wconf 92' lang='lat' dir='ltr'>ut</span> <span class='ocrx_word' id='word_1_408' title='bbox 1081 2967 1110 3015; x_wconf 89' lang='lat' dir='ltr'>in</span> <span class='ocrx_word' id='word_1_409' title='bbox 1130 2976 1228 3015; x_wconf 88' lang='lat' dir='ltr'>tecre·</span> 
     </span>
     <span class='ocr_line' id='line_1_71' title="bbox 109 3032 1227 3103; baseline 0.003 -21"><span class='ocrx_word' id='word_1_410' title='bbox 109 3034 278 3083; x_wconf 83' lang='lat' dir='ltr'>sanctitatem</span> <span class='ocrx_word' id='word_1_411' title='bbox 292 3036 437 3085; x_wconf 85' lang='lat' dir='ltr'>accederet.</span> <span class='ocrx_word' id='word_1_412' title='bbox 450 3035 479 3085; x_wconf 73' lang='grc' dir='ltr'>δι</span> <span class='ocrx_word' id='word_1_413' title='bbox 491 3046 582 3085; x_wconf 88' lang='lat' dir='ltr'>autem</span> <span class='ocrx_word' id='word_1_414' title='bbox 593 3035 660 3092; x_wconf 80' lang='lat' dir='ltr'>illa,</span> <span class='ocrx_word' id='word_1_415' title='bbox 695 3043 837 3103; x_wconf 75' lang='lat' dir='ltr'>deremus3</span> <span class='ocrx_word' id='word_1_416' title='bbox 864 3055 928 3103; x_wconf 83' lang='lat' dir='ltr'>ergo</span> <span class='ocrx_word' id='word_1_417' title='bbox 947 3049 975 3088; x_wconf 85' lang='lat' dir='ltr'>et</span> <span class='ocrx_word' id='word_1_418' title='bbox 994 3035 1114 3086; x_wconf 87' lang='lat' dir='ltr'>ascende</span> <span class='ocrx_word' id='word_1_419' title='bbox 1137 3032 1227 3092; x_wconf 89' lang='lat' dir='ltr'>nobis,</span> 
     </span>
     <span class='ocr_line' id='line_1_72' title="bbox 108 3098 1228 3186; baseline 0.003 -34"><span class='ocrx_word' id='word_1_420' title='bbox 108 3118 171 3169; x_wconf 85' lang='lat' dir='ltr'>quae</span> <span class='ocrx_word' id='word_1_421' title='bbox 188 3104 338 3154; x_wconf 87' lang='lat' dir='ltr'>Dominum</span> <span class='ocrx_word' id='word_1_422' title='bbox 350 3116 537 3171; x_wconf 68' lang='lat' dir='ltr'>resurgentem</span> <span class='ocrx_word' id='word_1_423' title='bbox 553 3098 660 3186; x_wconf 81' lang='lat' dir='ltr'>primai</span> <span class='ocrx_word' id='word_1_424' title='bbox 687 3123 725 3164; x_wconf 70' lang='lat' dir='ltr'>ut</span> <span class='ocrx_word' id='word_1_425' title='bbox 745 3122 776 3162; x_wconf 73' lang='lat' dir='ltr'>te</span> <span class='ocrx_word' id='word_1_426' title='bbox 795 3125 946 3176; x_wconf 71' lang='lat' dir='ltr'>sequamur</span> <span class='ocrx_word' id='word_1_427' title='bbox 969 3108 1116 3168; x_wconf 83' lang='lat' dir='ltr'>mentibus,</span> <span class='ocrx_word' id='word_1_428' title='bbox 1145 3120 1228 3170; x_wconf 91' lang='lat' dir='ltr'>quem</span> 
     </span>
     <span class='ocr_line' id='line_1_73' title="bbox 103 3161 1229 3246; baseline -0.008 -11.952"><span class='ocrx_word' id='word_1_429' title='bbox 103 3184 171 3239; x_wconf 70' lang='grc' dir='ltr'>,Ρῦὸῒ</span> <span class='ocrx_word' id='word_1_430' title='bbox 188 3161 308 3225; x_wconf 90' lang='lat' dir='ltr'>Matrem</span> <span class='ocrx_word' id='word_1_431' title='bbox 333 3177 392 3242; x_wconf 65' lang='lat' dir='ltr'>eius</span> <span class='ocrx_word' id='word_1_432' title='bbox 411 3177 504 3226; x_wconf 64' lang='lat' dir='ltr'>Vldflse</span> <span class='ocrx_word' id='word_1_433' title='bbox 531 3176 660 3237; x_wconf 61' lang='lat' dir='ltr'>meruli,</span> <span class='ocrx_word' id='word_1_434' title='bbox 690 3186 782 3236; x_wconf 84' lang='lat' dir='ltr'>oculis</span> <span class='ocrx_word' id='word_1_435' title='bbox 807 3184 897 3234; x_wconf 82' lang='lat' dir='ltr'>videre</span> <span class='ocrx_word' id='word_1_436' title='bbox 922 3197 978 3232; x_wconf 87' lang='lat' dir='ltr'>non</span> <span class='ocrx_word' id='word_1_437' title='bbox 1000 3194 1185 3246; x_wconf 89' lang='lat' dir='ltr'>.:possumus</span> <span class='ocrx_word' id='word_1_438' title='bbox 1208 3196 1229 3225; x_wconf 76' lang='grc' dir='ltr'>ι)</span> 
     </span>
     <span class='ocr_line' id='line_1_74' title="bbox 107 3238 1230 3316; baseline 0.004 -21"><span class='ocrx_word' id='word_1_439' title='bbox 107 3261 168 3311; x_wconf 84' lang='lat' dir='ltr'>quae</span> <span class='ocrx_word' id='word_1_440' title='bbox 190 3257 295 3298; x_wconf 87' lang='lat' dir='ltr'>tantum</span> <span class='ocrx_word' id='word_1_441' title='bbox 312 3250 380 3299; x_wconf 81' lang='lat' dir='ltr'>dilec</span> <span class='ocrx_word' id='word_1_442' title='bbox 382 3260 416 3300; x_wconf 87' lang='lat' dir='ltr'>ta</span> <span class='ocrx_word' id='word_1_443' title='bbox 423 3259 464 3299; x_wconf 88' lang='lat' dir='ltr'>est</span> <span class='ocrx_word' id='word_1_444' title='bbox 475 3238 661 3309; x_wconf 83' lang='lat' dir='ltr'>aDomiuo‚</span> <span class='ocrx_word' id='word_1_445' title='bbox 686 3257 753 3306; x_wconf 85' lang='lat' dir='ltr'>haec</span> <span class='ocrx_word' id='word_1_446' title='bbox 767 3252 935 3306; x_wconf 74' lang='lat' dir='ltr'>Ambrosius</span> <span class='ocrx_word' id='word_1_447' title='bbox 947 3253 1031 3301; x_wconf 68' lang='lat' dir='ltr'>Stant</span> <span class='ocrx_word' id='word_1_448' title='bbox 1051 3265 1116 3316; x_wconf 86' lang='lat' dir='ltr'>ergo</span> <span class='ocrx_word' id='word_1_449' title='bbox 1137 3247 1230 3299; x_wconf 84' lang='lat' dir='ltr'>dilec&#39;ti</span> 
     </span>
     <span class='ocr_line' id='line_1_75' title="bbox 109 3321 1230 3402; baseline 0.004 -36"><span class='ocrx_word' id='word_1_450' title='bbox 109 3328 134 3367; x_wconf 89' lang='lat' dir='ltr'>et</span> <span class='ocrx_word' id='word_1_451' title='bbox 153 3326 235 3368; x_wconf 89' lang='lat' dir='ltr'>tanta</span> <span class='ocrx_word' id='word_1_452' title='bbox 254 3321 312 3385; x_wconf 75' lang='lat' dir='ltr'>eius</span> <span class='ocrx_word' id='word_1_453' title='bbox 336 3321 487 3387; x_wconf 86' lang='lat' dir='ltr'>mancipata</span> <span class='ocrx_word' id='word_1_454' title='bbox 512 3321 660 3388; x_wconf 80' lang='lat' dir='ltr'>obsequio</span> <span class='ocrx_word' id='word_1_455' title='bbox 695 3341 757 3376; x_wconf 85' lang='lat' dir='ltr'>cum</span> <span class='ocrx_word' id='word_1_456' title='bbox 777 3321 955 3402; x_wconf 82' lang='lat' dir='ltr'>jucunditate</span> <span class='ocrx_word' id='word_1_457' title='bbox 962 3332 987 3372; x_wconf 90' lang='lat' dir='ltr'>et</span> <span class='ocrx_word' id='word_1_458' title='bbox 1010 3321 1108 3386; x_wconf 88' lang='lat' dir='ltr'>gaudio</span> <span class='ocrx_word' id='word_1_459' title='bbox 1132 3336 1230 3387; x_wconf 87' lang='lat' dir='ltr'>magno</span> 
     </span>
     <span class='ocr_line' id='line_1_76' title="bbox 107 3362 1229 3481; baseline 0.002 -43"><span class='ocrx_word' id='word_1_460' title='bbox 107 3390 141 3439; x_wconf 91' lang='lat' dir='ltr'>ab</span> <span class='ocrx_word' id='word_1_461' title='bbox 162 3391 367 3457; x_wconf 75' lang='lat' dir='ltr'>omnipeecato</span> <span class='ocrx_word' id='word_1_462' title='bbox 381 3391 420 3444; x_wconf 79' lang='lat' dir='ltr'>&#39;ab</span> <span class='ocrx_word' id='word_1_463' title='bbox 439 3409 469 3444; x_wconf 93' lang='lat' dir='ltr'>eo</span> <span class='ocrx_word' id='word_1_464' title='bbox 491 3394 643 3457; x_wconf 57' lang='lat' dir='ltr'>liberatae</span> <span class='ocrx_word' id='word_1_465' title='bbox 658 3362 661 3425; x_wconf 67' lang='lat' dir='ltr'>i</span> <span class='ocrx_word' id='word_1_466' title='bbox 658 3397 836 3481; x_wconf 84' lang='lat' dir='ltr'>loquentes</span> <span class='ocrx_word' id='word_1_467' title='bbox 855 3392 909 3442; x_wconf 88' lang='lat' dir='ltr'>ad</span> <span class='ocrx_word' id='word_1_468' title='bbox 903 3392 1027 3450; x_wconf 79' lang='lat' dir='ltr'>invicem,</span> <span class='ocrx_word' id='word_1_469' title='bbox 1042 3390 1111 3440; x_wconf 77' lang='lat' dir='ltr'>sicut</span> <span class='ocrx_word' id='word_1_470' title='bbox 1125 3405 1229 3441; x_wconf 78' lang='lat' dir='ltr'>amicus</span> 
     </span>
     <span class='ocr_line' id='line_1_77' title="bbox 100 3442 1230 3530; baseline 0 -20"><span class='ocrx_word' id='word_1_471' title='bbox 100 3470 181 3511; x_wconf 74' lang='lat' dir='ltr'>tactu</span> <span class='ocrx_word' id='word_1_472' title='bbox 199 3464 305 3527; x_wconf 57' lang='lat' dir='ltr'>,pedum</span> <span class='ocrx_word' id='word_1_473' title='bbox 334 3464 391 3528; x_wconf 77' lang='lat' dir='ltr'>ejus</span> <span class='ocrx_word' id='word_1_474' title='bbox 420 3475 460 3515; x_wconf 90' lang='lat' dir='ltr'>est</span> <span class='ocrx_word' id='word_1_475' title='bbox 486 3442 661 3530; x_wconf 78' lang='lat' dir='ltr'>prohibita3¹</span> <span class='ocrx_word' id='word_1_476' title='bbox 696 3464 865 3516; x_wconf 81' lang='lat' dir='ltr'>cumanrico.</span> <span class='ocrx_word' id='word_1_477' title='bbox 879 3461 965 3513; x_wconf 89' lang='lat' dir='ltr'>Ecce</span> <span class='ocrx_word' id='word_1_478' title='bbox 959 3462 1044 3527; x_wconf 81' lang='lat' dir='ltr'>igitur</span> <span class='ocrx_word' id='word_1_479' title='bbox 1059 3471 1084 3510; x_wconf 91' lang='lat' dir='ltr'>et</span> <span class='ocrx_word' id='word_1_480' title='bbox 1096 3460 1175 3511; x_wconf 83' lang='lat' dir='ltr'>hic</span> <span class='ocrx_word' id='word_1_481' title='bbox 1150 3476 1230 3511; x_wconf 86' lang='lat' dir='ltr'>srmr</span> 
     </span>
     <span class='ocr_line' id='line_1_78' title="bbox 102 3491 1230 3616; baseline 0 -36"><span class='ocrx_word' id='word_1_482' title='bbox 102 3541 211 3597; x_wconf 75' lang='lat' dir='ltr'>quanto</span> <span class='ocrx_word' id='word_1_483' title='bbox 242 3535 328 3599; x_wconf 83' lang='lat' dir='ltr'>magis</span> <span class='ocrx_word' id='word_1_484' title='bbox 354 3535 474 3600; x_wconf 87' lang='lat' dir='ltr'>pollutus</span> <span class='ocrx_word' id='word_1_485' title='bbox 501 3534 578 3584; x_wconf 67' lang='lat' dir='ltr'>uitiis</span> <span class='ocrx_word' id='word_1_486' title='bbox 601 3491 662 3591; x_wconf 75' lang='lat' dir='ltr'>nei</span> <span class='ocrx_word' id='word_1_487' title='bbox 696 3537 757 3587; x_wconf 90' lang='lat' dir='ltr'>liter</span> <span class='ocrx_word' id='word_1_488' title='bbox 777 3549 907 3600; x_wconf 77' lang='lat' dir='ltr'>magnum</span> <span class='ocrx_word' id='word_1_489' title='bbox 936 3533 1042 3582; x_wconf 84' lang='lat' dir='ltr'>Pascha.</span> <span class='ocrx_word' id='word_1_490' title='bbox 1069 3531 1115 3581; x_wconf 89' lang='lat' dir='ltr'>Sic</span> <span class='ocrx_word' id='word_1_491' title='bbox 1140 3532 1230 3616; x_wconf 80' lang='lat' dir='ltr'>itaque</span> 
     </span>
     <span class='ocr_line' id='line_1_79' title="bbox 105 3601 1227 3672; baseline -0.001 -19"><span class='ocrx_word' id='word_1_492' title='bbox 105 3618 172 3653; x_wconf 82' lang='lat' dir='ltr'>eum</span> <span class='ocrx_word' id='word_1_493' title='bbox 187 3613 275 3654; x_wconf 90' lang='lat' dir='ltr'>totum</span> <span class='ocrx_word' id='word_1_494' title='bbox 290 3616 388 3672; x_wconf 86' lang='lat' dir='ltr'>tangat,</span> <span class='ocrx_word' id='word_1_495' title='bbox 403 3605 581 3666; x_wconf 81' lang='lat' dir='ltr'>conficiendo,</span> <span class='ocrx_word' id='word_1_496' title='bbox 598 3601 662 3657; x_wconf 79' lang='lat' dir='ltr'>vel·</span> <span class='ocrx_word' id='word_1_497' title='bbox 696 3607 830 3657; x_wconf 91' lang='lat' dir='ltr'>Dominus</span> <span class='ocrx_word' id='word_1_498' title='bbox 844 3622 859 3656; x_wconf 89' lang='lat' dir='ltr'>a</span> <span class='ocrx_word' id='word_1_499' title='bbox 873 3606 957 3654; x_wconf 86' lang='lat' dir='ltr'>lllatre</span> <span class='ocrx_word' id='word_1_500' title='bbox 974 3605 1079 3654; x_wconf 88' lang='lat' dir='ltr'>rediens</span> <span class='ocrx_word' id='word_1_501' title='bbox 1097 3618 1185 3668; x_wconf 83' lang='lat' dir='ltr'>appar</span> <span class='ocrx_word' id='word_1_502' title='bbox 1187 3602 1227 3653; x_wconf 84' lang='lat' dir='ltr'>u&#39;it</span> 
     </span>
     <span class='ocr_line' id='line_1_80' title="bbox 100 3674 1234 3756; baseline -0.002 -34"><span class='ocrx_word' id='word_1_503' title='bbox 100 3676 265 3735; x_wconf 73' lang='lat' dir='ltr'>sumendo?</span> <span class='ocrx_word' id='word_1_504' title='bbox 688 3679 783 3745; x_wconf 82' lang='lat' dir='ltr'>primo</span> <span class='ocrx_word' id='word_1_505' title='bbox 810 3675 917 3727; x_wconf 61' lang='grc' dir='ltr'><em>Μανία)</em></span> <span class='ocrx_word' id='word_1_506' title='bbox 944 3674 1124 3741; x_wconf 72' lang='lat' dir='ltr'>Magdulenae</span> <span class='ocrx_word' id='word_1_507' title='bbox 1147 3688 1234 3756; x_wconf 77' lang='lat' dir='ltr'>quem,</span> 
     </span>
     <span class='ocr_line' id='line_1_81' title="bbox 132 3744 1227 3816; baseline -0.003 -19"><span class='ocrx_word' id='word_1_508' title='bbox 132 3747 158 3797; x_wconf 89' lang='lat'>.8</span> <span class='ocrx_word' id='word_1_509' title='bbox 176 3748 237 3798; x_wconf 73' lang='lat' dir='ltr'>Cur</span> <span class='ocrx_word' id='word_1_510' title='bbox 258 3751 431 3800; x_wconf 70' lang='grc' dir='ltr'>Μιιιυιιιιιιιε</span> <span class='ocrx_word' id='word_1_511' title='bbox 451 3765 537 3799; x_wconf 71' lang='lat' dir='ltr'>ramo</span> <span class='ocrx_word' id='word_1_512' title='bbox 558 3765 643 3801; x_wconf 70' lang='lat' dir='ltr'>nara·</span> <span class='ocrx_word' id='word_1_513' title='bbox 697 3748 922 3816; x_wconf 70' lang='lat' dir='ltr'>ipsisApostolis,</span> <span class='ocrx_word' id='word_1_514' title='bbox 939 3749 985 3797; x_wconf 91' lang='lat' dir='ltr'>vel</span> <span class='ocrx_word' id='word_1_515' title='bbox 1007 3748 1144 3814; x_wconf 90' lang='lat' dir='ltr'>aliquibus</span> <span class='ocrx_word' id='word_1_516' title='bbox 1158 3744 1227 3796; x_wconf 87' lang='lat' dir='ltr'>aliis</span> 
     </span>
     <span class='ocr_line' id='line_1_82' title="bbox 110 3817 1229 3886; baseline -0.002 -18"><span class='ocrx_word' id='word_1_517' title='bbox 110 3834 176 3868; x_wconf 75' lang='lat' dir='ltr'>surr</span> <span class='ocrx_word' id='word_1_518' title='bbox 199 3835 234 3868; x_wconf 75' lang='lat' dir='ltr'>er</span> <span class='ocrx_word' id='word_1_519' title='bbox 256 3836 310 3870; x_wconf 70' lang='lat' dir='ltr'>rau</span> <span class='ocrx_word' id='word_1_520' title='bbox 333 3837 367 3870; x_wconf 73' lang='lat' dir='ltr'>no</span> <span class='ocrx_word' id='word_1_521' title='bbox 392 3823 547 3872; x_wconf 74' lang='lat' dir='ltr'>Arosrotos</span> <span class='ocrx_word' id='word_1_522' title='bbox 570 3837 663 3872; x_wconf 79' lang='lat' dir='ltr'>nrsrr</span> <span class='ocrx_word' id='word_1_523' title='bbox 697 3821 775 3873; x_wconf 85' lang='lat' dir='ltr'>Unde</span> <span class='ocrx_word' id='word_1_524' title='bbox 796 3821 1015 3886; x_wconf 79' lang='lat' dir='ltr'>Hieronymus.-</span> <span class='ocrx_word' id='word_1_525' title='bbox 1036 3838 1051 3867; x_wconf 90' lang='grc' dir='ltr'>ιι</span> <span class='ocrx_word' id='word_1_526' title='bbox 1071 3820 1160 3870; x_wconf 79' lang='lat' dir='ltr'>Mariae</span> <span class='ocrx_word' id='word_1_527' title='bbox 1168 3817 1229 3866; x_wconf 69' lang='lat' dir='ltr'>t-Ma</span> 
     </span>
    </p>
   </div>
   <div class='ocr_carea' id='block_1_9' title="bbox 0 0 1321 4328">
    <p class='ocr_par' dir='ltr' id='par_1_18' title="bbox 0 0 1321 4328">
     <span class='ocr_line' id='line_1_83' title="bbox 0 0 1321 4328; baseline 0 0"><span class='ocrx_word' id='word_1_528' title='bbox 0 0 1321 4328; x_wconf 95' lang='lat' dir='ltr'> </span> 
     </span>
    </p>
   </div>
  </div>
 </body>
</html>
