2626 4328
202 257 249 304 DE
264 243 483 306 ASCEIISIONE
496 252 622 304 DOMINI
639 253 770 304 NOSTRI
787 255 867 305 JESU
884 254 1033 305 CHRISTI.
1133 259 1182 324 743

656 369 787 435 quamdiu
810 369 840 419 in
863 371 965 420 mundo
991 371 1118 434 vivimus,
1139 390 1187 439 pro

656 441 803 490 coelestium
838 442 1011 506 praemiorum
1048 444 1189 509 adeptione

655 525 760 574 semper
785 512 906 562 laborare
926 513 1079 564 debeamus.
1107 515 1187 565 Recte

655 581 733 630 etiam
753 582 987 647 quinquagenario
1008 583 1114 633 dierum
1131 602 1187 635 nu-

654 669 728 703 mero
751 664 849 703 statum
871 654 967 706 futurae
983 668 1081 707 nostrae
1100 658 1187 708 beati-

653 725 755 774 tudinis
779 725 805 774 in
831 725 950 792 imagine
962 743 1129 788 veneramur,
1145 729 1186 792 je-

652 796 726 859 junia
751 797 875 847 videlicet
900 800 1051 860 relaxando,
1074 800 1185 850 alleluia

652 871 783 933 canendo,
799 882 899 921 stantes
918 874 1029 934 orando,
1042 889 1103 939 quae
1121 885 1185 924 sunt

651 939 790 1004 aptissima
821 952 957 1006 perpetuae
989 944 1104 1009 quietis,
1140 961 1184 995 re·

651 1015 824 1064 surrectionis
843 1025 870 1065 et
892 1016 978 1066 laudis
1002 1018 1131 1083 praesagia
1147 1034 1180 1066 :s

651 1083 804 1134 haecBeda.
879 1108 885 1113 ·

68 374 131 422 vitae
154 373 324 422 immortalis.
348 375 398 422 Sed
426 383 452 422 et
480 388 550 438 genu
572 370 601 420 in

68 444 191 492 oratione
220 444 332 492 minime
360 443 517 508 flectimus3¹
537 442 601 508 quia

68 514 150 563 flexio
178 530 306 578 genuum,
322 515 486 578 paenitentiae
510 529 536 562 er
556 514 601 562 lu-

68 596 128 633 ctus
158 595 197 632 est
235 585 374 634 indicium.
404 585 482 643 Quod
519 583 599 633 ctiam

68 655 198 705 omnibus
223 655 318 704 diebus
338 654 487 705 Dominicis
507 655 599 703 obser-

68 728 198 786 vandum,
212 737 319 792 propter
338 728 457 791 ejusdem
469 729 599 776 Resurre—

67 799 166 849 ctionIs
177 799 217 847 vel
229 798 385 855 DominIcae,
397 800 439 847 vel
450 809 547 848 nostrae
561 814 598 848 sa-

67 880 213 926 cramenta,
224 881 311 933 patres
326 869 508 918 instituerunt.
518 870 597 918 Recte

66 956 132 1004 ergo
144 940 354 1004 quadragenario
365 939 470 988 dicrum
484 954 597 988 numero

64 1011 197 1076 jejunium
211 1026 300 1059 annue
314 1011 488 1070 celebramus,
504 1021 533 1061 ut
551 1026 598 1074 per

66 1084 120 1132 hoc
134 1081 299 1146 spiritualius
311 1081 515 1141 admoneamur,
533 1082 598 1147 qula

556 1274 691 1325 ORATIO

98 1421 214 1468 Domine
224 1422 284 1469 Jcsu
300 1419 415 1479 Christe,
430 1435 476 1485 per
486 1419 630 1484 gloriosam
644 1421 877 1472 Resurrectionem
894 1432 978 1483 tuam,
993 1437 1046 1488 qua
1062 1398 1213 1487 discipu-⁶

64 1492 99 1540 Iis
110 1500 136 1540 et
147 1491 272 1540 fidelibus
289 1491 352 1549 tuis,
367 1492 444 1541 vivus
466 1501 491 1540 ct
507 1491 668 1540 immortalis
682 1493 843 1556 apparuisti;
861 1509 908 1558 per
930 1492 1111 1558 gratissimam
1127 1509 1184 1542 mo-

63 1578 123 1612 ram
138 1571 163 1611 et
175 1563 308 1627 colloquia
322 1563 488 1622 dulcissima,
506 1578 568 1627 quae
581 1578 643 1612 cum
658 1563 697 1612 eis
712 1579 758 1629 per
783 1564 958 1630 quadraginta
972 1564 1030 1615 dies
1052 1564 1181 1624 habuisti,

62 1634 90 1682 in
101 1633 196 1696 quibus
207 1633 298 1681 multis
314 1634 483 1698 argumentis
494 1647 631 1698 apparens
645 1634 685 1684 eis
707 1641 732 1684 et
748 1637 857 1700 loquens
869 1637 902 1685 de
913 1649 998 1700 regno
1009 1635 1070 1696 Dei,
1083 1648 1183 1700 eosque

57 1704 228 1763 confortans,
244 1704 400 1754 etcumeis
427 1720 593 1767 convescens,
609 1715 638 1755 ut
661 1706 893 1756 Resurrectionem
908 1721 998 1756 veram
1026 1705 1093 1753 inte
1118 1719 1182 1768 pro-

63 1776 362 1836 barentetcrederent,
385 1777 495 1826 totalem
521 1777 717 1826 dubitationem
742 1777 776 1827 de
803 1777 925 1843 ipsorum
947 1776 1073 1827 cordibus
1088 1775 1183 1824 abstu-

61 1846 120 1896 listi
140 1863 146 1896 :
164 1847 275 1895 obsecro
290 1858 324 1906 tc,
345 1848 406 1896 Jesu
430 1847 499 1896 bone
522 1858 547 1897 et
561 1847 613 1913 pie,
628 1848 662 1897 da
685 1848 753 1897 mihi
777 1849 848 1900 inter
864 1856 944 1899 teste's
960 1846 1152 1916 praeordinatos
1167 1860 1182 1895 a

63 1925 122 1974 Deo
136 1934 231 1973 testem
255 1923 312 1972 lieri
332 1925 545 1974 Resurrectionis
571 1933 634 1987 tuae,
652 1941 706 1975 non
726 1926 819 1992 lingua
841 1937 955 1992 tantum,
976 1938 1001 1978 et
1017 1927 1111 1989 verb03
1133 1923 1179 1974 sed

63 2010 155 2059 opere,
170 2005 195 2044 et
211 1995 442 2045 veritatellmen.

428 2379 594 2448 CAPUT
626 2378 797 2446 LXXXII

180 2599 231 2666 De
256 2600 465 2669 Ascensione
490 2597 635 2667 Domini
660 2598 778 2667 nostri
800 2598 883 2666 Jesn
909 2596 1059 2668 Christi.

224 2821 325 2884 Marci
347 2843 413 2906 cap.
443 2825 491 2901 16,
525 2823 619 2886 Lucae
645 2841 711 2904 cap.
746 2843 788 2904 24
813 2833 843 2882 et
868 2822 1012 2882 Actuum

432 2929 660 3009 Apostolorum
685 2947 751 3008 cap.
788 2949 814 2988 r.

94 3156 102 3186 1
138 3138 265 3188 Uerruun
306 3139 405 3189 Dournr
443 3155 469 3189 ru
499 3154 594 3189 cmnuu
648 3137 780 3198 Quaelibet
796 3135 869 3186 enim
884 3135 976 3186 anima
999 3134 1084 3186 fidelis
1100 3136 1179 3186 debet

58 3223 201 3258 Ascensum
256 3225 409 3262 couvrvruu.
447 3239 480 3248 -
518 3211 594 3261 Circa

57 3278 255 3329 Ascensionem
284 3281 394 3330 Domini
428 3291 454 3332 te
482 3282 592 3347 vigilem

56 3365 117 3399 esse
133 3360 253 3415 oportet;
269 3367 330 3400 nam
356 3352 414 3401 haec
435 3353 593 3403 solemnitas

56 3421 134 3470 valde
149 3421 279 3471 solemnis
296 3433 345 3482 est,
380 3433 410 3472 ut
434 3424 503 3474 infra
517 3435 593 3490 pate·

57 3492 107 3542 bit.
123 3491 159 3542 Et
182 3495 276 3542 saltem
293 3494 345 3544 hoc
360 3495 403 3543 ad·
414 3496 590 3546 attentionem

55 3570 83 3612 te
94 3562 198 3612 animet
210 3564 336 3629 amplius,
356 3564 431 3629 quod
450 3580 521 3614 nunc
534 3566 592 3615 Do-

56 3635 150 3685 minus
165 3638 299 3702 completo
321 3651 376 3686 suae
394 3637 592 3703 peregrinatio-

56 3706 100 3755 nis
122 3721 212 3771 cursu,
228 3719 268 3758 est
294 3709 438 3773 praesentia
459 3699 601 3774 corporali'

56 3768 231 3842 recessurusss
251 3784 323 3831 unde
347 3780 433 3846 ipsius
462 3782 543 3831 verba
565 3790 592 3831 et

53 3850 125 3901 facta
146 3862 211 3901 sunt
233 3851 364 3902 attentius
384 3851 589 3902 consideranda.

138 3968 207 4019 Vtri
229 3969 291 4019 Jssu
310 3970 425 4034 Crrarsrr,
445 3985 530 4022 renus
545 3969 588 4024 IV.

647 3223 777 3274 sponsum
803 3222 893 3271 suum,
918 3206 1066 3257 Dominum
1091 3206 1178 3256 Deum

647 3295 738 3341 suum,
753 3278 781 3327 in
802 3279 859 3342 ejus
887 3277 1008 3328 discessu
1027 3277 1176 3342 diligentis·

646 3351 714 3401 sime
741 3360 767 3400 et
790 3348 997 3414 vigilantissime
1020 3349 1173 3411 observare;
1230 3411 1233 3418 Ι

645 3432 672 3472 et
689 3436 749 3486 quae
769 3436 816 3486 per
832 3434 895 3470 eum
910 3419 1037 3469 dicuntur
1057 3428 1083 3468 et
1097 3417 1176 3478 liunt,

644 3492 807 3545 viscerosius
829 3500 919 3542 mente
939 3489 1077 3555 amplecti3
1094 3504 1124 3540 ac
1138 3489 1180 3539 ei-

646 3566 708 3615 dem
722 3580 751 3615 se
775 3562 899 3613 devotius
925 3571 950 3611 et
979 3560 1113 3612 humilius
1134 3576 1179 3611 re-

645 3637 847 3699 commendare;
872 3646 898 3685 et
920 3635 1038 3686 totaliter
1053 3634 1177 3685 animum

646 3725 726 3759 suum
743 3710 777 3758 ab
790 3707 851 3758 aliis
870 3707 1032 3758 abstrahere.
1053 3707 1178 3766 Quadra-

645 3779 750 3845 gesimo
767 3788 856 3830 autern
880 3778 922 3828 die
945 3776 1179 3828 aResurrectione

643 3851 730 3902 voluit
755 3850 891 3902 Dominus
914 3851 1077 3911 ascendere,
1088 3856 1125 3895 ut
1134 3845 1189 3891 be-

980 3975 1093 4035 ,W
