2626 4328
152 279 198 330 DE
216 277 406 330 CONCURSU
423 277 544 329 DISCIP.
559 278 606 329 Er
623 278 811 331 MULIERUM
824 281 872 333 AD
886 282 1133 337 SEPULCHRUM.
1165 286 1222 354 677

103 410 159 445 non
179 393 322 458 decipiaris
343 394 376 443 ab
397 393 443 444 his
469 393 516 458 qui
542 392 636 444 dicunt

103 484 165 518 eum
180 467 251 516 furto
263 466 400 515 sublatum
414 479 482 515 esse.
496 464 570 524 Quid
584 479 635 514 au-

101 549 157 589 tern
176 549 216 587 est
229 552 351 586 seorsum
372 534 527 585 linteamina
540 535 633 599 jacere,

102 621 130 661 et
152 609 292 660 sudarium
314 622 436 657 seorsum
459 605 633 657 involutum?

103 683 139 732 Ut
154 682 240 731 discas
256 679 386 744 quoniam
406 693 461 728 non
480 687 535 728 erat
555 676 633 727 festi—

102 752 227 802 nantium
244 750 299 800 haec
314 763 365 808 res,
384 748 488 799 scilicet
509 761 632 797 seorsum

101 823 214 888 quidem
235 821 289 879 illa,
306 835 427 869 seorsum
443 834 505 870 vero
524 819 591 881 haec,
607 827 633 867 et

100 893 225 942 involuta
241 906 307 941 esse.
323 891 383 939 Non
397 889 470 939 enim
485 889 522 940 ita
538 889 632 940 insen-

100 973 175 1015 satus
197 973 267 1011 esset
281 960 328 1025 qui
351 958 496 1019 furaretur,
513 968 544 1010 ut
563 958 633 1008 circa

100 1049 159 1084 rem
186 1031 351 1097 superfluam
380 1040 486 1081 tantum
511 1030 631 1081 studium

99 1113 292 1154 consumeret:
307 1102 391 1151 »haec
410 1101 630 1169 chrysostomus.

99 1175 237 1225 Moraliter
265 1183 482 1232 monumentum,
516 1171 545 1222 in
576 1186 631 1236 quo

99 1255 164 1296 sunt
186 1244 340 1295 linteamina
364 1245 438 1306 sola,
464 1251 553 1308 potest
576 1241 630 1291 dici

97 1318 249 1369 claustralis
273 1317 302 1366 in
327 1331 383 1381 quo
404 1325 445 1365 est
462 1315 544 1365 vestis
564 1314 630 1364 reli·

97 1389 173 1454 giosa
189 1387 305 1437 exterius
324 1396 438 1445 tautum,
453 1386 513 1435 sine
535 1385 630 1435 habitu

97 1458 231 1509 interiori.
246 1457 321 1507 Unde
335 1456 432 1521 legitur
445 1455 474 1505 in
490 1455 561 1505 libro
576 1456 630 1505 Re-

97 1544 183 1594 gum:
199 1530 315 1592 Cumque
328 1526 463 1577 venissent
472 1526 569 1588 nuntii,
581 1525 628 1592 qui

96 1602 253 1668 quaerebant
271 1600 365 1664 David,
378 1601 513 1651 inventum
531 1605 572 1650 est
587 1598 629 1649 si-

97 1674 247 1723 mulacrum
279 1688 360 1739 super
388 1673 484 1739 lectum
511 1671 584 1736 ejus„
602 1676 630 1720 et

93 1743 177 1808 pellis
208 1757 351 1807 caprarum
378 1742 416 1791 ad
444 1746 527 1806 caput
560 1741 627 1807 ejus

97 1814 161 1863 Haec
172 1823 213 1863 est
228 1815 319 1863 tunica
335 1813 436 1878 Joseph
448 1812 557 1862 inventa
570 1812 628 1863 sine

96 1884 166 1948 ipso.
183 1885 232 1934 Hic
252 1896 292 1935 est
305 1885 388 1935 vestis
401 1884 491 1945 ovina,
506 1884 559 1934 sub
573 1899 629 1950 qua

95 1956 161 2005 latet
175 1971 253 2005 mens
275 1956 376 2021 lupina
399 1955 459 2016 Hic,
479 1955 628 2006 secundum

98 2027 272 2092 Gregorium,
297 2028 393 2079 divinae
417 2027 630 2094 dispensationis

97 2100 256 2164 magnitudo
272 2102 408 2166 pensanda
424 2112 479 2165 est3
495 2101 569 2168 quod
585 2101 628 2150 di-

95 2171 263 2236 scipulorum
287 2174 375 2234 corda,
398 2183 424 2224 et
446 2173 629 2224 accenduntur

94 2254 126 2294 ut
136 2255 270 2310 quaerant,
285 2256 311 2295 et
324 2246 485 2298 differuntur
502 2261 536 2296 ne
549 2246 628 2296 inve-

96 2318 189 2381 niant,
216 2329 350 2384 quatenus
379 2319 523 2370 infirmitas
544 2318 627 2368 animi

92 2390 156 2454 ipso
178 2405 228 2439 suo
248 2405 361 2440 moerore
381 2389 507 2450 cruciata,
527 2405 628 2455 purgu-

92 2462 149 2511 tior
171 2463 417 2512 adinveniendum
435 2461 492 2522 fiat,
512 2471 539 2512 et
552 2471 627 2512 tanto

94 2532 212 2582 validius
227 2543 326 2597 teneat,
343 2542 447 2599 quanto
463 2532 567 2583 tardius
580 2531 627 2581 in-

92 2603 170 2652 venit
198 2604 271 2669 quod
295 2604 438 2670 quaerebat.
467 2603 627 2668 compatere

92 2674 178 2739 igitur
196 2675 341 2739 discipulis
362 2674 430 2739 ipsis
452 2684 478 2725 et
499 2673 626 2723 mulieri-

92 2748 155 2807 bus,
167 2747 230 2811 quia
244 2747 271 2795 in
290 2746 435 2797 afflictione
445 2762 541 2813 magna
551 2755 625 2797 sunt.

94 2818 228 2876 Quaerunt
249 2819 397 2868 Dominum
413 2834 506 2878 suum,
524 2827 550 2867 et
569 2833 625 2868 non

92 2888 253 2951 inveniunt,
278 2898 304 2938 et
331 2889 457 2939 nesciunt
484 2888 533 2939 ubi
559 2904 624 2940 eum

91 2959 212 3023 amplius
225 2974 345 3024 quaerere
357 2960 484 3010 debeant.

128 3028 158 3077 13
177 3029 279 3078 Irnauu
295 3046 328 3078 un
342 3045 516 3080 nrrmlrroua
532 3031 624 3080 Attou-

91 3114 184 3148 nonuu
209 3116 340 3150 uunrrrns
360 3115 579 3157 antoounurruu.
594 3128 624 3138 -

90 3172 219 3221 Dolentes
236 3172 319 3237 igitur
337 3183 362 3223 et
384 3171 478 3223 flentes
488 3173 625 3239 discipuli,

90 3255 119 3294 et
137 3260 192 3293 non
212 3247 340 3295 audentes
360 3246 407 3295 diu
426 3261 534 3296 manere
552 3247 626 3311 juxta

91 3314 281 3378 sepulchrum,
311 3326 419 3381 propter
447 3327 548 3366 metum
574 3317 624 3367 Ju-

89 3384 222 3445 daeorum,
236 3387 359 3436 abierunt
373 3387 467 3437 iterum
481 3387 519 3436 ad
532 3384 625 3438 seme't-

90 3454 179 3520 ipsos,
203 3456 227 3504 id
253 3467 293 3505 est
313 3456 346 3505 ad
370 3456 487 3521 hospitia
511 3472 573 3516 sua,
598 3467 624 3507 et

88 3525 153 3576 illuc
173 3527 220 3576 ubi
238 3527 405 3591 habitabant,
422 3538 446 3578 et
462 3529 543 3595 prius
557 3529 623 3579 lati-

87 3597 196 3655 tabant,
212 3609 238 3648 et
258 3600 330 3649 unde
352 3599 385 3649 ad
412 3608 623 3650 monumentum

89 3681 274 3734 cucurrerant,
296 3671 365 3720 nihil
380 3671 443 3722 certi
459 3671 574 3722 scientes
588 3673 623 3723 de

87 3743 201 3792 Domini
227 3743 442 3807 Resurrectione3
458 3744 550 3794 Mariae
572 3759 623 3795 au-

86 3824 146 3864 tem
167 3814 270 3864 ibidem
288 3825 483 3866 remanserunt.
499 3815 540 3866 Et
559 3815 623 3866 dum

87 3892 175 3938 mente
195 3891 384 3950 constenotae,
403 3885 434 3938 id
448 3895 490 3938 est
502 3887 622 3954 stupeis·

688 405 739 446 ctae
756 404 846 448 essent
861 399 894 450 de
914 399 967 451 isto
987 402 1060 467 quod
1076 403 1220 459 viderant:

687 465 752 530 quia
771 476 798 517 et
808 468 924 534 lapidem
939 481 992 522 tam
1005 473 1144 525 immensae
1158 492 1220 530 ma-

687 535 838 600 gnitudinis
854 542 1005 593 revolutum
1019 546 1172 608 stupebant,
1192 559 1219 600 et

687 621 785 672 corpus
815 619 870 661 tam
902 613 1008 664 eximiae
1035 619 1218 672 venerationis

686 693 745 758 non
766 678 904 733 inventum
922 685 1056 747 dolebant,
1071 690 1217 754 respicien-

685 757 725 797 tes
739 765 769 798 1n
783 763 990 804 monumentum
1005 757 1131 808 viderunt
1146 761 1217 813 duos

684 818 766 899 viros,
781 821 808 870 id
829 832 869 873 est
890 824 959 875 duos
973 827 1091 893 'Angelos
1105 829 1133 880 in
1149 847 1214 897 spe-

684 904 725 938 cre
753 891 889 957 virorum,
909 895 956 960 qui
986 904 1114 950 steterunt
1137 917 1215 954 secus

683 959 753 1026 illos¹
775 963 803 1012 in
826 971 897 1015 veste
919 965 1057 1032 fulgenti,
1080 971 1112 1024 ad
1138 974 1214 1025 desi-

683 1033 821 1094 gnandum
830 1035 1108 1100 gaudiumDominicae
1119 1043 1207 1096 Resut

669 1102 820 1158 rectionis.
838 1106 935 1171 Angeli
945 1124 1000 1158 non
1015 1112 1104 1162 solum
1120 1115 1213 1176 verbo,

682 1172 730 1220 sed
749 1174 830 1224 etiam
851 1174 965 1242 fulgenti
984 1179 1080 1231 habitu
1098 1184 1213 1248 gloriam

682 1246 843 1297 annuntiant
867 1250 1073 1315 triumphantis.
1096 1257 1213 1321 lippari-

682 1314 771 1366 tiones
788 1317 863 1368 enim
879 1321 1044 1386 Angelorum
1063 1322 1166 1377 faciunt
1179 1327 1213 1377 ad

681 1385 889 1441 instructionem
907 1392 1065 1458 hominum3
1085 1406 1112 1446 et
1125 1399 1214 1451 solen't

682 1473 729 1522 per
751 1459 829 1510 illum
857 1463 969 1514 modum
994 1481 1138 1530 apparere,
1163 1472 1213 1536 qui

681 1532 811 1595 competit
824 1533 862 1610 rei
875 1534 908 1582 de
921 1550 975 1601 qua
986 1536 1085 1587 debent
1100 1539 1215 1594 instrue·

681 1616 710 1650 re
732 1617 739 1649 ι
758 1605 858 1654 candor
868 1616 957 1657 autem
973 1609 1063 1673 vestis,
1081 1614 1214 1676 splendo-

680 1686 739 1721 rem
752 1674 895 1725 denuotiat
908 1679 1102 1746 solemnitatis;
1112 1693 1138 1732 et
1150 1683 1213 1735 ideo

679 1741 725 1793 mc
744 1744 771 1793 in
788 1745 912 1811 fulgenti
935 1763 1117 1814 apparuerunt
1130 1761 1212 1818 veste,

680 1812 714 1860 ad
735 1813 920 1866 denotandum
939 1818 1067 1883 gaudium
1090 1823 1213 1874 Domini-

679 1899 716 1934 cae
729 1886 953 1940 Resurrectionis.
967 1892 1157 1956 Apparuerunt
1170 1911 1214 1947 au·

671 1957 736 2008 ¹tem
750 1960 812 2023 dao,
832 1961 865 2011 ad
886 1960 1034 2014 solemnius
1047 1965 1212 2019 denuntian-

679 2030 747 2079 dum
768 2031 871 2082 Christi
893 2033 1135 2100 Resurrectionem,
1148 2038 1212 2103 quia

678 2101 830 2152 solemnius
850 2102 1043 2153 denuntiantur
1065 2121 1113 2170 per
1133 2108 1211 2171 duos,

680 2188 763 2238 quam
797 2189 844 2238 per
877 2191 973 2226 unum.
1005 2176 1058 2226 Ubi
1094 2179 1171 2229 Beda
1200 2195 1210 2227 :

681 2260 695 2288 u
717 2243 860 2302 Quomodo
878 2256 983 2308 autem,
1005 2246 1094 2310 posito
1114 2249 1143 2298 in
1165 2264 1210 2300 se-

681 2315 795 2379 pulchro
809 2331 920 2382 corpore
938 2317 1093 2378 salvatoris,
1112 2321 1211 2385 Angeli

680 2385 798 2436 astitisse
824 2386 964 2451 leguntur,
992 2386 1028 2437 ita
1052 2388 1136 2437 etiam
1165 2405 1211 2440 ce-

679 2455 947 2522 lebrandistejusdem
962 2458 1136 2508 sacratissimi
1148 2460 1211 2510 Cor·

679 2527 755 2593 poris
791 2528 953 2594 mysteriis,
982 2538 1104 2595 tempore
1142 2547 1210 2582 con-

679 2598 836 2650 secrationis
853 2599 979 2650 assistere
994 2612 1059 2652 sunt
1074 2602 1210 2665 credendi,

679 2682 808 2723 monente
839 2673 979 2738 Apostolo,
1004 2674 1131 2725 mulieres
1156 2676 1208 2727 ha-

679 2743 745 2792 bere
781 2743 904 2794 velamen
944 2755 1055 2810 propter
1088 2747 1208 2810 Angelos

678 2814 706 2864 in
731 2816 859 2867 Ecclesia.
880 2835 894 2862 a
919 2817 985 2867 Cum
1009 2824 1097 2866 autem
1120 2817 1211 2867 mulie-

677 2900 723 2936 res
740 2886 891 2937 carisione
905 2887 1072 2952 Angelorum
1090 2886 1209 2947 insolita,

676 2957 800 3006 timerent
822 2963 849 3008 et
869 2956 1033 3007 declinarent
1056 2955 1156 3005 vultum
1180 2956 1208 3007 in

676 3032 786 3088 terram,
811 3041 846 3077 ex
874 3026 1047 3086 verecundia,
1080 3025 1209 3076 dixerunt
1264 3083 1266 3087 ,

676 3097 771 3160 Angeli
787 3096 824 3146 ad
845 3094 909 3145 illas
929 3095 1094 3145 consolando
1107 3109 1151 3145 eas
1165 3095 1208 3147 be-

678 3167 769 3232 nigne,
784 3177 810 3216 et
823 3166 978 3216 instruendo
991 3166 1026 3216 de
1039 3165 1141 3216 Christi
1153 3168 1207 3216 Re-

677 3239 843 3290 surrectione
861 3254 867 3287 :
887 3238 959 3300 Quid
974 3238 1096 3304 qnaeritis
1113 3239 1209 3289 viven-

679 3317 737 3373 tem,
774 3322 800 3362 et
835 3312 888 3376 iam
914 3311 1110 3371 resuscitatum,
1148 3325 1208 3362 cnm

676 3383 815 3434 mortuis?
838 3382 921 3442 Quasi
945 3383 1062 3433 dicerent
1087 3399 1093 3431 :
1118 3383 1209 3433 Nolite

677 3471 740 3505 cum
763 3455 892 3515 mortuis,
917 3455 967 3504 hoc
991 3464 1031 3503 est
1053 3453 1081 3502 in
1106 3470 1208 3504 monu-

678 3538 778 3591 mento,
790 3527 838 3593 qui
858 3527 931 3577 locus
946 3525 1053 3592 proprie
1070 3536 1110 3576 est
1131 3541 1207 3575 mor-

676 3609 796 3661 tuorum,
818 3612 937 3663 quaerere
955 3612 1031 3656 eum,
1047 3596 1094 3662 qui
1114 3596 1146 3646 ad
1162 3595 1208 3645 vi-

677 3679 732 3720 tam
762 3669 815 3734 jam
844 3666 1006 3727 resurrexit,
1037 3682 1052 3717 a
1081 3665 1207 3716 mortuis.

676 3744 868 3794 Verumtamen
882 3740 961 3791 multi
974 3750 1101 3807 quaerunt
1112 3740 1208 3790 viven-

676 3824 731 3865 tem
746 3830 808 3865 cum
825 3812 950 3873 mortuis,
964 3823 994 3864 ut
1013 3813 1062 3872 illi,
1080 3811 1127 3878 qui
1145 3810 1208 3861 licet

673 3886 733 3939 sint
753 3885 829 3948 boni,
848 3893 939 3937 tamen
958 3884 1074 3936 libenter
1096 3894 1208 3933 conver·
