2626 4328
452 409 501 460 ET
527 402 769 462 NUMERORUML

73 526 136 592 plici
153 527 232 576 turba
242 541 307 577 eum
321 535 462 592 sequente.
523 525 576 576 555

42 596 78 647 32
94 595 186 646 Mariae
199 611 335 647 occursus.
523 596 577 664 557

46 665 80 716 33
96 665 240 731 Respectio
262 665 373 717 Domini
388 666 417 716 in
429 666 503 718 filias

73 739 232 798 Jerusalem,
246 748 273 788 et
287 739 368 790 rerba
380 747 446 791 tunc
466 741 501 791 ah

74 809 135 873 ipso
150 809 262 873 prolata.
522 811 577 879 557

45 877 81 943 34
94 880 149 929 Cur
163 879 258 929 Simon
276 880 421 946 Cyrenaeus
435 896 500 932 cru-

76 965 134 999 cem
148 959 256 1015 pnrtare
268 950 393 1016 cogitur?

44 1021 80 1072 35
93 1023 263 1072 Documenta
282 1022 337 1071 duo
350 1038 382 1072 ex
395 1023 501 1088 bajula-

74 1092 150 1143 tione
175 1091 271 1152 crucis,
296 1102 372 1142 actus
388 1094 500 1145 confor-

75 1164 202 1215 mationis
215 1174 241 1214 et
255 1164 350 1216 oratio.
422 1227 424 1230 Α

525 951 577 1004 558

522 1167 576 1236 559

1113 411 1164 464 833

634 525 669 577 36
685 527 807 587 Quatuor
819 537 882 579 sunt
901 545 1008 581 crucem
1023 544 1090 596 pur·

663 608 760 649 tantes.
1112 599 1160 651 561

634 668 667 736 37
688 670 786 722 Ductio
809 670 913 722 Christi
933 672 965 722 ad
989 671 1088 723 Calva-

645 738 710 790 ·1iae
737 741 837 804 locum,
856 742 1018 792 documenta
1034 741 1088 791 tria

663 825 695 861 ex
710 825 749 874 en,
767 820 845 862 actus
864 811 1089 862 conformationis

663 892 689 934 et
704 883 799 934 oratio.

634 955 668 1007 38
690 957 797 1016 Quanta
821 971 918 1022 passus
938 967 980 1009 ost
1000 957 1089 1008 Chri-

663 1036 731 1092 stus,
750 1037 896 1094 anaequam
917 1027 1088 1095 crucifigere-

661 1108 717 1150 tur.

1109 882 1160 935 561

1112 1098 1163 1150 562

214 1365 334 1417 CAPUT
348 1366 441 1417 LXlll.
455 1392 488 1406 -
499 1368 541 1418 De
559 1366 657 1429 Sexta,
680 1367 707 1416 in
721 1367 859 1418 Pnssioae
872 1366 996 1419 Domini.

62 1549 70 1581 ι
90 1533 146 1583 Cur
166 1551 241 1586 mors
257 1536 359 1587 Christi
373 1536 500 1602 turpissi-

72 1621 126 1666 ma,
142 1616 168 1656 et
182 1624 265 1674 quare
278 1625 336 1659 eam
350 1619 424 1660 euna
437 1609 501 1661 civi·

73 1685 155 1726 tatem
171 1679 225 1743 pati
237 1679 343 1730 voluit?

58 1763 75 1796 a
94 1749 175 1799 Mons
192 1751 319 1802 Calvariae
342 1761 369 1802 et
389 1752 499 1838 eeclesia

74 1819 113 1868 ibi
131 1821 270 1873 aedificata.

16 1890 20 1897 '
62 1889 78 1940 3
100 1892 184 1943 Datur
200 1894 309 1947 Christo
324 1896 422 1948 vinum
438 1912 500 1948 cum

72 1962 135 2014 felle
146 1965 272 2016 mixtum.

58 2051 77 2099 4
91 2036 222 2101 spoliatio
237 2038 337 2088 Christi
357 2048 419 2090 ante
437 2056 499 2091 cru-

75 2120 143 2166 cem,
153 2106 312 2158 documenta
327 2125 359 2159 ex
371 2125 410 2170 ea,
426 2120 500 2161 actus

74 2176 298 2229 conformationis
315 2191 341 2230 et
352 2181 447 2232 oratio.
525 2180 576 2231 565

59 2246 74 2296 5
92 2247 221 2298 Extensio
240 2249 343 2300 Christi
363 2251 391 2301 in
410 2267 499 2313 cruce,

74 2316 237 2369 documenta
252 2321 305 2369 duo
327 2336 359 2370 ex
375 2336 414 2382 ea,
427 2332 501 2372 actus

75 2389 300 2442 conformationis
312 2403 338 2442 et
350 2394 445 2445 oratio.
526 2392 579 2445 566

56 2461 76 2512 6
98 2463 244 2526 Crucifixio
268 2465 387 2527 Christi,
414 2468 501 2518 docu-

76 2543 201 2584 mentum
215 2551 291 2586 exen
306 2537 441 2588 etoratio.
522 2536 579 2605 567

59 2622 74 2671 7
103 2607 214 2658 Levatio
233 2609 334 2670 crucis,
350 2609 501 2661 documen-

75 2688 134 2757 tum
148 2694 180 2728 ex
198 2695 238 2740 ea,
256 2691 332 2732 actus
345 2682 502 2733 conforma·

75 2758 160 2798 tronis
174 2759 200 2800 et
213 2750 311 2802 oratio

59 2818 204 2870 8D0lores
230 2820 331 2873 Christi
358 2823 504 2888 pendentis

76 2907 104 2941 ιιι
117 2906 206 2942 cruce

59 2963 149 3029 qCur
170 2974 287 3015 mortem
308 2966 399 3016 crucis
422 2966 503 3032 elegit

75 3033 227 3084 Dominus?

48 3120 80 3154 10
95 3104 184 3155 Tituli
198 3105 321 3171 scriptio,
339 3107 503 3173 mysterium

76 3187 103 3226 et
115 3178 314 3230 convenientia.

48 3263 75 3297 ιι
95 3247 152 3297 Cur
164 3247 191 3296 in
203 3249 292 3299 tribus
311 3249 416 3316 linguis
433 3249 503 3301 scri·

76 3330 140 3385 ptus
157 3319 210 3371 fuit
222 3322 339 3373 titulus?

47 3407 81 3441 12
96 3392 147 3441 Per
164 3392 273 3442 titulum
288 3395 374 3445 crucis
385 3395 506 3446 ostendi·

78 3476 123 3515 tur
147 3465 250 3517 Christi
275 3468 440 3533 triumphus,
458 3469 504 3520 do

87 3549 246 3588 cumcntum
262 3555 292 3589 ex
307 3555 338 3590 eo
353 3551 380 3590 et
394 3539 493 3590 oratio.
528 3539 579 3605 572

48 3611 79 3661 13
104 3612 202 3663 Forma
217 3614 303 3664 crucis
324 3615 435 3680 ejusque
455 3630 503 3665 ex-

78 3683 190 3748 plicatio
205 3683 233 3733 in
248 3700 328 3735 sensu
343 3685 467 3752 mystico
529 3681 578 3750 578

48 3768 81 3814 14
112 3754 222 3804 Moralis
246 3765 421 3806 sacrosanctae
441 3769 505 3805 cru-

77 3823 119 3874 cis
139 3825 232 3890 figurae
248 3826 402 3893 descriptio.

49 3892 81 3944 15
98 3895 247 3946 Latronum
261 3895 408 3956 crucifixio,
421 3898 505 3947 docu-

79 3977 203 4017 mentum
217 3984 249 4030 ex
261 3977 328 4019 caet
342 3967 438 4018 oratio.

50 4034 85 4085 ¹6
100 4038 205 4089 Tunica
226 4039 329 4089 Christi
350 4037 505 4089 inconsuti-

524 1679 575 1731 563

520 1821 578 1890 564

524 1967 575 2019 565

523 2751 580 2804 568

527 2895 578 2964 569

522 3035 579 3104 569

528 3177 579 3246 570

527 3323 578 3391 572

527 3822 583 3890 ⁵74

609 1890 868 1944 .181uuaennsus
893 1867 1036 1944 curam
1058 1893 1089 1943 in

529 3965 591 4034 ὄπ

663 1538 697 1588 lis
712 1537 1038 1604 litteraliteretmystice.
1115 1537 1166 1605 576

634 1623 667 1675 17
708 1608 811 1659 Divisio
865 1609 1090 1660 vestimentorum

662 1679 774 1742 Christi,
800 1681 961 1731 documenta
985 1697 1017 1732 ex
1049 1695 1088 1743 ea,

662 1748 976 1832 actus“conformationis
994 1763 1022 1803 et
1033 1767 1092 1804 ora·
1113 1821 1128 1874 5

663 1831 711 1872 ²¹⁰·
1131 1839 1165 1890 77

1115 1964 1166 2030 578
1237 1922 1241 1929 ⁴

664 1980 741 2014 cruce
755 1964 867 2031 quinam
881 1964 1002 2016 similes?

637 2051 668 2104 19
683 2037 738 2086 Cur
753 2037 887 2088 Dominus
900 2038 935 2088 de
945 2053 1023 2088 cruce
1033 2053 1088 2088 non

664 2105 822 2157 descendit?

632 2191 667 2225 20
682 2176 812 2227 Diabolus
826 2191 907 2243 supra
920 2191 1026 2226 crucem
1040 2186 1090 2226 ste·

663 2245 834 2297 tissefertuc.
981 2257 983 2263 ·

633 2332 666 2368 ar
681 2317 813 2368 Patientia
826 2317 940 2378 Christi,
956 2318 1024 2367 dum
1039 2317 1090 2368 de·

663 2386 776 2450 rideam,
818 2389 1012 2440 documentum
1056 2403 1091 2438 en

664 2459 726 2510 istis
742 2459 917 2511 illusionibus
934 2469 961 2510 et
980 2459 1077 2510 oratio.
1114 2459 1166 2509 58ο

633 2545 666 2580 22
695 2531 768 2580 Dum
797 2531 966 2596 blasphemat
1001 2530 1090 2580 malus

666 2603 750 2667 latro,
767 2604 934 2655 convertitur
952 2605 1049 2655 bonus.
1119 2601 1167 2654 581

638 2673 670 2724 23
691 2673 764 2734 Quid
786 2678 903 2742 mystice
928 2676 984 2726 duo
997 2676 1093 2726 -latro-

666 2746 734 2797 nes?

634 2832 670 2882 24
688 2817 856 2869 Documenta
876 2818 933 2868 tria
962 2833 995 2867 ex
1026 2816 1092 2866 illu-

665 2890 744 2941 sione
779 2891 892 2942 latronis
927 2889 1032 2942 sinistri
1066 2898 1092 2938 et

665 2963 763 3014 oratio,

637 3035 671 3088 25
684 3035 832 3087 Praesentia
845 3037 876 3087 B.
896 3037 932 3086 M.
951 3036 999 3096 V.,
1013 3034 1093 3085 loan-

667 3110 710 3159 nis
732 3118 759 3160 et
779 3109 937 3159 mulierum.

636 3179 669 3231 26
689 3182 769 3232 Juxta
783 3195 890 3232 crucem
908 3189 935 3230 et
948 3194 1000 3230 nos
1021 3188 1092 3229 stare

667 3251 807 3301 debemus.

636 3336 670 3387 27
698 3321 808 3386 Septem
829 3320 912 3371 verba
935 3318 1038 3371 Christi
1064 3318 1093 3368 in

666 3405 755 3441 cruce.
1119 3387 1169 3440 585

636 3461 670 3512 28
694 3462 787 3513 Primo
803 3461 884 3512 verbo
897 3467 954 3510 orat
972 3474 1022 3525 pro
1037 3473 1097 3508 cru-

666 3531 837 3598 cifigentibus
856 3547 930 3582 eum.
1120 3528 1170 3581 585

636 3618 672 3671 29
691 3605 892 3654 Documentum
912 3617 945 3652 ex
966 3599 1020 3651 hoc
1039 3616 1098 3651 ver·

668 3675 702 3724 bo
723 3684 749 3724 et
772 3673 869 3723 orati0.
1121 3669 1173 3742 586

637 3746 671 3797 30
696 3747 787 3797 Verbo
808 3745 925 3796 secundo
940 3744 1097 3810 paradisum

667 3817 742 3868 bono
755 3817 852 3868 latroni
866 3815 1011 3882 promittit.
1116 3812 1169 3879 587

639 3889 670 3941 31
711 3891 754 3941 Nu
775 3904 877 3956 nquam
890 3888 1090 3954 desperandum

667 3978 735 4024 esse,
756 3963 807 4015 sed
835 3977 885 4013 nec
903 3971 1005 4012 temere
1028 3975 1093 4010 con·

666 4034 818 4085 versionem
836 4031 1023 4083 differendum
1044 4029 1093 4079 ds-

1115 2106 1166 2173 578
1218 2094 1221 2099 ‚

1114 2245 1167 2313 579

1115 2744 1166 2795 582

1112 2957 1167 3021 582

1117 3105 1167 3156 585

1118 3247 1170 3314 584
