2626 4328
139 305 192 356 586

138 423 208 472 tium
233 418 386 485 compuncti
401 426 464 468 sunt
477 417 557 466 corde
571 425 596 465 et
614 431 673 480 poe-

142 493 294 551 nituerunt,
317 501 346 540 ut
368 488 465 538 dicitur
485 487 513 536 in
537 485 674 552 evangelio

140 565 337 620 llazaraeorum,
356 569 382 610 et
400 559 511 625 ponitur
531 558 559 607 in
575 557 674 608 Glossa

139 635 212 685 lsaiae
227 649 307 699 super
320 631 368 681 illo
384 631 475 690 verbo,
486 636 512 679 ct
521 644 574 695 pro
590 635 676 678 trans-

140 705 313 771 gressoribus
329 702 449 768 rogavit.
471 702 495 751 Ο
514 716 596 766 quam
611 699 675 748 dul-

141 779 180 828 cis
196 778 224 826 in
239 775 361 826 oratione
375 774 476 826 Christi
493 775 526 824 ad
539 770 675 823 crucifixo·

141 864 202 899 rum
228 847 426 896 malleationem
453 854 508 896 erat
538 843 674 901 melodia,

141 920 174 968 de
189 919 265 982 cujus
278 916 454 967 consonantia
468 929 594 965 conversa
612 923 676 963 sunt

142 1001 181 1040 tot
200 989 303 1041 millia!
326 991 380 1041 Nee
398 989 508 1049 mirum,
532 987 595 1054 quia
618 986 675 1051 ipse

141 1073 242 1114 tantam
265 1062 502 1114 mansuetudinem
525 1075 632 1111 servans
647 1059 675 1108 in

142 1135 330 1195 contumeliis,
374 1143 475 1184 tantam
520 1129 675 1197 patientiam

143 1206 289 1255 ostendens
312 1205 340 1254 in
363 1203 522 1262 tormentis,
552 1201 591 1251 sic
620 1199 676 1249 rni-

143 1291 200 1325 ram
221 1276 413 1342 benignitatem
436 1273 567 1325 exhibens
588 1270 677 1321 cruci-

143 1346 291 1406 fixoribus,
312 1345 462 1396 evidentius
485 1341 629 1394 declaravit
649 1355 677 1390 se

143 1418 245 1468 Filium
269 1434 327 1470 esse
355 1419 441 1469 Patris
468 1434 551 1484 quem
575 1416 675 1465 orabat.

146 1490 217 1548 Quid
242 1491 316 1540 enim
334 1491 420 1554 majus
441 1489 604 1540 miraculum
628 1487 677 1536 hac

144 1560 263 1624 benigna
283 1560 401 1625 pietate?
422 1561 480 1610 Hoc
499 1560 601 1625 quippe
615 1573 676 1608 ver-

144 1632 211 1680 bum
240 1645 344 1696 magnae
372 1630 508 1696 patientiae
539 1642 564 1680 et
598 1644 678 1678 man-

146 1699 308 1760 suetudinis,
324 1700 415 1766 magni
428 1699 546 1750 dulcoris
559 1699 678 1750 etveniae

144 1771 204 1822 tuit.
228 1773 257 1820 ln
272 1787 326 1838 quo
351 1773 448 1838 triplex
469 1784 543 1823 actus
566 1771 681 1823 caritatis

146 1842 271 1893 maximae
284 1843 425 1908 apparuit:
443 1843 532 1908 primo
546 1843 610 1909 quia
631 1857 680 1907 pro

145 1911 351 1964 crucifixoribus
374 1913 595 1965 affectuosissime
620 1928 681 1962 ora·

144 1983 197 2047 vit3
221 1984 349 2044 secundo,
367 1985 432 2050 quia
452 1986 568 2036 orationi
592 1985 680 2050 laery-

146 2068 205 2104 mas
235 2053 375 2119 adjunxit3
406 2055 500 2116 tertio,
533 2055 597 2121 quia
622 2068 680 2104 curn

146 2128 237 2178 valido
256 2128 374 2179 clamore
387 2138 413 2178 et
427 2130 605 2196 lacrymarum
620 2129 683 2179 effu-

148 2198 234 2258 sione,
253 2213 301 2264 pro
317 2198 385 2264 ipsis
401 2214 497 2265 preces
511 2200 615 2251 obtulit.
631 2200 683 2250 Un-

148 2271 180 2319 de
196 2271 357 2320 Bernartius
375 2288 383 2321 .·
400 2290 414 2318 n
429 2271 555 2322 Christus
569 2270 682 2337 flagellis

149 2357 251 2403 caesus,
277 2342 365 2408 spinis
391 2345 498 2395 coronis
529 2353 682 2401 coronatus,

148 2415 230 2464 clavis
249 2414 399 2476 confossus,
415 2415 566 2480 crucifixus,
581 2430 682 2482 oppro-

148 2484 216 2534 briis
241 2496 386 2546 saturatus,
413 2487 535 2538 omnium
558 2489 682 2537 dolorum

148 2555 301 2615 immernor,
317 2557 375 2606 ait:
391 2558 485 2621 Pater,
499 2558 604 2610 dimitte
619 2559 684 2609 iilis.

148 2627 217 2677 Hinc
236 2629 327 2677 multae
342 2629 458 2681 miseriae
470 2633 605 2696 corporis;
621 2632 685 2682 hinc

148 2700 242 2749 multae
255 2700 445 2752 misericordiae
458 2704 555 2753 cordis.
568 2704 591 2753 O
602 2721 683 2771 quam

148 2770 253 2820 firmata
266 2780 305 2820 est
320 2787 400 2837 super
412 2772 487 2838 ipsos
502 2773 685 2826 misericordia

148 2852 202 2900 tua,
218 2851 244 2890 et
257 2857 340 2906 quant
355 2856 451 2908 magna
464 2843 609 2894 multitudo
622 2847 686 2896 dul-

149 2914 252 2964 cedinis
266 2915 455 2966 misericordiae
472 2916 540 2967 tuae!
556 2920 685 2985 quoniam

149 2986 265 3052 potabis,
292 2986 418 3048 Domine,
442 2988 625 3041 desiderantes
650 3002 684 3047 te,

149 3066 269 3107 torrente
298 3058 444 3124 voluptatis
472 3069 525 3110 tuae
554 3077 560 3110 ε
588 3080 600 3108 n
629 3062 685 3112 brec

150 3128 319 3179 Bernartius.
335 3131 394 3179 Non
407 3146 470 3197 ergo
482 3131 604 3197 desperet
614 3147 687 3183 amo-

151 3201 185 3249 do
200 3198 346 3264 quisquam
360 3201 494 3266 poenitens
504 3218 553 3267 pro
564 3204 685 3269 peccatis,

151 3270 289 3336 pensando
303 3271 409 3336 copiam
426 3271 518 3338 gratiae
532 3274 685 3325 Salvatoris.

152 3341 230 3391 Unde
251 3342 422 3407 Augustinus
437 3360 446 3394 :
462 3361 475 3390 a
500 3344 572 3403 Quid
596 3355 685 3396 autem

153 3428 282 3463 converso
306 3429 361 3463 non
386 3414 545 3479 ignoscitur,
566 3416 590 3466 si
608 3415 687 3468 fusus

152 3484 254 3536 Christi
278 3485 388 3552 sanguis
407 3487 597 3552 cognoscitur?
617 3489 686 3548 Quis

151 3554 288 3606 homicida
302 3556 436 3623 desperet,
453 3557 477 3607 si
489 3557 518 3607 in
532 3573 608 3624 spem
622 3562 685 3610 red-

152 3625 224 3677 ditus
253 3636 308 3687 est,
334 3643 349 3678 a
374 3642 430 3694 quo
454 3628 536 3679 etiam
564 3630 688 3682 Christus

153 3699 256 3751 occisus
270 3700 328 3752 est?
342 3720 356 3749 n

187 3787 220 3839 29
235 3773 421 3823 Docunnnruu
435 3789 468 3822 rex
485 3789 536 3824 noc
554 3790 640 3825 venno
655 3791 688 3824 rr

155 3856 262 3893 enarro.
275 3871 305 3881 -
319 3844 368 3894 Per
380 3842 432 3893 hoc
444 3843 556 3895 verbum
568 3845 689 3911 primum

152 3913 282 3965 docemur
296 3922 417 3982 petentes
431 3928 481 3964 nos
490 3913 542 3965 cito
552 3915 688 3979 exaudire,

420 299 596 352 SECUNDAE
610 296 734 348 PARTlS
753 297 871 348 CAPUT
886 297 977 347 LXlll.

730 413 896 479 iniuriasque
920 413 1064 476 remittere,
1088 421 1114 462 et
1133 411 1263 462 vindictas

731 502 786 536 non
801 497 925 552 expetere
937 501 944 548 ;
961 500 991 535 ac
1005 484 1087 535 etiam
1100 499 1150 549 pro
1166 483 1262 535 inimi-

730 558 768 608 cis
796 557 971 616 intercedere,
993 568 1019 608 et
1040 571 1135 616 orare,
1163 570 1263 622 eosque

730 629 850 694 diligere.
874 630 916 679 Ad
942 629 1056 680 verbum
1082 627 1167 694 igitur
1183 637 1263 679 tantae

729 702 837 767 pietatis
865 702 1018 753 emolliatur
1043 717 1089 752 cor
1122 710 1262 757 nostrum,

729 772 799 823 sicut
821 772 921 822 dicitur
935 772 964 822 in
981 773 1112 823 Psalmo:
1130 771 1223 823 Hodie
1239 771 1264 822 si

729 857 817 894 vocem
830 844 940 894 Domini
949 843 1103 906 atrdieritis,
1121 842 1205 893 nolite
1220 843 1265 894 oe-

729 916 832 967 durare
845 917 928 967 corda
939 922 1038 979 vestra,
1053 926 1084 965 ut
1095 913 1265 966 dimittamus

729 986 844 1036 offensas
865 985 1034 1037 debitoribus
1050 994 1076 1034 et
1096 983 1266 1050 injuriatori-

730 1058 781 1108 bus
803 1057 916 1120 nostris;
941 1068 967 1108 et
991 1073 1046 1107 non
1062 1057 1152 1107 solum
1171 1056 1267 1108 dimit-

730 1140 819 1180 tamus
836 1129 960 1187 offensas,
979 1128 1121 1180 sedetiam
1137 1144 1189 1195 pro
1201 1129 1265 1195 ipsis

730 1216 858 1261 oremus,
887 1200 986 1250 intuitu
1008 1200 1064 1264 eius
1085 1200 1133 1266 qui
1159 1201 1265 1251 Patrem

730 1271 848 1321 exoravit
868 1286 916 1336 pro
934 1270 1149 1336 persecutoribus
1171 1271 1266 1322 suiset

731 1341 945 1392 crucifixoribus.
971 1342 1047 1392 Unde
1070 1343 1265 1406 Augustinus:

730 1431 745 1458 n
759 1412 829 1462 Vide
843 1412 961 1463 caritatis
980 1411 1157 1475 affluentiam,
1173 1424 1200 1463 et
1214 1411 1267 1462 mi-

731 1487 842 1537 rabilem
866 1485 1035 1552 patientiam,
1069 1502 1119 1551 pro
1143 1485 1266 1537 inimicis

730 1559 793 1610 facit
807 1560 955 1610 orationem
982 1576 988 1610 :
1013 1559 1136 1620 remittit,
1164 1570 1192 1611 et
1217 1575 1269 1611 non

731 1632 831 1698 expetit
859 1633 999 1683 ultionem.
1028 1633 1083 1683 Cur
1110 1633 1194 1700 igitur
1214 1633 1269 1685 ior·

732 1706 810 1765 mica,
828 1704 937 1764 festuca,
966 1706 1044 1764 cinis,
1070 1705 1159 1771 pulvis
1179 1716 1207 1758 et
1227 1705 1269 1757 ia·

732 1777 797 1826 villa
818 1776 965 1827 vindictam
993 1776 1105 1840 expetis,
1126 1777 1269 1828 remissio·

735 1861 797 1897 nem
813 1846 956 1912 protrahis,
978 1862 1040 1895 cum
1061 1845 1152 1896 videas
1168 1847 1269 1914 Regem

734 1920 827 1985 gloriae
845 1918 1047 1985 Dominumque
1071 1917 1207 1970 virtutum
1225 1935 1270 1970 re-

736 1989 887 2039 mittentem
912 1988 1009 2048 minas,
1035 1989 1225 2050 contumelias,
1245 1998 1270 2040 et

735 2058 927 2124 blasphemias,
947 2069 973 2108 et
990 2058 1192 2110 concionantem
1208 2075 1270 2110 cru-

735 2129 774 2179 cis
799 2129 936 2179 molestias
954 2140 980 2179 et
995 2129 1080 2179 reales
1101 2128 1237 2195 injurias?
1257 2148 1270 2177 n

736 2200 814 2251 Unde
835 2211 861 2249 et
881 2200 1025 2250 Ansetmus
1050 2219 1058 2252 :
1081 2218 1095 2246 a
1118 2200 1160 2250 nd
1181 2202 1270 2252 locum

736 2270 866 2320 deductus
890 2271 1016 2336 supplicii
1031 2271 1143 2337 myrrha
1166 2282 1272 2338 potatur

737 2354 762 2394 et
781 2341 850 2392 felle.
877 2343 925 2406 lta,
950 2343 978 2392 in
1004 2358 1083 2393 cruce
1110 2342 1224 2405 levatur,
1245 2353 1271 2395 et

737 2413 802 2464 dicit
827 2430 833 2463 :
857 2414 961 2474 Pater,
989 2414 1093 2464 dimitte
1124 2414 1192 2479 illis,
1222 2429 1270 2466 non

738 2484 807 2536 enim
834 2485 922 2535 sciunt
946 2484 1011 2551 quid
1033 2484 1153 2549 faciunt.
1180 2485 1272 2547 Qualis

738 2555 836 2606 esthic
865 2556 913 2623 qui
937 2556 966 2606 in
992 2555 1122 2606 omnibus
1137 2556 1270 2621 pressuris

738 2629 796 2678 suis
810 2645 858 2679 nec
874 2628 957 2678 semel
977 2643 1099 2678 ossuum
1118 2629 1233 2694 aperuit,
1245 2637 1273 2679 ut

739 2709 785 2749 aut
807 2701 930 2765 querelae,
952 2710 999 2749 aut
1023 2699 1213 2761 excusationis,
1228 2709 1273 2751 aut

739 2771 976 2832 comminationis,
1003 2783 1050 2823 aut
1075 2773 1273 2825 maledictionis

738 2845 851 2895 verbum
874 2847 1001 2896 adversus
1026 2847 1184 2899 maledictos
1197 2862 1273 2899 canes

738 2915 800 2964 illos
817 2914 963 2980 proferret;
984 2917 1031 2967 sed
1052 2917 1203 2968 novissime
1214 2932 1272 2968 rer-

740 2985 805 3034 bum
824 2985 1029 3046 benedictionis,
1048 2987 1129 3053 quale
1147 3001 1163 3037 a
1184 2987 1272 3038 seculo

740 3073 795 3106 non
822 3069 862 3108 est
884 3058 1017 3118 auditum,
1042 3074 1124 3125 super
1148 3059 1272 3110 inimicos

740 3143 805 3178 suos
825 3127 938 3178 effudit?
959 3129 1031 3189 Quid
1046 3130 1098 3180 hoc
1119 3129 1179 3180 viro
1201 3144 1274 3180 man·

739 3199 861 3249 suetinsi
891 3199 962 3259 Quid
995 3199 1157 3266 benignius,
1185 3200 1274 3251 anima

740 3288 808 3332 mea,
833 3272 943 3323 vidisti?
965 3293 979 3321 n
1005 3274 1037 3324 Et
1062 3274 1161 3324 iterum
1185 3291 1193 3324 z
1217 3273 1273 3323 «ln

740 3341 869 3392 omnibus
889 3342 933 3392 his
954 3343 1096 3394 considera
1121 3343 1191 3393 illud
1213 3343 1274 3392 dul·

740 3413 881 3464 cissimum
899 3425 1001 3481 pectus,
1018 3431 1101 3482 quam
1117 3415 1275 3483 tranquilli·

741 3498 822 3538 tatem
843 3490 957 3540 servavit
972 3490 1087 3556 pietatis.
1114 3490 1176 3540 Non
1197 3504 1274 3541 suam

741 3558 856 3609 attendit
877 3559 1014 3625 injuriam,
1038 3575 1094 3610 non
1109 3575 1218 3626 poenam
1232 3574 1276 3609 re-

742 3641 835 3698 putat,
868 3649 924 3684 non
953 3632 1035 3684 sentit
1065 3633 1245 3684 contumelias
1267 3648 1275 3681 ι

742 3705 789 3754 sed
813 3703 880 3771 ipsis
903 3706 992 3772 potius
1011 3720 1027 3756 a
1047 3705 1149 3771 quibus
1169 3705 1277 3771 patitur,

743 3774 788 3826 ille
806 3776 984 3842 compatitur,
1007 3776 1142 3842 aquibus
1155 3776 1278 3827 vulnera·

743 3858 796 3909 tur,
819 3849 864 3900 ille
877 3851 1015 3914 medetur;
1037 3849 1121 3902 vitam
1143 3857 1277 3914 procurat,

743 3934 758 3969 a
779 3919 880 3986 quibus
891 3920 1029 3972 occiditur.
1049 3919 1120 3972 Cum
1137 3934 1192 3987 qua
1206 3934 1281 3970 men·
