2626 4328
129 318 182 384 654

129 458 253 508 Christus
273 458 361 508 bonos
382 466 487 507 tantum
515 457 548 506 de
572 456 658 506 limbo

128 527 262 588 liberavit,
286 528 320 578 de
346 527 453 578 inferno
475 537 564 577 autem
579 528 657 576 dam-

129 612 253 653 natorum
269 601 405 652 neminem
418 601 525 668 eripuit.
539 601 574 651 Et
594 600 656 665 justi

129 673 237 739 quidem
253 688 313 723 cum
330 683 404 723 tanta
422 673 513 723 laetitia
536 672 657 722 liberan-

134 756 186 796 tur.
212 746 263 796 Sed
297 744 363 812 quid
397 756 475 810 putas
507 744 657 795 indicibilis

128 815 316 866 amaritudinis
331 824 357 865 et
370 814 571 865 inconsolabilis
585 814 657 863 dolo·

129 886 175 946 ris,
192 886 247 935 imo
262 896 385 936 extremae
399 885 580 936 damnationis
593 884 658 935 acci·

128 955 167 1005 dit
181 955 384 1006 remanentibus
398 955 426 1006 in
448 955 510 1021 igne
522 955 657 1004 inexstin-

128 1026 233 1092 guibili,
258 1041 350 1077 verme
370 1026 527 1089 immortali,
549 1027 657 1077 tenebra

127 1097 273 1162 palpabili,
302 1107 388 1147 morte
426 1094 576 1147 infinibili?
609 1099 656 1148 Vae

129 1167 184 1217 illis
214 1167 314 1234 quibus
339 1168 432 1217 datum
459 1175 499 1217 est
524 1166 575 1218 hoc
605 1184 656 1233 po-

125 1237 179 1288 tius
194 1238 317 1304 experiri,
333 1253 415 1304 quam
430 1237 543 1298 credere,
564 1239 605 1288 vel
620 1238 656 1288 ti-

127 1311 219 1362 merel

159 1385 325 1451 9Cun1srus
349 1399 572 1434 ursunnacrorus
594 1399 657 1434 xix·

128 1469 181 1505 nun
194 1471 348 1513 necinourr.
362 1483 392 1492 -
406 1452 504 1520 Aliqua
520 1470 581 1506 vero
595 1471 657 1504 mo-

128 1525 187 1574 rula
211 1524 237 1573 in
262 1525 387 1589 paradiso
408 1525 554 1578 saetacum
569 1525 616 1585 eis,
632 1534 658 1574 et

128 1595 208 1645 etiam
233 1611 294 1646 curn
310 1597 370 1647 Elia
383 1607 409 1648 et
430 1597 552 1665 lienoch,
566 1597 655 1663 ipsum

127 1668 381 1731 recognoscentibus
416 1679 441 1718 et
463 1669 658 1719 exsultantibus

127 1735 196 1786 dixit
210 1736 265 1802 eis;
282 1738 345 1803 quia
361 1747 416 1788 erat
431 1748 546 1803 tempus,
561 1749 591 1788 ut
606 1740 658 1789 iret

126 1807 159 1856 ad
192 1809 354 1860 excitantum
380 1819 406 1860 et
434 1811 655 1861 reassumendum

396 315 569 368 SECUNDAE
587 314 709 365 PARTIS
723 313 841 367 CAPUTv
851 316 965 369 LXVIII.

711 465 760 518 tes,
783 457 968 520 adoraverunt,
992 468 1117 526 rogantes
1137 470 1168 510 ut
1188 459 1241 512 cito

711 527 818 589 rediret,
831 528 894 594 quia
905 529 1131 595 gloriosissimum
1143 546 1241 596 corpus

710 613 791 650 suum
807 599 897 650 videre
911 600 1059 665 plurimum
1073 601 1241 653 affectabant.

710 670 755 719 Da
769 675 794 720 et
814 670 886 733 mihi,
903 671 1016 721 Domine
1043 671 1241 737 benignissime,

711 753 809 806 corpus
823 747 895 792 tuum
910 741 1136 807 gloriosissimum
1155 743 1182 792 in
1196 758 1241 794 se-

711 813 795 863 cundo
809 813 923 864 adventu
940 819 984 864 tuo
1000 828 1058 864 eum
1070 814 1182 880 gaudio¹
1199 817 1242 866 vi-

711 882 783 945 dere,
807 888 833 932 et
847 883 879 932 de
896 889 941 933 tua
955 884 1057 935 visione
1076 884 1243 942 aeternaliter

711 967 769 1004 cum
783 953 874 1005 electis
887 955 941 1005 tuis
951 955 1081 1020 gaudere.
1094 955 1243 1006 Considera

711 1041 781 1076 nunc
792 1027 929 1091 quomodo
941 1027 1033 1077 omnia
1047 1035 1107 1093 quae
1118 1026 1243 1078 Christus

712 1111 761 1162 pro
776 1097 854 1146 nobis
872 1098 992 1162 pertulit,
1010 1113 1058 1164 pro
1080 1109 1171 1149 nostra
1186 1099 1243 1149 uti-

711 1170 785 1220 litate
810 1169 863 1235 pati
885 1171 980 1221 voluit.
1004 1171 1082 1221 Unde
1100 1172 1242 1239 Hierony·

711 1255 769 1291 mus
793 1241 915 1306 quaedam
937 1257 969 1292 ex
992 1240 1035 1291 his
1049 1241 1188 1307 colligens,
1204 1240 1243 1290 sic

710 1311 777 1362 dicit
791 1329 798 1362 ι
813 1311 997 1377 n'Opprobria
1017 1322 1106 1362 autem
1120 1312 1178 1376 ejus
1190 1327 1243 1361 no-

711 1392 798 1433 strum
814 1383 946 1434 abstulere
960 1382 1135 1449 opprobrium
1147 1397 1155 1444 3
1178 1381 1242 1431 vin-

711 1453 770 1504 cula
797 1454 871 1519 ejus,
900 1469 949 1504 nos
976 1455 1074 1504 liberos
1102 1451 1240 1514 iecerunt;

711 1538 810 1576 corona
828 1524 922 1590 spinea
935 1524 1028 1590 capitis
1041 1524 1105 1589 ejus,
1117 1522 1240 1573 diadema

711 1593 787 1658 regni
819 1593 907 1659 adepti
941 1608 1052 1657 sumus;
1082 1591 1241 1643 vulneribus

710 1664 767 1728 ejus
791 1665 877 1718 sanati
901 1679 1013 1727 sumus;
1032 1663 1168 1729 sepultura
1183 1661 1241 1727 ejus

710 1737 875 1803 resurgimus
882 1751 890 1800 ;
905 1746 931 1786 et
942 1736 1070 1786 descensu
1081 1735 1114 1785 ad
1129 1733 1241 1794 inferos,

709 1811 880 1862 ascendimus
891 1810 923 1860 ad
934 1810 1024 1860 coelos.
1040 1828 1054 1857 n
1138 1858 1141 1863 ,

126 1893 207 1928 suum
220 1895 325 1945 corpus.
338 1881 391 1942 Qui
406 1896 502 1932 omnes
513 1882 656 1947 prociden-
729 1948 731 1952 .

615 2100 749 2153 ORATIO

157 2269 181 2319 Ο
201 2270 270 2319 bone
292 2269 365 2330 Jesu,
382 2285 431 2320 nec
449 2269 538 2320 adhuc
559 2269 653 2320 satiata
675 2279 715 2319 est
733 2279 787 2320 tuae
808 2269 953 2322 ineffabilis
967 2271 1109 2322 clementia
1122 2271 1239 2336 pietatis,

127 2339 179 2389 nisi
196 2350 222 2390 et
236 2341 334 2391 inferni
350 2343 464 2392 claustra
480 2351 621 2407 penetrans
635 2351 697 2391 tuos
709 2341 828 2407 captivos
845 2342 971 2394 redimas.
994 2342 1137 2393 Descendit
1156 2341 1241 2408 igitur

126 2409 172 2460 illa
185 2410 249 2460 felix
262 2421 308 2461 tua
321 2421 348 2461 et
366 2411 536 2462 sanctissima
552 2411 641 2462 anima
655 2411 688 2460 ad
704 2410 813 2473 inferos,
829 2413 945 2463 educens
958 2413 1063 2463 vinctos
1078 2411 1111 2462 de
1125 2413 1241 2463 tenebris

125 2491 152 2531 et
165 2482 260 2532 umbra
273 2483 377 2533 mortis.
393 2483 542 2534 Descendat
555 2492 582 2532 et
594 2497 676 2540 nunc,
691 2482 753 2532 Jesu
775 2483 939 2544 misericors,
964 2499 1010 2549 per
1032 2484 1101 2533 hanc
1114 2483 1241 2534 ineffabi-

125 2551 178 2600 lem
190 2552 315 2616 pietatem
332 2563 415 2612 tuam,
430 2553 515 2619 gratia
536 2563 562 2603 et
582 2553 766 2603 misericordia
790 2563 836 2605 tua
855 2570 937 2620 super
957 2554 1061 2604 animas
1075 2554 1238 2606 famulorum

124 2620 340 2688 famularumque
351 2635 467 2683 tuarum,
481 2633 622 2690 parentum
636 2634 662 2673 et
675 2624 891 2691 propinquorum
905 2641 1037 2686 meorum,
1053 2625 1239 2688 familiarium,

124 2692 322 2742 benefactorum
335 2704 362 2743 et
375 2695 670 2756 recommendatorum;
686 2703 716 2744 ut
730 2709 774 2744 eas
787 2711 802 2745 a
816 2696 908 2761 poenis
917 2712 984 2762 quas
995 2713 1043 2763 pro
1054 2695 1166 2763 peccatis
1180 2697 1238 2748 suis

124 2776 262 2816 merentur
272 2765 381 2831 eripias,
395 2778 421 2817 et
434 2767 467 2816 ad
482 2766 579 2832 gaudia
588 2777 687 2817 aeterna
703 2768 841 2832 perducas.
856 2769 952 2820 Amen.
