2626 4328
114 297 167 364 754

116 428 185 463 surr
210 430 236 464 nt
259 415 422 466 Jrnusacrn.
444 443 474 452 -
503 411 650 464 Considera

117 486 170 544 hic,
199 490 336 553 quomodo
363 487 498 538 Dominus
518 487 595 535 Jesus
618 486 651 533 de

117 560 174 609 suis
187 562 320 611 sollicitus
335 562 394 610 fuit.
408 561 476 609 Nam
488 560 579 610 statim
588 574 650 608 cum

118 632 226 681 evanuit
240 633 273 681 ab
287 632 373 681 oculis
388 647 492 690 eorum,
511 630 585 680 misit
596 631 651 679 An-

117 702 190 767 gelos
222 718 285 751 suos
315 719 321 751 ε
349 713 406 751 tum
435 713 465 752 ut
491 711 601 751 moestos
617 700 650 749 de

119 774 241 823 absentia
261 774 372 824 Domini
395 776 597 824 consolarentur
625 783 650 823 et

118 846 317 907 confortarent;
354 856 411 896 tum
441 856 471 897 ut
501 862 563 896 eum
589 861 651 894 vere

117 915 269 965 ascendisse
298 916 326 965 in
355 920 463 980 coelum,
493 917 593 967 scilicet
621 916 650 964 in

118 985 256 1050 regionem
281 988 457 1052 Angelorum,
481 989 651 1037 demonstra-

118 1066 186 1114 rent,
214 1072 269 1104 non
289 1057 358 1107 sicut
378 1057 490 1108 Henoch
516 1069 541 1107 et
566 1057 650 1116 Elias,

117 1129 164 1194 qui
196 1131 314 1180 translati
349 1142 412 1181 sunt
441 1132 469 1180 in
496 1131 650 1196 paradisum

116 1209 282 1257 terrestrem,
307 1201 355 1266 qui
379 1202 440 1251 licet
461 1202 585 1251 eminens
607 1200 650 1259 sit,

117 1279 223 1320 tantum
248 1271 377 1336 pertingit
402 1273 579 1321 sublunarem
606 1287 651 1320 re-

117 1341 242 1405 gionem;
259 1356 317 1392 tum
341 1358 373 1392 ne
401 1343 504 1392 diutius
531 1343 567 1392 ibi
590 1359 651 1392 mo-

117 1427 240 1465 rarentur
253 1426 279 1465 et
296 1417 412 1466 nimium
430 1417 469 1465 ibi
485 1427 586 1466 stantes
609 1415 651 1465 fa-

118 1487 276 1552 tigarentur,
305 1488 351 1535 sed
378 1487 468 1551 potius
491 1488 650 1546 recedentes,

115 1558 323 1622 promissionem
342 1557 438 1606 Patris
452 1564 651 1621 exspectarent.

119 1626 231 1690 Angelis
255 1627 346 1691 itaque
369 1628 578 1691 disparentibus,
599 1629 652 1694 ipsi

121 1699 147 1748 in
174 1698 231 1747 loco
268 1699 311 1747 nbi
342 1705 471 1748 steterunt
506 1700 652 1749 novissime

117 1769 201 1833 pedes
227 1770 301 1834 ejice,
331 1772 472 1820 adorantes
497 1769 651 1830 Christum,

121 1838 224 1887 scilicet
239 1841 325 1888 Deum
343 1850 369 1889 ct
389 1840 539 1900 hominem,
554 1850 584 1890 ut
597 1842 652 1890 Deo

121 1910 299 1973 personaliter
313 1911 431 1968 unitum,
446 1912 548 1960 reversi
560 1917 622 1961 sunt
635 1926 653 1961 a

120 1987 207 2028 monte
222 1980 267 2044 qui
281 1987 393 2030 vocatur
415 1982 520 2043 Oliveti,
545 1992 654 2046 propter

120 2049 226 2112 copiam
257 2050 398 2112 olivarum,
424 2051 529 2112 sabbati
555 2051 653 2101 habens

122 2118 183 2177 iter,
201 2119 227 2167 id
244 2131 282 2169 est
299 2121 395 2171 itinere
419 2122 532 2180 sabbati,
550 2122 653 2171 scilicet

121 2193 209 2256 spatio
225 2194 346 2244 milliarii
365 2196 467 2245 distans
490 2196 522 2245 ab
543 2196 652 2245 Jerusa-

121 2262 175 2311 lem
192 2264 343 2328 :quianon
362 2265 488 2330 ampliori
507 2265 593 2330 spatio
616 2267 652 2315 li-

121 2334 196 2383 cebat
218 2335 317 2385 ludaris
340 2337 463 2401 progredi
487 2336 515 2385 in
541 2337 651 2386 sabbato

121 2407 154 2456 de
168 2408 230 2457 villa
247 2412 289 2458 vel
315 2410 420 2460 civitate
446 2410 473 2459 in
495 2426 548 2476 qua
562 2421 649 2474 erant;

121 2479 166 2526 sed
187 2479 258 2527 circa
279 2495 326 2544 per
347 2481 423 2530 mille
449 2496 543 2545 passus
559 2481 651 2530 deam-

121 2548 213 2597 bulare
228 2560 358 2612 poterant.
371 2553 456 2601 Vetus
471 2552 554 2601 editio
571 2553 652 2602 habet

121 2635 135 2669 a
150 2634 240 2670 monte
253 2624 335 2672 trium
347 2625 491 2674 luminum.
505 2626 548 2675 Sic
561 2636 650 2675 autem

121 2691 209 2742 dictus
223 2704 263 2743 est
278 2711 358 2744 mons
377 2696 476 2746 Oliveti
501 2713 506 2745 :
531 2697 594 2762 quia
618 2698 651 2746 de

122 2775 199 2812 nocte
222 2780 254 2814 ex
278 2775 351 2830 parte
370 2766 524 2815 Occidentis
540 2767 652 2815 illumi-

122 2836 236 2887 nabatur
250 2837 312 2903 igne
328 2837 431 2902 templi,
448 2837 494 2887 ubi
507 2848 562 2888 erat
581 2838 652 2903 ignis

121 2908 192 2974 iugis
207 2911 236 2959 in
251 2910 340 2975 altari3
354 2926 432 2959 mane
447 2920 545 2976 aparte
558 2911 653 2960 Orien-

122 2979 156 3028 tis
183 2981 271 3045 primo
295 2981 443 3046 excipiebat
464 2981 553 3032 radios
576 2982 651 3042 soliS,

123 3061 270 3116 antequam
299 3053 464 3102 illustrarent
491 3052 651 3117 civitatem;

122 3120 237 3172 habebat
261 3124 342 3173 etiam
367 3124 471 3189 copiam
496 3124 557 3183 olei,
579 3124 652 3190 quod

122 3200 163 3240 est
176 3192 291 3242 luminis
305 3193 466 3243 fomentum.
482 3194 521 3243 Et
532 3194 654 3258 regressi

122 3271 184 3314 sunt
200 3266 226 3314 in
238 3265 389 3315 Jerusalem
404 3280 461 3315 cum
474 3265 578 3330 gaudio
592 3280 652 3314 ma-

121 3347 185 3396 gno,
212 3335 276 3400 quia
301 3334 391 3384 omnia
420 3333 547 3400 mysteria
577 3344 653 3383 erant

122 3404 232 3468 impleta
268 3408 296 3457 in
329 3405 447 3457 Christo.
483 3407 653 3456 Laetabantur

121 3483 210 3524 autern
226 3478 259 3526 de
279 3477 327 3528 Dei
346 3488 372 3528 et
393 3477 503 3527 Domini
528 3478 571 3527 sui
593 3479 653 3544 glo-

121 3542 279 3606 rificatione,
303 3565 384 3613 quem
406 3559 465 3613 post
480 3547 651 3614 triumphum

121 3616 336 3669 Resurrectionis
350 3620 431 3670 etiam
453 3621 533 3670 coelos
549 3636 652 3685 cogno-

124 3696 215 3735 verant
241 3701 404 3752 penetrasse,
432 3700 458 3738 et
483 3691 516 3739 de
538 3689 651 3739 humani

121 3758 227 3822 generis
250 3761 381 3823 completa
400 3760 600 3826 redemptione;
619 3761 652 3809 de

121 3828 314 3880 restauratione
333 3829 416 3878 ruinae
431 3831 606 3894 Angelorum,
626 3841 652 3880 et

112 3903 148 3952 de
162 3904 313 3970 dejectione
324 3904 498 3969 daemonum;
514 3906 547 3954 de
560 3903 625 3954 conf
642 3932 651 3941 -

395 295 569 350 SECUNDAE
585 292 708 342 PARTlS
723 290 840 343 CAPUT
855 293 983 344 LXXXII.

705 408 782 459 sione
796 410 950 460 Judaeorum
972 407 1132 472 infidelium,
1159 418 1188 460 et
1207 411 1241 462 de

706 479 823 544 Spiritus
834 481 925 530 Sancti
938 479 1126 546 promissione,
1142 480 1177 530 de
1192 480 1241 532 hu·

706 567 791 602 manae
822 564 923 602 naturae
960 553 1130 615 exaltatione,
1153 563 1181 603 et
1207 555 1241 604 de

704 633 773 672 certa
796 639 844 688 spe
867 623 999 688 generalis
1029 623 1239 674 resurrectionis

704 704 729 742 et
759 695 926 745 ascensionis
969 696 1076 745 futurae.
1109 697 1148 744 Ex
1184 711 1240 762 quo

704 768 777 817 enirn
794 780 874 833 caput
892 778 1070 819 resurrexerat
1095 779 1120 818 et
1142 784 1241 819 ascen-

704 841 787 900 derat,
812 842 885 892 idem
918 854 944 892 et
967 844 1000 890 de
1026 842 1156 891 membris
1191 858 1239 908 pro

705 920 774 960 certo
790 927 895 975 sperare
910 923 1042 978 poterant.
1057 913 1132 962 Hanc
1146 923 1239 963 autem

704 983 828 1032 ultimam
855 985 1056 1049 processionem
1085 985 1239 1049 discipulo-

705 1070 765 1104 rum
789 1066 849 1120 post
876 1057 979 1116 Jesurn,
1004 1056 1051 1122 qui
1072 1057 1240 1109 unanimiter

705 1138 770 1178 sunt
791 1128 889 1193 egressi
911 1139 937 1177 et
963 1140 1054 1193 postea
1071 1128 1240 1180 unanimiter

705 1209 768 1247 sunt
784 1199 907 1264 regressi,
929 1210 1104 1263 repraesentat
1122 1200 1240 1250 Ecclesia

705 1271 856 1321 Dominicis
887 1272 981 1321 diebus
1012 1272 1177 1336 egrediendo
1208 1273 1240 1322 de

705 1344 823 1403 ecclesia,
836 1355 862 1395 ct
879 1345 1014 1394 redeundo
1026 1346 1058 1394 ad
1072 1361 1141 1404 eam,
1160 1346 1238 1412 quasi

705 1415 909 1476 de,Jerusalem,
925 1416 1030 1465 rediens
1043 1417 1068 1465 in
1080 1417 1238 1466 Jerusalem.

706 1487 783 1536 Unde
801 1487 830 1536 in
856 1504 887 1537 eo
903 1489 975 1553 quod
990 1489 1022 1537 de
1037 1487 1149 1538 ecclesia
1163 1504 1240 1554 egre-

705 1557 797 1607 dimur
811 1574 918 1608 crucem
935 1559 1045 1608 Domini
1061 1558 1238 1625 praeferendo,

705 1639 930 1692 repraesentamus
960 1629 1032 1693 quod
1065 1629 1105 1677 illi
1138 1631 1239 1695 egressi

706 1709 779 1762 sunt,
808 1711 944 1765 praeeunte
969 1700 1119 1762 Crucifixo;
1150 1701 1180 1750 in
1208 1717 1238 1752 eo

705 1781 795 1820 autem
811 1772 884 1835 quod
904 1787 965 1820 cum
982 1786 1058 1819 cruce
1072 1770 1186 1820 Domini
1203 1787 1240 1821 re-

706 1840 805 1900 dimus,
821 1841 883 1890 licet
904 1841 949 1890 ille
971 1841 1030 1890 sine
1047 1840 1184 1891 Crucifixo
1197 1857 1240 1891 re·
1302 1903 1305 1910 Ι

705 1909 816 1969 diesim,
836 1922 1070 1976 repraesentamus‚
1087 1913 1164 1976 quod
1180 1911 1237 1961 ait:

705 1982 777 2031 Ecce
791 1983 924 2033 vobiscum
941 1998 999 2032 suin
1017 1983 1151 2047 usquead
1172 1997 1237 2033 con-

707 2054 905 2104 summationem
923 2055 1014 2116 secuti,
1028 2054 1092 2120 quia
1109 2055 1171 2104 licet
1185 2069 1239 2104 non

706 2124 813 2173 redierit
839 2125 990 2175 Crucifixus
1018 2142 1079 2175 cum
1105 2127 1145 2176 eis
1166 2141 1237 2192 prae-

706 2195 790 2245 sentia
804 2197 944 2261 corporali,
963 2197 1041 2246 rediit
1062 2209 1154 2246 tamen
1177 2212 1238 2247 cum

705 2267 744 2316 eis
765 2267 908 2331 praesentia
932 2267 1075 2333 spirituali.
1092 2269 1121 2316 ln
1147 2266 1240 2332 primi-

706 2338 758 2388 tiva
777 2348 864 2387 autem
883 2336 1004 2388 Ecclesia
1020 2339 1178 2402 hujusmodi
1195 2353 1239 2388 re-

704 2410 876 2475 praesentatio
891 2409 970 2460 fiebat
984 2410 1079 2475 quinta
1092 2408 1168 2468 feria,
1181 2426 1240 2476 quae

702 2492 767 2530 tunc
782 2480 914 2529 solemnis
930 2491 986 2530 erat
1003 2496 1052 2544 pro
1066 2480 1239 2530 veneratione

702 2551 876 2600 Ascensionis
890 2551 959 2600 sicut
973 2551 1059 2616 prima
1072 2550 1149 2610 feria,
1164 2550 1240 2600 scili-

703 2630 743 2669 cet
766 2621 823 2670 dies
849 2620 991 2670 Dominica
1019 2636 1068 2686 pro
1092 2620 1239 2670 reverentia

704 2693 927 2742 Resurrectionis.
954 2694 1004 2742 Sed
1025 2691 1088 2758 quia
1110 2707 1240 2758 superve-

705 2771 802 2810 nerunt
831 2762 899 2811 festa
923 2764 1094 2826 Sanctorum,
1121 2772 1148 2811 et
1170 2761 1240 2812 cele-

705 2832 781 2881 brare
796 2841 835 2881 tot
847 2833 913 2883 festa
926 2845 981 2883 erat
994 2835 1071 2900 quasi
1082 2849 1239 2892 onerosum,

705 2905 763 2953 ideo
793 2906 949 2956 solemnitas
975 2907 1076 2972 quintae
1102 2906 1176 2957 feriae
1200 2916 1241 2957 est

705 2975 818 3038 sublata,
830 2987 855 3026 et
870 2978 1004 3042 processio
1019 2978 1052 3027 ad
1067 2976 1241 3029 Dominicam

705 3049 841 3099 translata.

741 3134 773 3182 14
785 3119 912 3168 Vrsrrora
927 3138 943 3168 Α
962 3120 1081 3169 Crrnrsro
1099 3135 1126 3168 tn
1150 3136 1241 3170 nourr:

706 3189 821 3255 Ostrerr
837 3205 958 3240 narrcrn.
974 3219 1005 3226 -
1022 3191 1060 3239 De
1075 3190 1132 3239 loco
1148 3201 1241 3240 autem

705 3263 872 3312 ascensionis
894 3263 958 3312 dicit
975 3264 1110 3328 Snlpitius
1121 3264 1242 3329 ¹Episco-

706 3349 756 3398 pus
771 3334 1020 3398 Jerosolymitanus,
1036 3334 1108 3399 quod
1123 3349 1188 3383 curn
1200 3333 1242 3384 ibi

707 3414 797 3467 postea
812 3403 941 3454 aedificata
951 3416 1021 3456 esset
1031 3405 1151 3464 ecclesia,
1163 3406 1241 3455 locus

706 3475 750 3523 ille
765 3475 793 3523 in
808 3490 862 3540 quo
877 3485 1008 3525 steterunt
1025 3476 1128 3525 Christi
1142 3491 1241 3526 ascen-

705 3545 794 3595 dentis
823 3545 952 3610 vestigia,
981 3562 1121 3611 nunquam
1151 3546 1243 3612 potuit

705 3616 788 3665 sterni
805 3616 959 3680 pavimento
982 3618 1168 3681 postmodum,
1183 3617 1241 3667 imo

706 3688 859 3738 resiliebant
880 3704 1013 3738 marmora
1036 3689 1063 3738 in
1090 3705 1136 3738 ora
1161 3689 1243 3739 collo-

704 3759 832 3810 cantium.
856 3761 955 3810 Calcati
977 3762 1059 3811 etiam
1083 3777 1097 3810 a
1121 3761 1242 3812 Domino

705 3832 822 3895 pulveris
848 3831 899 3881 hoc
922 3832 987 3881 dicit
1010 3849 1068 3882 esse
1087 3833 1241 3882 documen-

705 3915 773 3964 tum,
792 3905 865 3969 quod
888 3905 1001 3970 vestigia
1025 3906 1158 3971 impressa
1178 3921 1241 3956 cer-
