2626 4328
299 186 346 236 DE
362 186 662 238 RESURRECTIONE
678 187 805 237 DOMINI
824 186 962 238 NOSTRl.

82 302 217 364 surrexit3
249 300 332 362 item,
364 301 480 366 Spiritus
505 301 617 350 Sanctus

82 375 160 424 datus
179 383 219 422 est
242 373 270 422 in
285 389 315 422 ea
329 372 484 438 Apostolis;
500 371 574 431 item,
587 372 616 421 in

81 461 112 496 ea
126 460 221 494 omnes
237 451 422 510 resurgemus,
447 453 527 509 atque
543 442 616 508 judi-

82 514 222 576 cabimur;
237 514 311 572 item,
325 514 353 562 in
364 529 393 563 ea
404 513 615 563 continuandum

82 595 122 636 est
148 595 277 650 perpetuo
305 584 333 633 in
359 585 436 634 laude
462 582 520 633 Dei.
538 583 616 633 Unde

82 656 236 720 Gregorius
247 674 255 706 ,’
266 675 279 701 u
288 657 361 705 Hanc
371 666 439 705 recte
448 653 614 704 nobilitatem

81 725 260 776 solemnitatis
283 725 383 784 dicam,
400 726 464 792 quia
483 724 615 774 solemni-

84 807 137 847 tate
167 807 266 847 ceteras
285 797 424 847 antecedit.
440 797 515 846 Sicut
542 795 614 846 enim

82 869 111 919 in
127 885 203 920 sacro
218 868 326 936 eloquio
343 882 431 919 sancta
449 878 613 926 sanctorum,

80 941 122 991 vel
148 940 251 989 cantica
278 940 461 999 canticorum,
495 955 543 1004 pro
571 937 613 987 sui

82 1011 268 1076 magnitudine
282 1011 421 1067 dicuntum
439 1010 475 1061 ita
491 1011 548 1060 haec
571 1008 613 1058 fe-

81 1083 185 1134 stivitas
198 1093 266 1133 recte
285 1082 336 1131 dici
350 1093 437 1147 potest
457 1081 613 1133 solemnitas

82 1154 293 1204 solemnitatum.
317 1154 355 1202 Ex
374 1154 423 1203 hac
439 1153 539 1219 quippe
566 1167 613 1202 so·

82 1226 219 1276 lemnitate
240 1227 391 1290 exemplum
415 1225 495 1275 nobis
520 1240 613 1274 resur-

82 1299 209 1348 rectionis
224 1299 315 1348 datum
336 1309 385 1358 est,
413 1314 474 1363 spes
498 1297 613 1348 coelestis

82 1371 174 1435 patriae
208 1380 310 1435 aperta,
342 1380 367 1419 et
400 1369 466 1419 facta
501 1368 612 1434 superni

82 1443 157 1508 regni
183 1445 236 1506 jam
269 1441 489 1507 praesumptibilis
519 1441 612 1507 gloria.

83 1513 135 1562 Per
157 1513 227 1562 hanc
250 1512 327 1561 electi
357 1513 404 1577 qui
432 1512 556 1578 quamvis
583 1512 612 1561 in

84 1581 277 1647 tranquilitatis
320 1580 383 1630 sinu
423 1590 512 1631 tamen
543 1581 613 1646 apud

84 1653 183 1705 inferni
199 1654 313 1703 claustra
327 1652 497 1716 tenebantur,
512 1654 545 1703 ad
565 1669 614 1718 pa-

85 1725 168 1775 radisi
194 1740 299 1774 amoena
322 1724 421 1773 reducti
452 1734 524 1774 sunt.
550 1724 614 1782 Quae

84 1805 125 1846 est
139 1811 202 1860 ergo
219 1795 269 1843 ista
284 1794 449 1856 solemnitas,
461 1809 522 1860 quae
536 1793 615 1842 infer-

84 1868 112 1918 ni
124 1868 237 1917 claustra
252 1866 391 1925 destruxit,
410 1877 436 1916 et
449 1867 543 1930 januas
564 1881 615 1915 no·

84 1937 127 1987 bis
141 1937 215 2002 regni
231 1936 346 1986 coelestis
359 1936 486 2001 aperuit?
501 1955 514 1983 n
539 1936 615 1987 Unde

85 2019 111 2057 et
123 2007 294 2072 Augustinus
309 2023 315 2055 ι
332 2025 345 2052 u
358 2007 478 2057 Alacrior
492 2006 550 2057 dies
569 2006 615 2056 illa

85 2078 206 2142 refulget,
216 2093 270 2126 non
278 2077 423 2128 densitatis
435 2078 616 2129 soliscirculis

85 2150 236 2200 illuminata
248 2150 459 2214 praeclarius,sed
469 2152 502 2201 de
513 2150 617 2201 lumine

85 2220 155 2286 ligni
183 2219 345 2284 resurgentis
369 2220 499 2271 illustrata
530 2222 615 2271 subli-

86 2291 168 2340 mius.
188 2291 243 2338 Hac
270 2289 343 2338 enim
368 2290 412 2340 die
435 2291 616 2358 Sol'justitiae

88 2360 212 2410 Christus
236 2360 356 2409 ascendit
386 2362 419 2411 ab
451 2361 566 2422 inieris,
591 2372 616 2412 et

89 2428 187 2479 idcirco
208 2431 346 2494 pulsemus
372 2431 500 2480 citharam
521 2433 615 2489 David,

89 2509 213 2548 canentes
229 2500 319 2549 :Haec
337 2506 378 2550 est
389 2499 447 2550 dies
458 2517 536 2566 quom
553 2502 617 2560 fecit

88 2570 228 2633 Dominus,
259 2570 425 2620 exsultemus
442 2579 468 2622 et
497 2573 617 2623 laetemur

88 2643 116 2693 in
135 2657 176 2693 ea.
203 2643 422 2708 Contemplemur
441 2644 514 2694 hunc
535 2646 617 2706 diem,

87 2715 194 2780 qualem
224 2724 327 2763 noctem
362 2714 484 2765 habuerit
506 2716 619 2780 genitri-

88 2799 154 2834 cem.
171 2785 229 2833 Nox
246 2799 306 2850 quae
322 2785 418 2834 coelum
437 2784 619 2836 luminaribus

89 2854 219 2913 imitatur,
247 2855 302 2904 imo
331 2855 360 2904 in
389 2872 442 2922 qua
468 2858 565 2908 coelum
593 2868 620 2908 et

88 2937 159 2976 terra
180 2927 313 2988 laetantur,
336 2943 390 2977 nox
409 2928 484 2980 bonae
508 2931 620 2996 parturi·

89 2998 182 3059 tionis,
198 3015 251 3048 nox
263 3001 296 3049 de
305 3015 358 3064 qua
375 2999 493 3050 dicitur:
511 3001 550 3051 Et
563 3017 619 3052 nox

90 3071 160 3120 sicut
174 3071 231 3119 dies
245 3070 450 3134 illuminabitur,
466 3081 492 3121 et
507 3072 540 3121 ab
561 3072 619 3137 ipsa

90 3145 133 3191 est
141 3140 200 3190 dies
214 3156 292 3206 quam
310 3142 380 3206 fecit
398 3141 536 3205 Dominus,
561 3144 620 3193 dies

89 3209 258 3260 Dominicus.
287 3211 320 3260 Et
346 3222 415 3262 recte
436 3211 493 3262 dies
522 3212 620 3263 dicitur

89 3281 176 3339 lucis,
203 3280 231 3330 in
260 3296 314 3346 quo
345 3279 473 3346 fugerunt
502 3283 620 3333 tenebrae

90 3349 227 3400 caecitatis.
243 3351 463 3402 Exclamaverunt
483 3352 530 3419 qui
546 3363 621 3403 erant

92 3423 119 3472 in
129 3423 241 3488 regione
255 3419 356 3473 umbr'ae
367 3424 468 3486 mortis,
482 3424 546 3491 quia
569 3425 621 3475 lux

91 3498 154 3543 orta
179 3498 220 3542 est
242 3493 281 3542 eis
304 3511 312 3544 :
333 3494 438 3544 laetetur
453 3503 531 3554 terra,
557 3494 621 3561 quia

92 3579 190 3614 novam
223 3563 311 3614 lucem
339 3564 416 3627 vidit,
448 3565 571 3616 laetentur
595 3576 621 3616 et

91 3635 197 3700 Angeli,
210 3634 274 3701 quia
288 3634 469 3699 peccatoribus
489 3634 622 3685 Dominus

91 3708 238 3760 claritatem
275 3708 355 3758 dedit.
395 3707 621 3759 Contremuerunt

71 3777 172 3831 -inferi
200 3779 358 3830 sustinendo
380 3779 551 3844 splendorem
579 3778 622 3828 in-

1095 252 1097 256 .
1146 189 1198 258 ur

672 301 791 360 solitum,
812 310 837 352 et
854 301 1023 353 incurvatum
1053 314 1093 355 est
1120 322 1201 358 omne

671 388 741 440 genu
758 374 866 425 Christo
888 375 1015 435 Domino,
1039 378 1197 440 coelestium,

670 445 835 496 terrestrium
853 455 878 496 et
901 446 1078 499 infernorum.
1101 451 1200 502 Omnia

669 530 732 582 ergo
754 517 895 567 nobiscum
919 518 999 568 hodie
1019 520 1198 585 triumphant,

669 596 694 635 et
710 587 816 652 Angeli,
829 597 855 638 et
873 589 1043 655 Archangeli,
1068 592 1200 658 ceterique

670 660 808 710 beatorum
823 661 968 726 spirituum
984 663 1090 719 ordines
1112 665 1202 716 nobis-

669 746 730 780 cum
758 730 824 782 festa
851 734 1042 784 concelebrant.
1059 736 1114 785 Nos
1129 751 1201 801 quo-

668 817 721 867 que
743 801 870 852 initamur
884 805 1046 855 cantilenam
1067 816 1200 856 cantantes

667 872 770 923 cantica
793 873 918 937 coelestia,
941 890 1002 939 quae
1029 875 1117 926 adhuc
1146 877 1200 926 hu-

668 959 747 993 mana
771 953 876 994 cantare
903 960 959 994 non
982 955 1068 1010 potest
1094 947 1193 1012 lingua.

669 1014 842 1064 Exsultemus
864 1031 929 1081 ergo
955 1015 983 1064 in
1007 1016 1135 1077 Domino,
1153 1017 1199 1067 sed

668 1083 694 1132 in
710 1083 817 1143 timore,
839 1101 893 1135 non
918 1085 1030 1136 remissa
1051 1087 1199 1137 securitate.

668 1157 734 1206 Nam
759 1166 785 1206 et
802 1157 895 1208 beatus
915 1158 1029 1207 Joannes
1057 1174 1201 1223 praecursor

666 1230 816 1279 exsultavit
830 1231 856 1280 in
879 1236 955 1280 utero
967 1231 1077 1289 matris,
1091 1232 1136 1281 sed
1153 1232 1196 1281 vi-

668 1315 734 1349 num
760 1315 815 1348 non
838 1300 915 1361 bibit,
940 1310 1072 1366 praecepto
1098 1302 1194 1366 Angeli

668 1369 809 1419 Gabrielis.
835 1370 890 1419 Nos
911 1380 1000 1419 autem
1022 1369 1069 1435 qui
1096 1369 1198 1421 infirmi

667 1456 770 1498 sumus,
806 1441 895 1492 sobrie
925 1440 1058 1500 bibamus,
1086 1442 1198 1491 modum

668 1526 720 1561 non
749 1512 915 1571 excedamus,
940 1522 970 1561 ut
996 1510 1087 1561 laetitia
1103 1522 1194 1562 nostra

667 1597 728 1632 cum
742 1583 916 1633 exsultatione
925 1583 1026 1632 nullam
1039 1582 1134 1632 sentiat
1144 1599 1199 1632 cor-

667 1652 741 1718 poris
757 1663 957 1717 tempestatem,
972 1654 1017 1702 sed
1029 1668 1076 1717 per
1090 1653 1196 1703 sobrie-

668 1725 729 1774 tatis
745 1725 924 1784 serenitatem,
940 1736 1048 1790 portum
1064 1725 1196 1776 intremus

667 1795 819 1846 salutarem.
851 1795 1007 1861 Accipimus
1034 1794 1196 1858 jejuniorum

668 1865 793 1931 palmam,
807 1865 956 1916 festivitatis
971 1881 1024 1915 non
1040 1866 1195 1916 amittamus

667 1935 816 1996 victoriam,
852 1951 935 2001 quam
977 1935 1057 1986 nobis
1096 1937 1197 1986 tribuat

668 2007 803 2057 Dominus
816 2007 942 2058 Christus
956 2008 1115 2071 adjuvand0,
1135 2005 1199 2072 quia

668 2076 732 2127 vicit
754 2076 782 2125 in
805 2076 884 2126 nobis
902 2076 1034 2140 patiendo,
1061 2087 1091 2126 ut
1116 2077 1199 2142 digno

668 2148 788 2198 carmine
815 2147 1016 2213 triumphemus
1040 2159 1199 2198 cantantes:

668 2222 805 2285 Absorpta
822 2227 862 2270 est
875 2234 947 2270 mors
967 2220 993 2268 in
1006 2219 1138 2282 uictoria,
1153 2220 1199 2268 al-

669 2290 760 2340 leluia.
776 2289 889 2354 ignitam
908 2289 1008 2355 quippe
1033 2289 1198 2354 romphaeam

670 2361 752 2421 illam,
781 2370 807 2411 et
833 2359 947 2426 paradisi
968 2361 1086 2424 januam,
1118 2376 1200 2426 quam

670 2431 761 2482 nullus
790 2429 930 2496 effringere
956 2429 1052 2494 potuit,
1080 2429 1130 2480 hac
1157 2431 1200 2481 die

670 2501 794 2552 Christus
827 2516 889 2551 cum
928 2500 1029 2549 latrone
1066 2501 1201 2560 reseravit,

670 2573 762 2623 dicens
783 2572 816 2623 ad
841 2573 957 2638 Angelos
979 2573 1113 2638 :Aperite
1136 2573 1201 2624 nini

667 2649 764 2710 portas
770 2642 898 2710 justitiae,
913 2649 938 2693 et
955 2643 1097 2708 ingressus
1112 2643 1138 2693 in
1153 2656 1200 2692 eas

671 2716 814 2782 confitebor
827 2715 950 2766 Domino.
966 2715 1007 2764 Ex
1021 2730 1052 2766 eo
1069 2715 1200 2764 nimirum

671 2797 790 2850 tempore
815 2802 869 2852 quo
891 2801 984 2851 passus
997 2796 1037 2835 est
1052 2786 1196 2841 Dominus,

672 2868 748 2924 porta
762 2857 820 2906 haec
833 2867 860 2907 et
871 2857 958 2906 clausa
973 2865 999 2905 et
1014 2865 1125 2905 reserata
1142 2864 1197 2904 est:

671 2930 761 2978 clausa
775 2927 885 2992 quidem
899 2925 1045 2975 incredulis
1067 2934 1093 2974 et
1113 2939 1203 2988 pecca-

672 2999 785 3058 toribus,
798 3005 910 3047 reserata
925 3011 988 3045 vero
1004 2995 1081 3058 justis
1099 3005 1125 3044 et
1143 3010 1201 3046 cre-

672 3069 807 3121 dentibus.
832 3066 974 3125 Quomodo
987 3066 1070 3115 Mater
1092 3065 1200 3115 Domini

672 3139 747 3203 virgo
769 3137 852 3187 Maria
873 3136 943 3186 inter
962 3151 1056 3186 omnes
1076 3135 1202 3185 mulieres

673 3210 852 3278 principatum
886 3218 981 3272 tenet;
1008 3207 1043 3258 ita
1071 3218 1098 3258 et
1134 3209 1203 3258 inter

672 3293 773 3332 ceteros
797 3279 855 3331 dies
881 3279 938 3330 haec
963 3279 1085 3330 omnium
1120 3289 1204 3330 mater

673 3363 722 3403 est.
745 3352 807 3401 Haec
827 3350 884 3400 dies
905 3360 944 3400 est
968 3366 1023 3401 una
1043 3351 1076 3400 de
1090 3360 1202 3415 septem.

673 3432 699 3474 et
714 3431 788 3474 extra
801 3432 915 3486 septem.
931 3421 992 3471 Haec
1005 3430 1046 3472 est
1062 3422 1130 3484 dies,
1142 3436 1204 3486 quae

674 3492 822 3558 appellatur
837 3500 937 3551 octava,
959 3492 1031 3541 unde
1053 3501 1079 3542 et
1093 3491 1121 3541 in
1137 3490 1203 3557 qui-

674 3563 788 3613 busdam
812 3563 979 3628 psalmorum
998 3561 1090 3612 titulis
1109 3576 1204 3627 super-

674 3633 803 3685 scribitur
824 3651 833 3684 .·
857 3629 915 3684 Pro
939 3639 1043 3684 octava.
1070 3632 1133 3683 Haec
1164 3641 1205 3681 est

675 3704 741 3764 dies,
759 3703 788 3754 in
808 3719 862 3770 qua
887 3718 1022 3770 synagoga
1049 3701 1152 3766 finitur,
1176 3709 1204 3750 et

676 3776 794 3830 Ecclesia
805 3774 933 3829 nascitur.
953 3777 1016 3828 llaec
1030 3785 1071 3827 est
1091 3775 1149 3825 dies
1174 3772 1203 3822 in
