2626 4328
170 224 343 275 EPILOGUS
358 223 544 274 DOMiNlCAE
562 205 736 274 Paestoul‘s
753 221 799 272 ET
813 221 861 273 DE
879 223 996 275 LAUDE
1017 225 1150 277 CRUCIS.
1197 225 1253 295 645

130 342 159 392 hi
182 341 303 392 carmine
322 349 349 390 et
374 354 465 390 amore
490 337 661 397 venerabilis,

60 442 64 449 »
129 427 232 478 mper-
248 411 382 477 inusejur
397 411 424 460 in
441 423 571 472 menen,
586 418 613 459 et
632 409 660 460 in

127 486 206 535 corde
217 483 361 534 exsultatio
374 483 540 546 sempiterna
554 496 661 546 perarm-

128 568 197 609 neat.
215 557 271 606 Vos
296 571 406 622 quoque
422 571 526 620 precor,
540 554 662 605 maiestas

128 628 219 693 plebes
237 628 415 692 Angelorum,
440 626 598 690 animasque
615 624 661 688 iu-

127 709 242 759 storum,
264 698 312 764 qui
339 697 365 746 in
394 706 536 762 conspectu
561 695 660 746 divine

128 769 273 835 maiestatis
296 769 425 818 veraciter
448 767 606 828 exsultatis,
630 777 662 817 ut

127 841 198 892 sicut
230 840 342 891 ollrltda
368 839 430 890 sine
452 838 609 898 cessatione,
632 848 661 889 et

125 913 210 964 Amen
246 912 302 961 Deo
330 910 441 960 Christo
469 910 498 960 in
530 918 661 960 aetmnutu

126 983 253 1047 cantatis3
273 982 311 1032 ita
330 997 439 1048 quoque
456 991 577 1033 oosuam
596 995 660 1031 sor-

125 1064 180 1105 tem
214 1053 339 1120 precibus
365 1053 488 1117 adjuvare
520 1050 658 1111 studeatis,

124 1134 259 1191 quatenus
270 1123 462 1174 beatittuiinem
476 1138 566 1173 reram
575 1137 658 1188 quam

124 1197 222 1248 tenetis
236 1197 290 1261 iam
305 1194 428 1259 perfecte,
443 1195 551 1245 tandem
570 1203 596 1243 et
609 1209 659 1244 nos

124 1282 171 1333 per
189 1267 302 1333 gratiam
317 1266 419 1316 Christi
432 1264 659 1316 mereamuracci-

123 1354 204 1405 pere:
213 1359 228 1386 s>
243 1339 302 1390 haec
316 1338 454 1388 Rabanus.
464 1337 541 1387 Unde
551 1346 580 1386 et
591 1336 659 1388 Cas-

123 1409 249 1460 siodorus
271 1427 279 1459 :
301 1409 376 1460 Crux
389 1418 432 1458 est
446 1406 592 1456 humilium
611 1405 658 1456 in-

124 1481 193 1532 victa
216 1480 304 1540 tuitio,
335 1479 513 1545 superborum
536 1477 657 1543 abiectio,

125 1551 236 1602 victoria
265 1550 376 1610 Christi,
403 1549 518 1616 perditio
539 1549 657 1609 diaboli,

125 1625 292 1677 infernorum
319 1624 486 1682 destructio,
509 1623 658 1674 cmiestium

125 1696 294 1756 reformatio,
314 1711 388 1746 mors
410 1693 581 1754 infideuum,
603 1693 659 1744 uita

124 1767 267 1831 jtustorum.
284 1784 297 1814 n
310 1767 352 1828 Et,
362 1776 392 1816 ut
405 1764 444 1814 ait
462 1765 657 1831 Hieronymus,

126 1839 201 1906 ligno
214 1840 266 1890 hoc
276 1839 401 1890 vehimur
414 1853 462 1903 per
480 1852 554 1887 mare
568 1837 658 1887 undo—

127 1925 198 1974 sum,
214 1912 247 1961 ad
261 1920 358 1961 terram
373 1909 530 1961 viventium.

153 1980 323 2032 6Psssrorus
350 1995 488 2031 antiocus.
503 2009 534 2019 -
552 1980 591 2032 De
612 1980 657 2031 itis

123 2051 204 2103 etiam
227 2067 291 2118 quae
319 2067 414 2116 passus
439 2060 482 2101 est
508 2051 657 2110 Dominus,

123 2121 202 2188 quasi
222 2121 408 2172 concludendo
426 2137 488 2171 cum
511 2121 657 2187 gratiarum

124 2192 231 2244 actione
252 2201 277 2242 et
288 2191 410 2241 oratione
425 2192 465 2241 sic
481 2191 547 2242 dicit
556 2193 658 2243 dasei-

125 2277 192 2314 mur.
210 2280 220 2314 .·
241 2281 255 2310 a
273 2262 461 2328 Expergiscere
474 2278 554 2323 nunc,
567 2263 658 2314 anima

125 2345 335 2398 maerentem
358 2335 390 2384 de
413 2335 530 2399 pulvere,
549 2345 576 2385 et
589 2351 657 2386 con-

125 2406 252 2471 tempiaoe
260 2406 393 2456 attentius
403 2406 492 2457 virum
509 2406 582 2457 hunc
596 2423 658 2458 me-

125 2475 293 2538 morabilem,
313 2492 395 2542 quem
417 2492 476 2527 ecce
498 2476 528 2527 iu
549 2479 658 2542 spwo

124 2548 275 2614 Euangelisi
290 2549 433 2608 sermonis,
451 2549 527 2615 quasi
540 2565 657 2615 praesen

124 2629 179 2670 tem
212 2619 336 2670 intueris.
367 2619 525 2685 Cognosce,
564 2619 656 2671 anima

123 2705 191 2755 mea,
210 2705 353 2756 cognosce.
378 2691 429 2741 Hic
455 2701 496 2742 est
523 2691 657 2743 Dominus

122 2760 199 2813 Jesus
210 2760 348 2822 Christus,
361 2761 470 2811 Creator
487 2771 514 2812 et
536 2763 657 2814 Salvator

123 2839 196 2892 tuus,
213 2832 379 2897 unigenitus,
400 2832 447 2882 Dei
463 2832 560 2893 Filius,
577 2850 656 2885 verus

122 2901 204 2962 Deus,
225 2917 303 2953 verus
322 2902 415 2962 homo,
435 2902 484 2967 qui
505 2904 581 2955 solus
603 2906 656 2956 sub

122 2975 180 3027 soie
199 2973 261 3027 sine
283 2977 387 3026 macuia
405 2975 532 3027 inventus
554 2987 610 3042 est;
630 2989 656 3031 et

121 3061 181 3098 ecce
200 3046 330 3112 quoniam
345 3060 404 3096 cion
421 3045 560 3110 soeleratis
574 3063 656 3114 repu-

123 3125 196 3169 tatus
217 3124 265 3181 est,
283 3128 313 3168 et
332 3118 409 3184 quasi
430 3118 472 3168 vir
490 3120 613 3185 leprosus
630 3132 656 3173 ct

121 3204 288 3240 novissimus
307 3204 428 3239 virorum
449 3189 611 3252 aestimatam,
628 3203 657 3244 et

122 3269 252 3326 tanquam
279 3260 432 3311 abortivum
451 3262 524 3326 quud
546 3263 656 3328 projici-

122 3340 168 3383 tur
189 3331 224 3381 ab
245 3339 331 3391 utero,
347 3339 374 3380 et
390 3346 480 3381 memo
505 3344 590 3394 curar,
615 3333 656 3385 sic

121 3401 257 3468 proiectus
271 3412 314 3453 est
334 3402 368 3451 ab
387 3412 465 3453 utero
484 3404 577 3456 Matris
600 3421 656 3456 suae

121 3471 237 3524 infelicis
262 3488 417 3539 synagogae.
441 3475 493 3524 iste
513 3476 656 3540 formosus

118 3545 260 3610 proeflliis
273 3546 416 3610 hominum,
432 3548 509 3612 quasi
525 3548 657 3601 deformis

122 3632 179 3683 proe
199 3617 263 3670 filiis
283 3618 427 3670 hominum
447 3619 543 3673 factus.
560 3622 657 3688 Siqui-

122 3688 185 3741 dem
204 3689 360 3740 vulneratus
377 3695 418 3739 est
428 3696 541 3757 propter
557 3692 657 3758 iniqui-

124 3765 193 3811 tates
211 3766 330 3823 nostras,
352 3760 471 3831 attritas¹
485 3768 526 3813 est
543 3769 657 3828 propter

123 3832 230 3885 sceiere
248 3839 351 3897 nostra,
366 3841 393 3883 et
412 3832 560 3887 factus'est
575 3835 657 3891 hoio·

714 345 838 387 caustum
857 336 1011 389 suavissimi
1024 339 1116 390 odoris
1134 341 1164 391 in
1181 357 1252 393 con·

713 417 807 472 spectu
831 416 888 467 tuo,
912 408 990 458 Pater
1012 418 1118 460 aeternae
1143 411 1247 476 gloriae,

713 489 744 528 ut
763 489 892 531 averteret
908 480 1119 547 indignationem
1137 492 1213 535 tuam
1229 502 1251 538 a

714 551 793 602 nobis
807 563 837 604 et
854 555 998 605 consedere
1014 554 1066 606 sibi
1085 571 1134 605 nos
1151 556 1249 609 faceret

713 621 743 672 in
775 622 936 679 caestibus.
967 627 1097 692 firmior,
1130 627 1248 681 Domine

712 705 803 746 sancte
823 697 908 759 Pater,
923 699 957 749 de
976 701 1132 751 sanctuario
1153 707 1205 764 tao,
1220 709 1248 754 et

712 767 747 816 de
767 767 880 818 excelso
895 768 1023 820 coelorum
1042 770 1203 833 habitastis,
1220 782 1247 824 et

713 836 818 890 intuere
829 839 900 890 hanc
912 851 1106 892 sacrosanctam
1117 841 1246 906 hostiam,

712 923 795 974 quam
818 909 871 960 tibi
890 911 968 960 offert
989 927 1105 977 magnus
1126 913 1248 965 Pontifex

712 989 812 1041 mater,
828 990 936 1031 sauctus
950 996 1017 1046 puer
1034 992 1097 1032 tuus
1112 983 1248 1037 Dominus

712 1050 788 1101 Jesus
813 1066 862 1117 pro
889 1051 1005 1116 peccatis
1033 1052 1149 1103 fratrum
1176 1070 1248 1106 suo·

712 1138 783 1184 rma,
799 1134 824 1174 et
839 1133 899 1174 esto
920 1124 1058 1189 placabilis
1079 1140 1160 1190 super
1172 1128 1247 1177 mul-

712 1192 858 1244 titudinem
878 1193 988 1243 malitiae
1002 1202 1110 1243 nostrae,
1122 1195 1246 1262 Respice,

712 1266 838 1327 Domine,
854 1268 883 1318 ait
895 1267 1000 1332 sacrem
1013 1266 1121 1317 Christi
1133 1269 1188 1329 tui,
1198 1270 1247 1336 qui

712 1336 762 1389 tibi
795 1353 881 1401 usque
912 1338 945 1388 ad
972 1347 1087 1387 mortem
1118 1337 1249 1390 obediens

711 1407 796 1461 factus
818 1419 868 1468 est,
887 1424 937 1460 nec
957 1409 1083 1459 recedant
1100 1408 1134 1459 ab
1161 1410 1247 1462 ocuiis

711 1480 766 1532 tuis
787 1481 920 1532 citatrices
940 1481 1000 1546 ejus
1021 1480 1052 1530 in
1074 1490 1251 1547 perpetuum,-

712 1562 743 1603 ut
758 1553 916 1604 memineris
931 1563 1062 1619 quantam
1084 1568 1132 1617 pro
1156 1568 1247 1618 pecca·

711 1623 747 1675 tis
776 1625 877 1676 nostris
905 1623 1113 1675 satisfactionem
1147 1624 1181 1673 ab
1214 1639 1246 1675 eo

711 1695 870 1762 susceperis.
896 1695 1024 1754 Utinam,
1043 1693 1174 1753 Domine,
1197 1710 1247 1760 ap-

711 1768 812 1832 pendas
834 1767 865 1817 in
893 1777 989 1818 statera
1014 1775 1127 1832 peccata,
1146 1766 1248 1831 quibus

711 1839 780 1892 iram
799 1850 876 1892 tuam
893 1840 1053 1899 meruimus,
1067 1840 1094 1890 et
1112 1839 1248 1889 calamita-

710 1923 766 1964 tem
791 1929 875 1980 quam
901 1928 997 1979 passus
1025 1921 1065 1961 est
1089 1927 1137 1976 pro
1167 1911 1264 1963 nobis·

711 1984 840 2035 innocens
867 1983 953 2034 Filiae
983 1981 1064 2033 tuus!
1082 1983 1161 2032 Certe
1187 1982 1246 2034 haec

710 2055 815 2121 gravior
837 2054 978 2120 apparebit
991 2062 1018 2103 et
1037 2052 1124 2120 magis
1148 2052 1241 2117 digna,

710 2127 740 2176 ut
761 2134 871 2192 propter
885 2125 971 2190 ipsam
995 2123 1116 2173 effundas
1137 2122 1246 2173 miseri-

710 2196 829 2247 cordiam
841 2205 915 2246 tuam
930 2210 1011 2260 super
1023 2209 1082 2252 nos,
1099 2207 1181 2258 quam
1192 2193 1248 2243 sint

710 2267 760 2317 ista
780 2276 893 2333 paccata,
912 2276 941 2316 ut
962 2281 1012 2330 pro
1029 2264 1086 2314 illis
1104 2264 1245 2315 contineas

711 2338 739 2388 in
762 2337 803 2388 ira
828 2335 1026 2388 misericordias
1049 2345 1119 2384 tuas.
1137 2334 1246 2386 Gratias

710 2409 770 2471 tibi,
793 2409 908 2460 Domine
931 2409 1020 2468 Pater,
1040 2406 1137 2456 referat
1157 2407 1247 2458 omnis

710 2480 819 2546 lingua,
844 2495 924 2545 super
948 2477 1125 2529 enenarrabili
1155 2477 1247 2527 abun-

697 2553 802 2604 dantia
818 2551 925 2619 pietatis
940 2561 1002 2612 tuae,
1024 2566 1078 2617 qua
1094 2549 1177 2600 unico
1204 2549 1250 2600 Fi-

709 2625 747 2675 lio
775 2636 823 2677 tuo
848 2640 906 2675 non
937 2622 1091 2690 pepercisti,
1117 2622 1163 2672 sed
1196 2637 1245 2687 pro

709 2697 791 2748 nobis
815 2696 895 2748 illurn
913 2694 1050 2746 tradidisti
1072 2694 1099 2744 in
1121 2703 1248 2754 mortem,

709 2777 739 2818 ut
760 2776 865 2820 tantum
885 2776 1015 2832 tanquam
1036 2764 1144 2814 fidelem
1158 2764 1245 2814 advo-

709 2848 797 2890 catum
818 2838 979 2888 haberemus
1004 2836 1033 2886 ia
1059 2835 1126 2884 coelo
1152 2849 1243 2885 coram

709 2919 745 2960 te.
769 2910 803 2960 Et
828 2908 888 2971 tibi,
910 2907 1026 2958 Domine
1049 2905 1124 2966 iesu,
1145 2904 1247 2955 zelotes

708 2978 864 3038 fortissime,
891 2977 958 3042 quid
991 2975 1148 3040 gratiarum,
1179 2975 1248 3038 quid

709 3047 897 3100 retributionis
919 3046 1008 3112 dignae
1045 3043 1165 3094 tribuam
1197 3059 1246 3109 ego

709 3121 806 3188 pulvis,
820 3130 848 3170 et
861 3118 939 3179 cinis,
952 3127 978 3169 et
995 3117 1049 3167 vile
1070 3115 1247 3182 figmentum?

710 3191 782 3252 Quid
799 3191 872 3241 enim
888 3205 939 3255 pro
953 3197 1044 3238 nostra
1058 3187 1143 3237 salute
1160 3185 1247 3237 facere

708 3261 837 3321 debuisti,
862 3270 888 3311 et
912 3275 966 3310 non
992 3258 1093 3309 fecisti?
1117 3257 1159 3307 ab
1185 3255 1245 3307 imo

708 3332 794 3398 pedis,
812 3346 899 3397 tuque
919 3331 952 3381 ad
974 3344 1113 3381 summurn
1129 3326 1250 3379 verticis·

709 3415 736 3456 te
762 3413 851 3455 totum
879 3401 909 3452 in
936 3400 1014 3467 aquis
1043 3397 1179 3450 Passionis
1204 3397 1240 3449 dc

710 3474 838 3534 mersisti,
860 3483 891 3523 ut
909 3489 954 3524 me
972 3483 1060 3523 totum
1078 3471 1111 3520 de
1131 3469 1186 3519 illis
1206 3484 1241 3521 ex

709 3547 838 3598 traberes.
854 3545 925 3594 Nam
941 3553 968 3595 et
987 3541 1107 3593 animam
1120 3549 1194 3590 tuam
1214 3539 1245 3590 in

710 3629 826 3671 mortem
843 3616 998 3683 perdidisti,
1022 3626 1052 3666 ut
1072 3628 1159 3664 meam
1183 3627 1249 3679 per-
1280 3651 1282 3655 .

709 3693 794 3744 diram
817 3690 888 3740 mihi
909 3690 1044 3740 redderes.
1065 3687 1101 3738 Et
1120 3701 1182 3736 ecce
1204 3698 1250 3736 uae

710 3762 811 3830 duplici
825 3760 917 3811 debito
938 3759 1090 3825 obligavisti
1107 3775 1114 3808 :
1135 3772 1200 3806 uam
1213 3763 1239 3807 et

712 3851 761 3902 pro
783 3849 827 3896 ea,
846 3831 920 3899 quod
938 3830 1007 3882 mihi
1027 3828 1139 3892 dedisti;
1151 3836 1180 3878 et
1197 3840 1250 3894 pm
