2626 4328
311 311 358 362 DE
373 311 517 372 TERTIA,
536 309 571 359 lN
591 308 756 380 PASSIONE
772 310 909 362 DOMINI.

49 431 144 494 nachi,
167 429 217 494 qui
240 427 381 479 Christum
405 426 518 477 illusum
542 441 587 476 re-

50 509 215 568 praesentant
239 499 269 548 in
292 498 399 559 habitu,
422 506 535 547 tonsura
560 505 586 546 et

49 573 164 624 ferulis:
187 569 301 620 habitus
324 568 398 619 enim
420 567 586 618 monachalis

49 643 235 710 despectibilis
249 652 298 705 est,
318 651 344 692 et
360 641 436 707 quasi
449 639 587 691 illusorius

50 715 216 768 hominibus
240 713 403 778 mundanis;
421 728 519 763 corona
536 727 587 762 au-

51 800 103 840 tem
120 786 222 854 capitis
234 783 402 835 monachalis
416 791 588 849 repraesentat

50 877 179 913 coronam
201 859 340 924 spineam;
364 857 450 906 baculi
474 873 522 907 seu
545 856 587 906 fe-

49 935 124 994 rulae,
140 946 213 999 quos
228 928 378 994 antiquitus
393 928 517 978 monachi
528 943 588 993 por-

50 1015 104 1055 tare
149 1009 357 1059 consueverunt,
397 1007 589 1064 repraesentant

50 1076 222 1127 arundinem.
244 1074 277 1123 Et
297 1072 366 1122 sicut
386 1071 512 1122 Christus
532 1088 587 1121 non

51 1149 251 1215 dedignabatur
272 1144 367 1195 habitu
390 1144 513 1194 illusorio
538 1161 587 1210 po-

51 1221 114 1288 pulo
141 1221 297 1271 Judaeorum
321 1217 448 1279 ostendi,
471 1217 508 1266 sic
533 1233 588 1266 non

51 1291 227 1342 erusbescant
241 1286 366 1337 monachi
389 1296 417 1336 et
431 1287 476 1336 alii
493 1286 588 1336 mundi

52 1370 263 1426 contemptores,
276 1357 334 1425 qui,
351 1357 502 1407 secundum
514 1358 589 1423 Apo*

52 1433 177 1494 stolum,
212 1428 392 1495 spectaculum
425 1427 487 1477 facti
525 1437 589 1478 sunt

53 1504 167 1562 mundo,
190 1502 219 1552 in
238 1501 333 1551 habitu
351 1499 547 1563 contemptibili
563 1509 590 1549 et

52 1576 181 1643 insigniis
210 1575 345 1641 regalibus
367 1572 498 1623 illusoriis
519 1587 589 1639 prae-

53 1648 153 1708 dictis,
183 1646 325 1696 Christum
350 1645 452 1710 Regem
477 1643 589 1695 imitari.

54 1748 83 1757 —
97 1720 177 1779 Item,
189 1727 230 1766 est
241 1716 286 1766 hic
300 1716 503 1774 documentum,
516 1714 589 1782 quod

53 1791 134 1840 istam
149 1787 362 1838 ostentationem
376 1785 479 1836 Christi
496 1800 591 1851 reprae·

56 1869 146 1912 sentat
166 1858 291 1910 sacerdos
314 1857 343 1906 in
366 1855 514 1906 elevatione
537 1856 590 1906 ho-

54 1933 124 1993 stiae,
136 1930 215 1998 quasi
227 1929 327 1980 diceret
336 1929 394 1995 ipse
405 1945 412 1980 ι
422 1928 493 1980 Ecce
503 1928 590 1980 homo.

55 2005 127 2067 Quia
143 2004 219 2055 enim
234 2012 431 2054 sacramentum
446 2001 537 2052 altaris
551 2010 590 2051 est

55 2075 215 2127 memoriale
235 2073 384 2124 Dominicae
402 2072 549 2132 Passionis,
566 2081 592 2122 et

55 2146 183 2198 Christus
201 2156 242 2195 est
260 2159 356 2209 passus
371 2143 520 2193 secundum
535 2142 591 2192 hu-

56 2216 224 2277 manitatem,
253 2215 402 2266 secundum
423 2214 591 2266 divinitatem

55 2303 119 2338 vero
133 2295 175 2338 est
189 2285 385 2352 impassibilis3
400 2284 460 2336 ideo
471 2285 593 2336 sacerdos

57 2358 206 2409 ostendens
220 2357 259 2406 ibi
273 2356 424 2416 Christum,
440 2372 592 2423 congruen-

57 2430 112 2480 tius
132 2428 221 2480 dicit:
238 2442 297 2480 ecce
310 2429 395 2493 homo,
418 2444 510 2495 quam,
534 2445 593 2480 ecce

58 2502 149 2564 Deus,
174 2500 237 2550 licet
253 2499 319 2566 ipse
342 2501 378 2550 sit
405 2511 431 2550 et
457 2501 541 2550 homo
568 2509 594 2550 et

58 2573 148 2634 Deus3
170 2572 217 2622 sed
233 2571 317 2621 homo
330 2580 424 2637 patens
437 2571 488 2622 fuit
503 2572 530 2622 iu
548 2571 594 2622 illa

59 2641 225 2701 ostensione,
241 2653 267 2692 et
281 2642 352 2693 Deus
366 2645 460 2694 latens.
475 2672 505 2681 —
517 2644 592 2703 ltem,

59 2723 99 2763 est
113 2713 321 2773 documentum,
343 2715 415 2778 quod
431 2729 481 2765 nos
495 2714 594 2764 debea-

60 2799 122 2833 mus
136 2798 201 2832 cum
217 2783 320 2833 eisdem
336 2783 463 2850 insigniis
482 2783 594 2850 mystice

58 2853 184 2920 acceptis,
195 2862 274 2918 prout
289 2853 390 2904 dictum
401 2864 441 2904 est
452 2854 507 2906 suis
519 2854 595 2915 locis,

59 2937 119 2978 ante
131 2936 309 2991 conspectum
326 2926 429 2977 Christi
445 2927 526 2993 Regis
545 2944 596 2977 no-

60 2997 108 3048 stri
123 2997 153 3046 in
167 2996 480 3063 judicioapparere,cum
497 2996 597 3062 quibus

61 3068 118 3134 ipse
132 3067 261 3132 dignatus
275 3066 326 3117 fuit
344 3067 444 3118 Judaeis
459 3067 596 3119 ostentari.

59 3138 141 3199 lesu,
161 3137 209 3203 qui
231 3153 289 3188 cum
313 3137 448 3189 illusionis
470 3138 597 3204 insigniis

60 3209 169 3260 Judaeis
191 3210 326 3260 ostentari
340 3210 460 3275 voluisti,
479 3210 514 3260 da
533 3211 598 3261 mihi

61 3280 266 3331 ostentationem
294 3294 370 3344 vante
396 3281 496 3347 gloriae
522 3281 599 3332 devia

62 3359 140 3415 tare,
158 3358 185 3402 et
201 3367 260 3403 cum
274 3353 374 3404 eisdem
389 3355 517 3420 insigniis
535 3370 598 3424 my-

62 3422 141 3474 sticis
155 3429 219 3473 ante
233 3430 401 3489 conspectum
416 3431 488 3477 tuum
503 3427 529 3477 in
544 3440 598 3477 ex·

62 3500 148 3546 tremo
156 3495 265 3561 judicio
278 3510 442 3562 comparere.

92 3565 127 3616 23
143 3566 285 3617 Ceutrones
307 3567 458 3619 Juuaonuu
479 3584 599 3620 cnucrsr-

63 3649 163 3686 xrouerr
178 3636 278 3687 Dorum
288 3653 448 3701 rurensium,
462 3655 599 3690 uocuuuu-

64 3720 121 3756 ruir
144 3721 347 3768 cursarius
372 3724 600 3762 courouunrrours

65 3790 98 3827 ιτ
112 3792 222 3829 oaarro.
239 3806 271 3817 -
290 3779 340 3831 Sed
351 3778 415 3831 licet
428 3780 528 3831 Pilatus
543 3783 599 3832 haec

65 3857 134 3913 agat,
155 3848 320 3902 insatiabilis
342 3862 431 3903 tamen
453 3851 601 3918 sacrilego-

65 3930 128 3972 rum
151 3919 229 3973 furor
258 3937 315 3974 non
340 3935 448 3990 cessat,
474 3922 601 3992 quinimo

1119 313 1171 381 547

638 425 725 491 magis
740 425 830 478 instat.
851 427 917 478 Ecce
939 443 1035 494 magna
1049 429 1171 494 pertina-

639 496 678 546 cia
691 497 855 561 ludaeorum,
872 498 901 548 in
917 501 1086 565 procurando
1101 516 1171 551 mor-

639 579 693 619 tem
708 569 819 630 Christi,
837 586 900 621 nam
919 570 1053 622 obstinata
1070 572 1170 640 nequi-

638 640 674 690 tia
685 656 738 690 non
747 642 1083 695 emolliturmisericordia.
1092 646 1171 697 Tunc

639 713 711 762 enim
728 713 768 763 illi
788 715 884 776 Judaei,
905 716 955 766 filii
976 716 1086 776 diaboli,
1106 733 1169 768 cum
1256 718 1259 722 ’

638 783 770 834 vidissent
784 801 845 835 eum
866 787 905 836 sic
923 787 1048 852 punitum
1063 799 1088 837 et
1105 788 1171 838 illu-

640 872 710 918 sum,
728 867 753 908 et
766 871 965 925 cognoscerent,
981 861 1053 926 quod
1069 861 1172 914 Pilatus

640 927 679 979 sic
691 930 797 980 volebat
816 930 953 982 dimittere
969 946 1041 994 eum,
1059 931 1086 981 in
1099 933 1174 984 nullo

641 1003 835 1068 compatientes
849 1005 883 1063 ei,
903 1021 932 1055 ac
946 1006 1095 1070 punitionis
1110 1023 1173 1057 cor·

640 1075 779 1139 reptione,
801 1085 827 1125 et
841 1075 1000 1126 illusionum
1023 1078 1172 1142 opprobrio

640 1161 695 1194 non
710 1145 837 1204 contenti,
850 1160 897 1195 nec
911 1145 988 1195 Pilati
1001 1148 1171 1200 excusatione

640 1214 743 1280 placati,
759 1215 920 1276 clamabant,
946 1217 1122 1277 tumultuose,
1144 1228 1171 1270 et

640 1286 707 1336 alios
720 1286 752 1334 ad
767 1286 938 1336 clamandum
952 1285 1112 1347 excitabant,
1127 1288 1172 1339 di-

640 1362 728 1407 centes
752 1373 760 1406 :
781 1356 927 1424 Crucifige,
950 1355 1080 1424 crucifige
1102 1372 1170 1411 eum.

641 1426 725 1486 Quasi
745 1427 863 1477 dicerent
884 1444 891 1477 ε
914 1427 976 1477 Haec
996 1443 1075 1493 poena
1097 1429 1172 1480 nullo

642 1497 722 1546 modo
748 1498 828 1548 nobis
853 1498 960 1557 sufficit,
984 1499 1029 1548 sed
1054 1499 1173 1563 petimus

641 1569 713 1632 quod
731 1569 870 1620 moriatur.
892 1569 1021 1619 Videutes
1033 1585 1096 1619 eum
1111 1585 1172 1620 ma-

640 1637 682 1702 gis
695 1640 943 1703 commovebantur,
957 1639 1021 1705 quia
1039 1654 1071 1689 ex
1091 1655 1171 1707 aspe-

641 1722 686 1760 ctu
707 1712 765 1776 ejus
787 1713 834 1778 qui
858 1712 921 1762 odio
939 1712 1061 1772 habetur,
1085 1714 1172 1779 magis

641 1792 732 1833 contra
751 1798 813 1833 eum
827 1799 873 1834 cor
886 1784 1003 1834 odientis
1018 1784 1173 1836 inflamma-

642 1863 694 1905 tur.
720 1855 890 1919 lngeminant
910 1865 999 1905 autem
1021 1857 1153 1922 crucifige
1164 1892 1173 1920 ,

643 1937 751 1992 propter
772 1927 898 1978 desiderii
923 1928 1132 1990 vehementiam,
1149 1939 1175 1980 et

643 1997 707 2063 quia
728 1999 867 2048 voluntate
889 2007 915 2048 et
929 2013 1008 2063 opere
1033 1998 1174 2049 crucifixe·

643 2077 707 2117 runt
729 2083 801 2118 eum.
828 2069 924 2134 Magna
942 2068 1094 2128 crudelitas,
1113 2069 1177 2134 quia

645 2158 700 2191 non
714 2141 813 2192 sufficit
826 2141 864 2191 eis
880 2143 1004 2205 alterum,
1021 2141 1121 2191 scilicet
1133 2143 1175 2192 vel

644 2213 786 2280 flagellare,
803 2215 844 2263 vel
858 2214 986 2276 occidere,
1003 2213 1049 2262 sed
1068 2223 1175 2263 utrum-

645 2300 712 2352 que;
728 2301 774 2336 nec
798 2285 918 2336 contenti
935 2295 999 2336 sunt
1015 2300 1176 2351 quacunque

645 2367 741 2417 morte,
755 2357 801 2406 sed
815 2355 972 2422 turpissima
989 2365 1015 2406 et
1028 2355 1176 2410 durissima

644 2447 672 2480 se
686 2429 773 2480 crucis
789 2429 939 2480 desiderant
953 2428 1083 2489 occidere,
1097 2430 1178 2481 clavis

646 2501 718 2567 affigi
729 2501 761 2551 ad
774 2501 880 2568 lignum
891 2511 1018 2567 quaerunt
1032 2518 1039 2552 ι
1057 2517 1091 2552 ne
1100 2502 1178 2553 dolor

645 2573 725 2623 citius
739 2570 856 2632 finiatur,
873 2573 920 2622 sed
941 2581 1028 2623 morte
1049 2573 1178 2638 producta

646 2643 784 2704 moriatur,
813 2654 838 2694 et
864 2653 895 2694 ut
918 2643 945 2693 in
970 2659 1046 2694 cruce
1073 2645 1178 2696 diutius

644 2716 775 2776 videatur,
790 2725 816 2766 et
838 2717 919 2766 modo
940 2717 1036 2766 mortis
1050 2715 1177 2766 diffame-

646 2797 698 2838 tur.
718 2787 760 2847 Et,
777 2788 925 2838 secundum
947 2787 1179 2854 chrysostomum,

647 2857 823 2910 formidantes
850 2875 894 2917 ne¹
911 2858 1003 2923 aliqua
1032 2859 1089 2922 ejus
1117 2866 1178 2923 post

648 2929 737 2996 ipsum
754 2930 799 2980 fiat
813 2929 963 2989 memoria,
980 2929 1087 2978 student
1106 2926 1182 2977 etad

648 2999 811 3066 supplicium
826 2999 923 3050 ducere
936 2998 1119 3049 maledictum.
1132 2998 1183 3048 Ve-

649 3087 726 3130 rum,
747 3080 777 3120 ut
793 3069 858 3119 dicit
876 3069 1022 3131 Rabanus,
1043 3066 1127 3117 ludaei
1149 3068 1183 3119 de

649 3150 735 3191 morte
764 3141 880 3206 pessima
902 3139 1070 3205 cogitabant,
1095 3136 1141 3189 sed
1168 3154 1183 3188 a

649 3211 783 3275 Domino,
809 3226 864 3260 non
891 3209 1105 3276 intelligentibus
1132 3208 1182 3269 eis,

649 3283 731 3332 electa
755 3291 819 3333 erat.
844 3282 932 3347 Ipsam
960 3281 1032 3332 enim
1060 3295 1182 3341 crucem,

650 3352 760 3402 diabolo
789 3361 932 3418 superato,
963 3361 1020 3402 erat
1051 3361 1181 3418 tanquam

651 3422 802 3488 trophaeum
814 3421 841 3472 in
855 3422 991 3472 frontibus
1006 3421 1126 3471 fidelium
1139 3437 1185 3487 po-

651 3492 760 3543 siturus.
788 3493 873 3543 Cerne
898 3489 978 3542 etiaim
1011 3507 1084 3541 nunc
1112 3507 1184 3558 quo-

651 3563 732 3612 modo
748 3561 787 3612 sic
811 3562 1006 3614 contumeliose
1024 3562 1138 3612 vestitus
1158 3566 1184 3612 et

652 3645 806 3695 coronatus,
827 3644 929 3686 etcum
954 3646 1059 3701 sceptro
1076 3634 1183 3696 incedit,

652 3718 678 3759 et
691 3708 828 3775 quomodo
849 3707 917 3760 facie
936 3707 1049 3758 dimissa
1065 3717 1117 3758 stat
1137 3722 1185 3756 co-

653 3795 710 3832 ram
748 3789 822 3831 tanta
865 3780 1039 3832 multitudine
1081 3776 1185 3830 vocife-

653 3861 728 3903 rante
748 3862 774 3903 et
789 3853 939 3903 clamante:
959 3850 1105 3917 Crucifige‚
1119 3863 1184 3899 cru-

653 3922 744 3994 cifige,
761 3939 790 3975 ac
807 3938 914 3990 semper
928 3937 991 3974 eum
1008 3920 1145 3972 deridente
1158 3928 1185 3970 et
