2626 4328
149 309 201 362 560

422 304 596 359 SECUNDAE
617 301 742 354 Pmts
756 299 875 351 CAPUT
894 299 978 351 Lxlt.

151 432 193 478 est
219 439 274 491 pro
304 426 395 488 nobit,
428 423 505 475 vobis
533 420 690 485 relinquens
730 429 790 466 cem
814 422 939 481 portant,
965 412 1012 462 sed
1036 409 1178 461 Christum
1202 424 1257 461 non

149 497 318 562 exemplum,
331 503 360 547 ut
390 493 537 560 sequamini
559 491 676 558 vestigia

149 567 217 634 ejus.
235 567 313 617 Unde
326 567 448 618 Giosra:
465 583 479 611 n
493 564 569 614 Prior
580 561 678 612 Domi-

150 653 203 688 nus
216 653 323 689 crucem
336 647 432 702 portat,
454 635 503 702 qui
526 634 599 701 prior
612 649 680 701 pas-

150 723 198 760 sus
221 718 277 773 est;
302 719 394 774 postea
417 707 544 772 imposita
567 716 607 757 est
631 704 679 755 Si-

151 779 227 829 moni
264 780 410 845 Cyrenaeo,
445 787 507 844 post
540 777 679 829 Christum

149 851 289 916 portanda,
302 851 368 918 quia
389 851 520 901 debemus
539 849 616 916 sequi
630 864 679 900 re-

148 920 232 987 stigia
243 922 340 986 ejus.»
360 922 446 983 Unde,
463 931 494 972 ut
518 920 586 971 dicit
609 921 680 971 Am-

150 993 266 1055 brosius,
280 1009 337 1043 non
349 993 488 1060 praecessit
506 992 612 1053 Simon,
632 990 680 1042 sod

115 1088 123 1101 ·
151 1067 323 1132 sequebatur.
366 1068 436 1118 Hinc
473 1066 608 1117 Dominus
648 1065 679 1115 in

153 1140 317 1206 Evangelio:
331 1141 365 1191 Si
388 1141 447 1206 quis
468 1141 528 1191 vuit
547 1145 614 1206 post
639 1151 680 1188 me

152 1210 251 1273 venire,
266 1210 349 1262 tollat
368 1224 472 1261 erucem
494 1224 571 1261 stram
591 1208 681 1275 qnoti-

153 1280 204 1343 die,
217 1288 243 1331 et
250 1288 379 1347 sequatur
390 1295 431 1332 me
438 1300 449 1345 ,·
463 1281 510 1330 ubi
525 1281 576 1331 tria
591 1278 683 1330 innuit

153 1352 310 1414 necessaria,
345 1351 460 1417 portanti
486 1367 592 1402 crucem
620 1359 683 1416 post

153 1424 255 1483 Jesurn,
268 1422 394 1473 videlicet
409 1439 417 1471 ε
434 1424 507 1488 quod
524 1431 611 1488 portet
621 1435 681 1472 etun

151 1494 310 1553 voluntarie,
323 1505 350 1544 et
363 1510 418 1543 non
434 1495 597 1560 angariatus,
613 1494 684 1544 sicut

151 1565 247 1615 Simon
271 1565 331 1623 ists.
359 1566 432 1614 unde
454 1565 549 1615 dicit:
570 1565 603 1615 Si
622 1563 683 1629 quis

137 1638 218 1700 'vult
234 1638 390 1698 etc.,·item,
412 1638 485 1702 quod
508 1646 596 1702 portet
627 1651 683 1688 cru·

152 1723 210 1758 tem
233 1723 320 1771 surm,
342 1708 444 1758 scilicet
465 1707 611 1774 propriam,
627 1723 683 1758 non

151 1781 221 1832 sicut
235 1781 285 1832 iste
298 1782 391 1831 Simon
403 1782 530 1841 alienam,
553 1781 625 1832 unde
637 1781 684 1830 di·

149 1850 187 1902 dt
197 1868 207 1903 ς
219 1852 331 1903 Crucem
346 1863 440 1915 tuam
454 1852 530 1917 ioem,
540 1853 615 1919 quod
628 1866 688 1918 por·

152 1932 191 1973 tet
220 1939 335 1984 crucem,
360 1940 417 1975 non
444 1940 493 1990 pro
527 1924 611 1981 inani,
635 1923 684 1974 sod

152 2007 202 2059 pro
216 1994 264 2045 Dei
282 1995 377 2061 gloria,
398 1997 470 2046 unde
493 1995 629 2046 dicittEt
639 2009 684 2046 ue-

153 2073 252 2131 quatur
276 2081 327 2118 rrae.
340 2068 628 2127 «Nomndumautem,
654 2077 684 2117 ut

154 2136 431 2205 dicit2Augustinus,
445 2139 518 2204 quod
544 2154 611 2189 crux
625 2137 684 2188 Do-

155 2205 223 2256 mini
247 2223 301 2258 nnn
317 2219 421 2259 tantum
440 2209 485 2258 ilia
499 2208 605 2268 dicitur,
620 2223 684 2275 qum

154 2288 275 2344 tempore
311 2279 448 2331 Passionis
473 2279 593 2340 Christi,
615 2278 684 2344 ligni

153 2348 281 2400 affixione
304 2350 485 2412 construitur;
509 2351 555 2400 sed
579 2358 605 2400 et
627 2349 683 2409 itta,

154 2434 216 2484 quae
233 2421 317 2471 totius
338 2421 400 2472 vitae
422 2421 555 2472 curriculo
574 2429 684 2472 cuncta-

154 2506 217 2540 rum
240 2493 445 2559 disciplinarum
465 2493 613 2544 iirtutibus
636 2508 684 2542 co-

153 2572 267 2626 aptatur.
282 2565 485 2630 intelligendum
496 2580 559 2630 ergo
569 2578 684 2628 crucem,

154 2648 208 2681 non
221 2634 288 2698 ligni
302 2637 470 2700 patibulum
483 2638 530 2686 sed
545 2637 607 2686 vitat
626 2636 683 2686 tir—

156 2701 277 2767 tutisque
299 2706 477 2770 propositum.
500 2706 569 2755 Tota
600 2705 685 2770 igitur

154 2771 210 2823 rita
231 2774 378 2824 Christiani
402 2774 533 2838 hominis,
547 2774 571 2824 si
583 2789 684 2824 secun-

154 2847 222 2897 dum
237 2847 411 2914 Evangelium
427 2848 508 2909 vivat,
523 2862 589 2898 crux
605 2857 685 2914 atque

155 2912 315 2984 martyrium
327 2930 367 2970 est
384 2936 391 2969 ε
406 2938 420 2967 o
435 2919 491 2969 haec
503 2919 683 2985 Augustinus.

156 2988 190 3040 Et
207 2990 259 3040 isra
280 3000 323 3041 est
337 3005 412 3050 crux,
427 3005 489 3055 quae
509 2990 629 3055 quotidie
642 2998 685 3039 est

155 3063 294 3127 portanda.
308 3065 383 3114 Hanc
392 3074 485 3114 autem
497 3062 610 3129 quidam
624 3078 686 3128 por·

155 3144 213 3185 tant
241 3137 399 3197 voluntarie,
429 3146 461 3187 ut
489 3136 540 3186 viri
564 3134 683 3203 perfecti,

155 3204 304 3285 imitatores
322 3208 440 3270 Christi;
464 3208 576 3275 quidam
590 3207 683 3265 invite,

155 3286 226 3326 sicut
244 3277 292 3343 qui
316 3294 378 3328 cum
397 3294 538 3329 murmure
557 3288 585 3329 et
598 3277 683 3329 coacti

154 3345 235 3397 alicui
250 3364 280 3398 se
292 3349 456 3400 districtioni
472 3349 628 3416 subjiciunt,
640 3351 684 3401 vel

156 3417 259 3469 bonum
272 3420 382 3472 faciunt.
399 3422 514 3481 Quidam
529 3421 685 3487 etiampor-

59 3502 61 3508 ’
155 3499 213 3539 tant
227 3507 341 3542 erucem
368 3493 491 3551 alienam,
518 3508 574 3543 nnn
597 3506 684 3552 suam,

155 3561 225 3613 sicut
250 3564 299 3628 qui
320 3564 512 3614 abstinentiam
537 3573 564 3615 et
587 3563 684 3614 distri-

156 3631 276 3683 ctionem
289 3636 447 3685 Sanctorum
467 3635 621 3701 predicant,
638 3636 684 3686 sed

156 3704 184 3754 in
201 3720 297 3756 senon
312 3719 428 3770 servant3
447 3709 498 3767 vei,
511 3708 559 3774 qui
578 3708 629 3758 sub
640 3723 684 3758 re-

157 3776 219 3841 gula
232 3777 383 3828 arctissima
393 3793 422 3828 se
437 3778 552 3828 militare
566 3778 685 3844 gloriam-

156 3857 209 3909 tur,
223 3849 269 3899 sod
291 3865 338 3915 per
350 3851 406 3915 ejus
420 3851 615 3900 observantiam
629 3865 685 3901 non

157 3918 362 3972 mortificantur.
376 3920 493 3979 Quidam
503 3921 613 3987 insuper
624 3936 687 3973 cru·

730 497 891 554 sequuntur,
907 496 939 536 ur
952 485 999 552 qui
1016 499 1063 551 pro
1079 483 1159 533 laude
1169 484 1259 533 hun·

731 578 766 613 na
774 563 903 621 laborant,
916 560 964 610 sed
975 559 1063 609 adhuc
1082 556 1131 606 Dei
1142 555 1259 607 dilectio

731 651 766 687 ne
786 651 843 685 non
865 634 1028 694 trahuntur;
1045 630 1120 681 unde
1145 638 1172 679 et
1192 628 1260 679 sieut
1305 632 1307 647 '

730 709 827 760 Simon
851 722 955 758 cruoem
982 714 1100 772 portant,
1128 702 1177 754 sod
1205 716 1258 753 non

732 779 894 841 moriuntur,
919 777 985 844 quia
1016 790 1116 841 corpus
1152 772 1259 840 quidum
1304 816 1307 823 ,

731 867 779 919 per
791 851 910 901 laborem
924 850 1056 915 affligunt,
1069 846 1117 897 sed
1133 842 1260 912 perduoi·

732 924 837 976 derium
855 925 946 990 gioria
963 921 1066 972 mundo
1080 919 1187 971 vivunt.
1201 916 1260 969 Pri·

732 996 770 1046 mi
785 994 934 1061 figurantur
946 994 974 1043 io
985 991 1112 1051 Domino,
1121 988 1261 1041 utorium

733 1067 918 1135 poenitentiam
934 1065 1117 1129 meritoriam
1129 1061 1176 1113 aiii
1191 1060 1260 1127 θμ-

733 1151 827 1192 rantur
847 1140 874 1190 in
899 1140 1030 1199 Simone,
1052 1147 1079 1188 et
1104 1136 1134 1186 hi
1162 1132 1261 1185 iaciunt

733 1211 926 1279 poenimntiam,
943 1212 989 1261 sed
1010 1226 1065 1260 non
1087 1204 1260 1259 meritorium.

734 1285 814 1336 Unde
828 1283 1008 1334 Bemardus:
1020 1301 1035 1327 ιι
1049 1281 1095 1331 Vae
1111 1277 1207 1339 semei,
1222 1286 1261 1327 a!

733 1356 832 1407 iterum
845 1370 950 1404 cruoem
969 1350 1151 1419 portantibus,
1170 1357 1199 1398 et
1208 1360 1261 1398 non

733 1427 909 1495 sequentihus
937 1425 1096 1488 Christum;
1119 1436 1162 1473 vor
1199 1432 1261 1487 por-

735 1500 855 1551 tontibus
863 1514 980 1557 crucem,
996 1513 1050 1546 non
1063 1495 1134 1545 sicut
1145 1494 1261 1544 suntor

735 1586 822 1635 suam,
836 1571 883 1620 sed
898 1571 931 1619 ad
944 1566 1081 1634 angariam
1093 1563 1167 1616 sicut
1178 1562 1278 1629 Cym·

737 1658 811 1693 noeus
831 1639 966 1692 alienam!
990 1638 1018 1688 Si
1045 1650 1156 1687 murem
1176 1642 1264 1704 pomo

736 1727 798 1763 cum
822 1711 970 1771 crucifixo,
993 1724 1040 1759 cur
1064 1722 1119 1757 non
1143 1700 1265 1755 morietis

735 1784 857 1836 mundo?
872 1802 887 1832 n
901 1785 958 1834 hate
981 1777 1150 1831 Bernartius.
1163 1776 1264 1840 Spou

734 1859 852 1926 igituret
860 1856 962 1908 Christi
973 1868 1064 1905 amore
1075 1864 1183 1901 mosem
1191 1857 1265 1898 tun

736 1941 813 1996 porta
827 1934 889 1994 post
899 1927 991 1977 iesum
1005 1923 1131 1990 quotidie,
1146 1928 1177 1972 ot
1193 1932 1265 1971 seu·

735 2016 784 2068 per
795 2001 905 2050 oculum
919 1995 1020 2047 mentis
1042 1996 1071 2044 in
1088 2008 1153 2043 eum
1171 1988 1264 2056 dirius.

735 2082 762 2122 et
773 2071 859 2122 levius
873 2067 992 2134 portabis
1002 2077 1176 2131 quaecunque
1188 2068 1265 2127 poto·

734 2143 782 2194 ris.
795 2142 873 2193 Unde
885 2139 1056 2205 Augustinus
1068 2153 1077 2186 t
1091 2153 1107 2183 n
1117 2135 1266 2195 Quinum

734 2228 841 2279 cunque
867 2212 993 2278 propinat
1013 2208 1092 2258 nobis
1123 2202 1264 2272 presentis

736 2283 865 2350 temporis
879 2281 1027 2339 tribulatio,
1043 2293 1123 2345 parva
1139 2276 1265 2342 patirum

734 2357 759 2408 si
773 2356 945 2408 recordamur
958 2353 1021 2418 quis
1034 2367 1084 2418 pro
1096 2348 1179 2400 nubis
1188 2344 1266 2399 iveri

736 2428 768 2478 ad
782 2427 867 2478 crucis
881 2425 1045 2492 patibulum,
1060 2420 1108 2488 qui
1125 2434 1182 2470 noo
1193 2415 1266 2469 inri-

736 2508 774 2549 tat
792 2498 825 2548 ad
845 2497 967 2564 gloriam.
988 2514 1002 2542 o
1031 2492 1101 2543 Care
1124 2491 1209 2542 etiam
1231 2500 1266 2537 nt

736 2580 857 2636 unquam
877 2582 984 2618 crucem
1005 2563 1115 2615 Christo
1138 2559 1261 2617 fabrioet.

736 2640 778 2690 vel
801 2640 882 2689 dorso
907 2639 964 2702 ejus
993 2637 1128 2700 imponas.
1149 2631 1265 2683 (icum

736 2710 810 2760 enim
849 2708 950 2760 Christi
982 2708 1016 2757 rd
1053 2702 1265 2780 crucifigendum

737 2781 827 2846 ipsum
848 2780 1005 2845 perhibetur
1029 2786 1195 2841 carpentus,
1217 2784 1266 2839 qu

735 2852 768 2902 ad
805 2852 1013 2916 perpetrandum
1048 2849 1119 2898 mala
1155 2854 1266 2897 nouum

735 2922 879 2974 consilium
892 2933 917 2972 et
930 2921 1062 2972 auxilium
1081 2927 1228 2984 praestum
1238 2920 1267 2965 et

736 2994 816 3043 dorso
835 2991 938 3043 Christi
963 3005 1070 3041 crucem
1094 2986 1266 3052 baprinndm

736 3063 863 3130 imponit,
878 3062 925 3127 qui
944 3075 1081 3128 peccatum
1116 3070 1200 3109 suum
1220 3052 1267 3105 di·

736 3134 806 3185 vine
834 3131 996 3184 ordinationi
1016 3129 1150 3181 attribuit.
1168 3155 1202 3166 -
1215 3126 1267 3177 So·

735 3207 855 3256 eundum
876 3206 1069 3255 documentum
1094 3211 1143 3261 est,
1171 3211 1288 3250 secun

736 3279 801 3328 dum
832 3278 1022 3342 stropium,
1055 3274 1128 3342 quod
1162 3271 1213 3340 qui
1235 3268 1266 3321 od

737 3351 849 3401 modum
864 3349 964 3400 Christi
978 3350 1106 3415 magister
1118 3342 1170 3406 e'st,
1187 3344 1267 3396 deber

736 3422 794 3487 ipse
805 3421 894 3486 primo
906 3423 1000 3472 tollere
1012 3435 1129 3481 crucem,
1141 3428 1169 3469 et
1180 3415 1266 3467 timo-

736 3508 766 3544 re
782 3493 830 3543 Dei
850 3495 987 3560 propriam
1001 3509 1110 3545 mntem
1120 3488 1266 3554 crucifigo·

738 3580 781 3629 re;
795 3576 822 3616 et
839 3566 879 3616 sic
893 3565 1010 3616 subditis
1035 3575 1061 3616 et
1079 3560 1266 3614 obedientibus

736 3637 845 3689 salutari
859 3653 917 3689 orm
933 3637 1043 3702 angaria
1057 3637 1205 3701 imponere.
1223 3630 1267 3683 M

737 3708 960 3760 conformandum
974 3724 1003 3758 se
1016 3708 1080 3758 huic
1091 3705 1215 3765 articulo,
1227 3716 1268 3753 m

736 3794 900 3832 memoretur
926 3775 1009 3830 hoino
1036 3789 1137 3845 quatita
1162 3774 1269 3827 carim

736 3851 863 3903 Christus
874 3866 980 3901 crucem
1001 3848 1126 3916 portavit,
1141 3856 1170 3898 ot
1184 3858 1268 3914 qum-

736 3922 758 3973 ti
785 3921 913 3989 ponderis
941 3920 987 3971 illa
1009 3935 1079 3971 erun
1101 3917 1200 3979 inerit,
1223 3914 1267 3969 ed
