<?xml version="1.0" encoding="UTF-8"?>
<!DOCTYPE html PUBLIC "-//W3C//DTD XHTML 1.0 Transitional//EN"
    "http://www.w3.org/TR/xhtml1/DTD/xhtml1-transitional.dtd">
<html xmlns="http://www.w3.org/1999/xhtml" xml:lang="en" lang="en">
 <head>
  <title>
</title>
<meta http-equiv="Content-Type" content="text/html;charset=utf-8" />
  <meta name='ocr-system' content='tesseract 3.04.00' />
  <meta name='ocr-capabilities' content='ocr_page ocr_carea ocr_par ocr_line ocrx_word'/>
</head>
<body>
  <div class='ocr_page' id='page_1' title='image "./vitajesuchristi00rigogoog_0176.png"; bbox 0 0 2626 4328; ppageno 0'>
   <div class='ocr_carea' id='block_1_1' title="bbox 217 260 1027 323">
    <p class='ocr_par' dir='ltr' id='par_1_1' title="bbox 217 260 1027 323">
     <span class='ocr_line' id='line_1_1' title="bbox 217 260 1027 323; baseline 0.007 -13"><span class='ocrx_word' id='word_1_1' title='bbox 217 260 265 312; x_wconf 89' lang='lat' dir='ltr'>DE</span> <span class='ocrx_word' id='word_1_2' title='bbox 280 260 453 313; x_wconf 90' lang='lat' dir='ltr'>SECUNDIS</span> <span class='ocrx_word' id='word_1_3' title='bbox 467 260 642 323; x_wconf 88' lang='lat' dir='ltr'>VESPERIS,</span> <span class='ocrx_word' id='word_1_4' title='bbox 658 263 693 313; x_wconf 93' lang='lat' dir='ltr'>IN</span> <span class='ocrx_word' id='word_1_5' title='bbox 712 263 878 315; x_wconf 80' lang='lat' dir='ltr'>PASSIONE</span> <span class='ocrx_word' id='word_1_6' title='bbox 891 265 1027 317; x_wconf 86' lang='lat' dir='ltr'><strong>DOMINI.</strong></span> 
     </span>
    </p>
   </div>
   <div class='ocr_carea' id='block_1_2' title="bbox 59 375 601 1300">
    <p class='ocr_par' dir='ltr' id='par_1_2' title="bbox 59 375 601 1300">
     <span class='ocr_line' id='line_1_2' title="bbox 60 375 596 428; baseline 0.004 -2"><span class='ocrx_word' id='word_1_7' title='bbox 60 375 114 426; x_wconf 83' lang='lat' dir='ltr'>dus</span> <span class='ocrx_word' id='word_1_8' title='bbox 141 381 169 427; x_wconf 77' lang='lat' dir='ltr'>et</span> <span class='ocrx_word' id='word_1_9' title='bbox 199 377 373 427; x_wconf 79' lang='lat' dir='ltr'>rubicundus.</span> <span class='ocrx_word' id='word_1_10' title='bbox 404 377 483 427; x_wconf 75' lang='lat' dir='ltr'>Venit</span> <span class='ocrx_word' id='word_1_11' title='bbox 507 383 596 428; x_wconf 84' lang='lat' dir='ltr'>autem</span> 
     </span>
     <span class='ocr_line' id='line_1_3' title="bbox 60 449 596 514; baseline 0.006 -16"><span class='ocrx_word' id='word_1_12' title='bbox 60 463 125 498; x_wconf 90' lang='lat' dir='ltr'>cum</span> <span class='ocrx_word' id='word_1_13' title='bbox 138 463 170 498; x_wconf 92' lang='lat' dir='ltr'>eo</span> <span class='ocrx_word' id='word_1_14' title='bbox 187 455 213 499; x_wconf 85' lang='lat' dir='ltr'>et</span> <span class='ocrx_word' id='word_1_15' title='bbox 226 449 400 514; x_wconf 83' lang='lat' dir='ltr'>Nicodamus,</span> <span class='ocrx_word' id='word_1_16' title='bbox 415 465 444 500; x_wconf 90' lang='lat' dir='ltr'>se</span> <span class='ocrx_word' id='word_1_17' title='bbox 458 449 496 500; x_wconf 89' lang='lat' dir='ltr'>illi</span> <span class='ocrx_word' id='word_1_18' title='bbox 519 465 596 501; x_wconf 89' lang='lat' dir='ltr'>asso·</span> 
     </span>
     <span class='ocr_line' id='line_1_4' title="bbox 60 520 599 589; baseline 0.002 -18"><span class='ocrx_word' id='word_1_19' title='bbox 60 520 144 581; x_wconf 79' lang='lat' dir='ltr'>etms,</span> <span class='ocrx_word' id='word_1_20' title='bbox 162 521 192 570; x_wconf 92' lang='lat' dir='ltr'>in</span> <span class='ocrx_word' id='word_1_21' title='bbox 216 536 272 587; x_wconf 91' lang='lat' dir='ltr'>quo</span> <span class='ocrx_word' id='word_1_22' title='bbox 296 522 375 573; x_wconf 93' lang='lat' dir='ltr'>dolus</span> <span class='ocrx_word' id='word_1_23' title='bbox 399 538 451 572; x_wconf 93' lang='lat' dir='ltr'>non</span> <span class='ocrx_word' id='word_1_24' title='bbox 472 532 529 573; x_wconf 91' lang='lat' dir='ltr'>erat</span> <span class='ocrx_word' id='word_1_25' title='bbox 551 523 599 589; x_wconf 82' lang='lat' dir='ltr'>qui</span> 
     </span>
     <span class='ocr_line' id='line_1_5' title="bbox 60 590 597 656; baseline 0.004 -16"><span class='ocrx_word' id='word_1_26' title='bbox 60 590 139 656; x_wconf 89' lang='lat' dir='ltr'>prius</span> <span class='ocrx_word' id='word_1_27' title='bbox 152 591 267 641; x_wconf 88' lang='lat' dir='ltr'>timidus</span> <span class='ocrx_word' id='word_1_28' title='bbox 281 599 358 643; x_wconf 81' lang='lat' dir='ltr'>nocte</span> <span class='ocrx_word' id='word_1_29' title='bbox 376 593 414 643; x_wconf 85' lang='lat' dir='ltr'>ad</span> <span class='ocrx_word' id='word_1_30' title='bbox 433 592 526 642; x_wconf 77' lang='lat' dir='ltr'>lesum</span> <span class='ocrx_word' id='word_1_31' title='bbox 541 606 597 642; x_wconf 76' lang='grc' dir='ltr'>’νε-</span> 
     </span>
     <span class='ocr_line' id='line_1_6' title="bbox 60 663 597 728; baseline 0.004 -17"><span class='ocrx_word' id='word_1_32' title='bbox 60 663 279 728; x_wconf 80' lang='lat' dir='ltr'>ueratprimum,</span> <span class='ocrx_word' id='word_1_33' title='bbox 295 663 398 714; x_wconf 87' lang='lat' dir='ltr'>scilicet</span> <span class='ocrx_word' id='word_1_34' title='bbox 412 673 474 713; x_wconf 90' lang='lat' dir='ltr'>ante</span> <span class='ocrx_word' id='word_1_35' title='bbox 490 663 597 713; x_wconf 89' lang='lat' dir='ltr'>Passio-</span> 
     </span>
     <span class='ocr_line' id='line_1_7' title="bbox 60 736 598 803; baseline 0.004 -19"><span class='ocrx_word' id='word_1_36' title='bbox 60 750 134 796; x_wconf 84' lang='lat' dir='ltr'>nem,</span> <span class='ocrx_word' id='word_1_37' title='bbox 143 736 241 801; x_wconf 75' lang='lat' dir='ltr'>f&#39;erens</span> <span class='ocrx_word' id='word_1_38' title='bbox 255 750 342 787; x_wconf 87' lang='lat' dir='ltr'>secum</span> <span class='ocrx_word' id='word_1_39' title='bbox 356 737 504 787; x_wconf 81' lang='lat' dir='ltr'><strong><em>mixturam</em></strong></span> <span class='ocrx_word' id='word_1_40' title='bbox 518 751 598 803; x_wconf 86' lang='lat' dir='ltr'>myr-</span> 
     </span>
     <span class='ocr_line' id='line_1_8' title="bbox 60 805 597 873; baseline 0 -18"><span class='ocrx_word' id='word_1_41' title='bbox 60 806 120 856; x_wconf 78' lang='lat' dir='ltr'>ruae</span> <span class='ocrx_word' id='word_1_42' title='bbox 134 814 162 855; x_wconf 84' lang='lat' dir='ltr'>et</span> <span class='ocrx_word' id='word_1_43' title='bbox 176 805 260 870; x_wconf 85' lang='lat' dir='ltr'>aloes,</span> <span class='ocrx_word' id='word_1_44' title='bbox 275 807 354 873; x_wconf 83' lang='lat' dir='ltr'><em>quasi</em></span> <span class='ocrx_word' id='word_1_45' title='bbox 377 807 462 857; x_wconf 82' lang='lat' dir='ltr'>libras</span> <span class='ocrx_word' id='word_1_46' title='bbox 483 813 597 868; x_wconf 84' lang='lat' dir='ltr'>centum,</span> 
     </span>
     <span class='ocr_line' id='line_1_9' title="bbox 60 877 598 944; baseline 0 -16"><span class='ocrx_word' id='word_1_47' title='bbox 60 878 93 928; x_wconf 90' lang='lat' dir='ltr'>ad</span> <span class='ocrx_word' id='word_1_48' title='bbox 108 877 201 944; x_wconf 88' lang='lat' dir='ltr'>ipsum</span> <span class='ocrx_word' id='word_1_49' title='bbox 221 879 413 929; x_wconf 91' lang='lat' dir='ltr'>condiendum.</span> <span class='ocrx_word' id='word_1_50' title='bbox 439 879 501 929; x_wconf 86' lang='lat' dir='ltr'>Haec</span> <span class='ocrx_word' id='word_1_51' title='bbox 524 879 598 929; x_wconf 89' lang='lat' dir='ltr'>enim</span> 
     </span>
     <span class='ocr_line' id='line_1_10' title="bbox 59 949 598 1015; baseline 0.002 -17"><span class='ocrx_word' id='word_1_52' title='bbox 59 959 192 1008; x_wconf 84' lang='lat' dir='ltr'>aromata,</span> <span class='ocrx_word' id='word_1_53' title='bbox 208 949 320 1015; x_wconf 85' lang='lat' dir='ltr'>myrrha</span> <span class='ocrx_word' id='word_1_54' title='bbox 342 949 443 1000; x_wconf 89' lang='lat' dir='ltr'>scilicet</span> <span class='ocrx_word' id='word_1_55' title='bbox 466 959 492 999; x_wconf 90' lang='lat' dir='ltr'>et</span> <span class='ocrx_word' id='word_1_56' title='bbox 516 951 598 1008; x_wconf 89' lang='lat' dir='ltr'>aloes,</span> 
     </span>
     <span class='ocr_line' id='line_1_11' title="bbox 60 1019 598 1070; baseline -0.004 0"><span class='ocrx_word' id='word_1_57' title='bbox 60 1034 111 1070; x_wconf 83' lang='lat' dir='ltr'>sua</span> <span class='ocrx_word' id='word_1_58' title='bbox 134 1019 315 1069; x_wconf 82' lang='lat' dir='ltr'>amaritudine</span> <span class='ocrx_word' id='word_1_59' title='bbox 337 1029 427 1070; x_wconf 85' lang='lat' dir='ltr'>arcent</span> <span class='ocrx_word' id='word_1_60' title='bbox 453 1035 557 1070; x_wconf 89' lang='lat' dir='ltr'>vermes</span> <span class='ocrx_word' id='word_1_61' title='bbox 584 1035 598 1068; x_wconf 86' lang='lat' dir='ltr'>a</span> 
     </span>
     <span class='ocr_line' id='line_1_12' title="bbox 60 1092 599 1158; baseline -0.004 -16"><span class='ocrx_word' id='word_1_62' title='bbox 60 1092 223 1158; x_wconf 86' lang='lat' dir='ltr'>corporibus</span> <span class='ocrx_word' id='word_1_63' title='bbox 248 1101 430 1152; x_wconf 88' lang='lat' dir='ltr'>mortuorum,</span> <span class='ocrx_word' id='word_1_64' title='bbox 461 1103 487 1143; x_wconf 95' lang='lat' dir='ltr'>et</span> <span class='ocrx_word' id='word_1_65' title='bbox 515 1107 599 1158; x_wconf 89' lang='lat' dir='ltr'>quam</span> 
     </span>
     <span class='ocr_line' id='line_1_13' title="bbox 62 1162 601 1229; baseline -0.004 -15"><span class='ocrx_word' id='word_1_66' title='bbox 62 1162 213 1229; x_wconf 87' lang='lat' dir='ltr'>plurimum</span> <span class='ocrx_word' id='word_1_67' title='bbox 242 1179 272 1213; x_wconf 92' lang='lat' dir='ltr'>ea</span> <span class='ocrx_word' id='word_1_68' title='bbox 289 1174 457 1226; x_wconf 89' lang='lat' dir='ltr'>conservant,</span> <span class='ocrx_word' id='word_1_69' title='bbox 476 1180 527 1214; x_wconf 91' lang='lat' dir='ltr'>nec</span> <span class='ocrx_word' id='word_1_70' title='bbox 547 1163 601 1214; x_wconf 91' lang='lat' dir='ltr'>cito</span> 
     </span>
     <span class='ocr_line' id='line_1_14' title="bbox 62 1234 601 1300; baseline 0 -15"><span class='ocrx_word' id='word_1_71' title='bbox 62 1234 232 1300; x_wconf 87' lang='lat' dir='ltr'>corruptioni</span> <span class='ocrx_word' id='word_1_72' title='bbox 247 1235 343 1299; x_wconf 87' lang='lat' dir='ltr'>subjici</span> <span class='ocrx_word' id='word_1_73' title='bbox 356 1235 524 1300; x_wconf 86' lang='lat' dir='ltr'>permittunt.</span> <span class='ocrx_word' id='word_1_74' title='bbox 540 1236 601 1295; x_wconf 91' lang='lat' dir='ltr'>lste,</span> 
     </span>
    </p>
   </div>
   <div class='ocr_carea' id='block_1_3' title="bbox 62 1305 614 1369">
    <p class='ocr_par' dir='ltr' id='par_1_3' title="bbox 62 1305 614 1369">
     <span class='ocr_line' id='line_1_15' title="bbox 62 1305 614 1369; baseline -0.002 -13"><span class='ocrx_word' id='word_1_75' title='bbox 62 1313 127 1356; x_wconf 88' lang='lat' dir='ltr'>ante</span> <span class='ocrx_word' id='word_1_76' title='bbox 140 1305 298 1355; x_wconf 81' lang='lat' dir='ltr'>Passionem</span> <span class='ocrx_word' id='word_1_77' title='bbox 314 1305 424 1366; x_wconf 89' lang='lat' dir='ltr'><strong>Christi,</strong></span> <span class='ocrx_word' id='word_1_78' title='bbox 438 1306 508 1355; x_wconf 91' lang='lat' dir='ltr'>sicut</span> <span class='ocrx_word' id='word_1_79' title='bbox 521 1313 548 1354; x_wconf 90' lang='lat' dir='ltr'>et</span> <span class='ocrx_word' id='word_1_80' title='bbox 560 1305 614 1369; x_wconf 84' lang='lat' dir='ltr'>Jo-¹</span> 
     </span>
    </p>
   </div>
   <div class='ocr_carea' id='block_1_4' title="bbox 62 1374 611 3945">
    <p class='ocr_par' dir='ltr' id='par_1_4' title="bbox 62 1374 611 3945">
     <span class='ocr_line' id='line_1_16' title="bbox 62 1374 602 1441; baseline -0.002 -16"><span class='ocrx_word' id='word_1_81' title='bbox 62 1375 141 1441; x_wconf 85' lang='lat' dir='ltr'>seph,</span> <span class='ocrx_word' id='word_1_82' title='bbox 155 1385 213 1425; x_wconf 92' lang='lat' dir='ltr'>erat</span> <span class='ocrx_word' id='word_1_83' title='bbox 226 1374 376 1440; x_wconf 90' lang='lat' dir='ltr'>discipulus</span> <span class='ocrx_word' id='word_1_84' title='bbox 390 1375 500 1425; x_wconf 86' lang='lat' dir='ltr'>Domini</span> <span class='ocrx_word' id='word_1_85' title='bbox 515 1376 602 1424; x_wconf 91' lang='lat' dir='ltr'>occul·</span> 
     </span>
     <span class='ocr_line' id='line_1_17' title="bbox 64 1445 602 1512; baseline -0.006 -15"><span class='ocrx_word' id='word_1_86' title='bbox 64 1458 118 1506; x_wconf 87' lang='lat' dir='ltr'>tus,</span> <span class='ocrx_word' id='word_1_87' title='bbox 133 1447 182 1497; x_wconf 88' lang='lat' dir='ltr'>sed</span> <span class='ocrx_word' id='word_1_88' title='bbox 197 1457 258 1512; x_wconf 91' lang='lat' dir='ltr'>post</span> <span class='ocrx_word' id='word_1_89' title='bbox 275 1446 430 1497; x_wconf 85' lang='lat' dir='ltr'>Passionem</span> <span class='ocrx_word' id='word_1_90' title='bbox 445 1445 602 1496; x_wconf 90' lang='lat' dir='ltr'>manifesta-</span> 
     </span>
     <span class='ocr_line' id='line_1_18' title="bbox 63 1516 603 1577; baseline -0.004 -10"><span class='ocrx_word' id='word_1_91' title='bbox 63 1517 158 1577; x_wconf 79' lang='lat' dir='ltr'>vitse,</span> <span class='ocrx_word' id='word_1_92' title='bbox 182 1517 253 1567; x_wconf 90' lang='lat' dir='ltr'>sicut</span> <span class='ocrx_word' id='word_1_93' title='bbox 274 1528 300 1567; x_wconf 90' lang='lat' dir='ltr'>et</span> <span class='ocrx_word' id='word_1_94' title='bbox 321 1517 376 1577; x_wconf 88' lang='lat' dir='ltr'>ille,</span> <span class='ocrx_word' id='word_1_95' title='bbox 401 1527 428 1567; x_wconf 91' lang='lat' dir='ltr'>et</span> <span class='ocrx_word' id='word_1_96' title='bbox 452 1516 538 1566; x_wconf 88' lang='lat' dir='ltr'>factus</span> <span class='ocrx_word' id='word_1_97' title='bbox 561 1524 603 1566; x_wconf 92' lang='lat' dir='ltr'>est</span> 
     </span>
     <span class='ocr_line' id='line_1_19' title="bbox 63 1589 603 1656; baseline -0.004 -16"><span class='ocrx_word' id='word_1_98' title='bbox 63 1589 200 1656; x_wconf 88' lang='lat' dir='ltr'>publicus,</span> <span class='ocrx_word' id='word_1_99' title='bbox 224 1590 271 1640; x_wconf 89' lang='lat' dir='ltr'>sed</span> <span class='ocrx_word' id='word_1_100' title='bbox 294 1590 417 1639; x_wconf 91' lang='lat' dir='ltr'>nondum</span> <span class='ocrx_word' id='word_1_101' title='bbox 437 1589 541 1639; x_wconf 89' lang='lat' dir='ltr'>habens</span> <span class='ocrx_word' id='word_1_102' title='bbox 554 1603 603 1638; x_wconf 86' lang='lat' dir='ltr'>ve-</span> 
     </span>
     <span class='ocr_line' id='line_1_20' title="bbox 62 1659 603 1725; baseline -0.006 -13"><span class='ocrx_word' id='word_1_103' title='bbox 62 1677 122 1712; x_wconf 87' lang='lat' dir='ltr'>ram</span> <span class='ocrx_word' id='word_1_104' title='bbox 143 1661 227 1712; x_wconf 87' lang='lat' dir='ltr'>fidem</span> <span class='ocrx_word' id='word_1_105' title='bbox 255 1661 288 1711; x_wconf 90' lang='lat' dir='ltr'>de</span> <span class='ocrx_word' id='word_1_106' title='bbox 304 1660 517 1721; x_wconf 88' lang='lat' dir='ltr'>Resurrectione,</span> <span class='ocrx_word' id='word_1_107' title='bbox 539 1659 603 1725; x_wconf 85' lang='lat' dir='ltr'>quia</span> 
     </span>
     <span class='ocr_line' id='line_1_21' title="bbox 62 1734 602 1817; baseline -0.006 -32"><span class='ocrx_word' id='word_1_108' title='bbox 62 1735 154 1786; x_wconf 88' lang='lat' dir='ltr'>attulit</span> <span class='ocrx_word' id='word_1_109' title='bbox 169 1735 310 1817; x_wconf 82' lang='lat' dir='ltr'>myrrham</span> <span class='ocrx_word' id='word_1_110' title='bbox 325 1747 351 1785; x_wconf 89' lang='lat' dir='ltr'>et</span> <span class='ocrx_word' id='word_1_111' title='bbox 366 1735 434 1792; x_wconf 90' lang='lat' dir='ltr'>aloe,</span> <span class='ocrx_word' id='word_1_112' title='bbox 449 1734 526 1800; x_wconf 87' lang='lat' dir='ltr'>quasi</span> <span class='ocrx_word' id='word_1_113' title='bbox 541 1748 602 1782; x_wconf 90' lang='lat' dir='ltr'>cor-</span> 
     </span>
     <span class='ocr_line' id='line_1_22' title="bbox 64 1805 601 1874; baseline -0.007 -17"><span class='ocrx_word' id='word_1_114' title='bbox 64 1808 190 1874; x_wconf 69' lang='lat' dir='ltr'>puaejus</span> <span class='ocrx_word' id='word_1_115' title='bbox 208 1805 310 1856; x_wconf 90' lang='lat' dir='ltr'>muniri</span> <span class='ocrx_word' id='word_1_116' title='bbox 329 1805 464 1870; x_wconf 86' lang='lat' dir='ltr'>indigeret</span> <span class='ocrx_word' id='word_1_117' title='bbox 478 1820 493 1854; x_wconf 92' lang='lat' dir='ltr'>a</span> <span class='ocrx_word' id='word_1_118' title='bbox 506 1814 601 1870; x_wconf 80' lang='lat' dir='ltr'>putro-</span> 
     </span>
     <span class='ocr_line' id='line_1_23' title="bbox 62 1871 603 1936; baseline -0.009 -9"><span class='ocrx_word' id='word_1_119' title='bbox 62 1871 137 1927; x_wconf 81' lang='lat' dir='ltr'>dine.</span> <span class='ocrx_word' id='word_1_120' title='bbox 161 1876 200 1926; x_wconf 87' lang='lat' dir='ltr'>Et</span> <span class='ocrx_word' id='word_1_121' title='bbox 223 1876 294 1936; x_wconf 89' lang='lat' dir='ltr'>ideo,</span> <span class='ocrx_word' id='word_1_122' title='bbox 315 1876 378 1926; x_wconf 89' lang='lat' dir='ltr'>licet</span> <span class='ocrx_word' id='word_1_123' title='bbox 406 1890 438 1924; x_wconf 84' lang='lat' dir='ltr'>ex</span> <span class='ocrx_word' id='word_1_124' title='bbox 460 1874 603 1924; x_wconf 87' lang='lat' dir='ltr'>devotione</span> 
     </span>
     <span class='ocr_line' id='line_1_24' title="bbox 68 1945 603 2008; baseline -0.007 -11"><span class='ocrx_word' id='word_1_125' title='bbox 68 1958 140 1998; x_wconf 88' lang='lat' dir='ltr'>stam</span> <span class='ocrx_word' id='word_1_126' title='bbox 170 1946 326 1996; x_wconf 91' lang='lat' dir='ltr'>unctionem</span> <span class='ocrx_word' id='word_1_127' title='bbox 352 1945 465 2008; x_wconf 84' lang='lat' dir='ltr'>faceret,</span> <span class='ocrx_word' id='word_1_128' title='bbox 496 1945 603 1995; x_wconf 85' lang='lat' dir='ltr'>videtur</span> 
     </span>
     <span class='ocr_line' id='line_1_25' title="bbox 64 2018 603 2086; baseline -0.009 -14"><span class='ocrx_word' id='word_1_129' title='bbox 64 2031 156 2072; x_wconf 77' lang='lat' dir='ltr'>tamen</span> <span class='ocrx_word' id='word_1_130' title='bbox 183 2020 256 2086; x_wconf 85' lang='lat' dir='ltr'>quod</span> <span class='ocrx_word' id='word_1_131' title='bbox 285 2021 392 2086; x_wconf 85' lang='lat' dir='ltr'>plenam</span> <span class='ocrx_word' id='word_1_132' title='bbox 420 2019 545 2070; x_wconf 88' lang='lat' dir='ltr'>notitiam</span> <span class='ocrx_word' id='word_1_133' title='bbox 570 2018 603 2067; x_wconf 91' lang='lat' dir='ltr'>de</span> 
     </span>
     <span class='ocr_line' id='line_1_26' title="bbox 64 2089 602 2148; baseline -0.007 -7"><span class='ocrx_word' id='word_1_134' title='bbox 64 2089 273 2142; x_wconf 87' lang='lat' dir='ltr'>Resurrectione</span> <span class='ocrx_word' id='word_1_135' title='bbox 289 2089 392 2140; x_wconf 86' lang='lat' dir='ltr'>Christi</span> <span class='ocrx_word' id='word_1_136' title='bbox 412 2105 466 2139; x_wconf 92' lang='lat' dir='ltr'>non</span> <span class='ocrx_word' id='word_1_137' title='bbox 484 2089 602 2148; x_wconf 87' lang='lat' dir='ltr'>haberet,</span> 
     </span>
     <span class='ocr_line' id='line_1_27' title="bbox 64 2158 604 2228; baseline -0.006 -16"><span class='ocrx_word' id='word_1_138' title='bbox 64 2161 132 2228; x_wconf 88' lang='lat' dir='ltr'>qnia</span> <span class='ocrx_word' id='word_1_139' title='bbox 147 2161 181 2211; x_wconf 89' lang='lat' dir='ltr'>de</span> <span class='ocrx_word' id='word_1_140' title='bbox 194 2176 226 2212; x_wconf 94' lang='lat' dir='ltr'>eo</span> <span class='ocrx_word' id='word_1_141' title='bbox 241 2158 373 2226; x_wconf 83' lang='lat' dir='ltr'>scriptum</span> <span class='ocrx_word' id='word_1_142' title='bbox 385 2169 460 2210; x_wconf 89' lang='lat' dir='ltr'>erat:</span> <span class='ocrx_word' id='word_1_143' title='bbox 476 2161 538 2210; x_wconf 87' lang='lat' dir='ltr'>Non</span> <span class='ocrx_word' id='word_1_144' title='bbox 557 2159 604 2209; x_wconf 84' lang='lat' dir='ltr'>da·</span> 
     </span>
     <span class='ocr_line' id='line_1_28' title="bbox 66 2231 605 2298; baseline -0.004 -14"><span class='ocrx_word' id='word_1_145' title='bbox 66 2234 109 2284; x_wconf 77' lang='lat' dir='ltr'>iis</span> <span class='ocrx_word' id='word_1_146' title='bbox 120 2233 252 2285; x_wconf 78' lang='lat' dir='ltr'>Sancmm</span> <span class='ocrx_word' id='word_1_147' title='bbox 267 2240 339 2282; x_wconf 84' lang='lat' dir='ltr'>tuum</span> <span class='ocrx_word' id='word_1_148' title='bbox 353 2232 444 2282; x_wconf 83' lang='lat' dir='ltr'>uidere</span> <span class='ocrx_word' id='word_1_149' title='bbox 456 2231 605 2298; x_wconf 81' lang='lat' dir='ltr'>corruptio-</span> 
     </span>
     <span class='ocr_line' id='line_1_29' title="bbox 65 2302 605 2370; baseline -0.009 -14"><span class='ocrx_word' id='word_1_150' title='bbox 65 2318 135 2368; x_wconf 68' lang='grc' dir='ltr'>παπ,</span> <span class='ocrx_word' id='word_1_151' title='bbox 159 2315 272 2370; x_wconf 89' lang='lat' dir='ltr'>propter</span> <span class='ocrx_word' id='word_1_152' title='bbox 288 2303 363 2369; x_wconf 90' lang='lat' dir='ltr'>quod</span> <span class='ocrx_word' id='word_1_153' title='bbox 387 2318 441 2353; x_wconf 93' lang='lat' dir='ltr'>non</span> <span class='ocrx_word' id='word_1_154' title='bbox 467 2302 605 2369; x_wconf 82' lang='lat' dir='ltr'>indigebat</span> 
     </span>
     <span class='ocr_line' id='line_1_30' title="bbox 64 2375 603 2440; baseline -0.009 -12"><span class='ocrx_word' id='word_1_155' title='bbox 64 2375 197 2428; x_wconf 83' lang='lat' dir='ltr'>unctione</span> <span class='ocrx_word' id='word_1_156' title='bbox 212 2385 387 2425; x_wconf 82' lang='lat' dir='ltr'>conservante</span> <span class='ocrx_word' id='word_1_157' title='bbox 401 2385 495 2424; x_wconf 89' lang='lat' dir='ltr'>contra</span> <span class='ocrx_word' id='word_1_158' title='bbox 509 2383 603 2440; x_wconf 89' lang='lat' dir='ltr'>putre-</span> 
     </span>
     <span class='ocr_line' id='line_1_31' title="bbox 64 2445 605 2512; baseline -0.007 -14"><span class='ocrx_word' id='word_1_159' title='bbox 64 2447 221 2498; x_wconf 85' lang='lat' dir='ltr'>factionem.</span> <span class='ocrx_word' id='word_1_160' title='bbox 237 2446 315 2496; x_wconf 85' lang='lat' dir='ltr'>Unde</span> <span class='ocrx_word' id='word_1_161' title='bbox 326 2445 362 2495; x_wconf 90' lang='lat' dir='ltr'>ait</span> <span class='ocrx_word' id='word_1_162' title='bbox 374 2446 605 2512; x_wconf 75' lang='lat' dir='ltr'>chrysostomus:</span> 
     </span>
     <span class='ocr_line' id='line_1_32' title="bbox 66 2516 605 2569; baseline 0 -4"><span class='ocrx_word' id='word_1_163' title='bbox 66 2538 80 2565; x_wconf 77' lang='grc' dir='ltr'><strong>α</strong></span> <span class='ocrx_word' id='word_1_164' title='bbox 95 2519 194 2569; x_wconf 80' lang='lat' dir='ltr'>Adhuc</span> <span class='ocrx_word' id='word_1_165' title='bbox 208 2517 282 2567; x_wconf 90' lang='lat' dir='ltr'>enim</span> <span class='ocrx_word' id='word_1_166' title='bbox 296 2527 327 2567; x_wconf 92' lang='lat' dir='ltr'>ut</span> <span class='ocrx_word' id='word_1_167' title='bbox 346 2517 380 2568; x_wconf 89' lang='lat' dir='ltr'>de</span> <span class='ocrx_word' id='word_1_168' title='bbox 395 2519 469 2566; x_wconf 91' lang='lat' dir='ltr'>nudo</span> <span class='ocrx_word' id='word_1_169' title='bbox 492 2516 605 2566; x_wconf 90' lang='lat' dir='ltr'>homine</span> 
     </span>
     <span class='ocr_line' id='line_1_33' title="bbox 65 2588 605 2655; baseline -0.007 -16"><span class='ocrx_word' id='word_1_170' title='bbox 65 2588 269 2655; x_wconf 81' lang='lat' dir='ltr'>disponebant,</span> <span class='ocrx_word' id='word_1_171' title='bbox 296 2588 343 2638; x_wconf 91' lang='lat' dir='ltr'>sed</span> <span class='ocrx_word' id='word_1_172' title='bbox 373 2599 462 2637; x_wconf 91' lang='lat' dir='ltr'>tamen</span> <span class='ocrx_word' id='word_1_173' title='bbox 491 2588 605 2636; x_wconf 90' lang='lat' dir='ltr'>multam</span> 
     </span>
     <span class='ocr_line' id='line_1_34' title="bbox 65 2658 605 2712; baseline -0.007 0"><span class='ocrx_word' id='word_1_174' title='bbox 65 2660 240 2712; x_wconf 85' lang='lat' dir='ltr'>dilectionem</span> <span class='ocrx_word' id='word_1_175' title='bbox 266 2660 499 2710; x_wconf 84' lang='lat' dir='ltr'>demonstrabant.</span> <span class='ocrx_word' id='word_1_176' title='bbox 527 2678 541 2706; x_wconf 80' lang='lat' dir='ltr'>n</span> <span class='ocrx_word' id='word_1_177' title='bbox 566 2658 605 2708; x_wconf 89' lang='lat' dir='ltr'>De</span> 
     </span>
     <span class='ocr_line' id='line_1_35' title="bbox 66 2731 606 2798; baseline -0.01 -14"><span class='ocrx_word' id='word_1_178' title='bbox 66 2734 121 2784; x_wconf 82' lang='lat' dir='ltr'>isto</span> <span class='ocrx_word' id='word_1_179' title='bbox 146 2732 297 2782; x_wconf 81' lang='lat' dir='ltr'>Nicodemo</span> <span class='ocrx_word' id='word_1_180' title='bbox 324 2732 424 2798; x_wconf 88' lang='lat' dir='ltr'>legitur</span> <span class='ocrx_word' id='word_1_181' title='bbox 447 2733 476 2783; x_wconf 90' lang='lat' dir='ltr'>in</span> <span class='ocrx_word' id='word_1_182' title='bbox 503 2731 606 2782; x_wconf 81' lang='lat' dir='ltr'>revela</span> 
     </span>
     <span class='ocr_line' id='line_1_36' title="bbox 65 2803 607 2870; baseline -0.008 -16"><span class='ocrx_word' id='word_1_183' title='bbox 65 2805 142 2855; x_wconf 85' lang='lat' dir='ltr'>tione</span> <span class='ocrx_word' id='word_1_184' title='bbox 155 2803 275 2868; x_wconf 89' lang='lat' dir='ltr'>corporis</span> <span class='ocrx_word' id='word_1_185' title='bbox 290 2803 359 2853; x_wconf 89' lang='lat' dir='ltr'>beati</span> <span class='ocrx_word' id='word_1_186' title='bbox 370 2803 532 2870; x_wconf 77' lang='lat' dir='ltr'>sthephani,</span> <span class='ocrx_word' id='word_1_187' title='bbox 549 2817 607 2867; x_wconf 89' lang='lat' dir='ltr'>pro-</span> 
     </span>
     <span class='ocr_line' id='line_1_37' title="bbox 66 2873 606 2939; baseline -0.008 -13"><span class='ocrx_word' id='word_1_188' title='bbox 66 2875 235 2939; x_wconf 81' lang='lat' dir='ltr'>tomartyris.</span> <span class='ocrx_word' id='word_1_189' title='bbox 256 2874 308 2924; x_wconf 89' lang='lat' dir='ltr'>Per</span> <span class='ocrx_word' id='word_1_190' title='bbox 328 2875 438 2939; x_wconf 88' lang='lat' dir='ltr'>Joseph,</span> <span class='ocrx_word' id='word_1_191' title='bbox 455 2874 502 2939; x_wconf 90' lang='lat' dir='ltr'>qui</span> <span class='ocrx_word' id='word_1_192' title='bbox 519 2873 606 2923; x_wconf 89' lang='lat' dir='ltr'>inter-</span> 
     </span>
     <span class='ocr_line' id='line_1_38' title="bbox 67 2942 608 3012; baseline -0.004 -18"><span class='ocrx_word' id='word_1_193' title='bbox 67 2942 199 3012; x_wconf 72' lang='lat' dir='ltr'>pretatur</span> <span class='ocrx_word' id='word_1_194' title='bbox 213 2958 380 3007; x_wconf 81' lang='lat' dir='ltr'>accrescens,</span> <span class='ocrx_word' id='word_1_195' title='bbox 405 2942 608 3009; x_wconf 85' lang='lat' dir='ltr'>significabatur</span> 
     </span>
     <span class='ocr_line' id='line_1_39' title="bbox 66 3016 607 3086; baseline -0.006 -17"><span class='ocrx_word' id='word_1_196' title='bbox 66 3033 185 3086; x_wconf 78' lang='lat' dir='ltr'>persona</span> <span class='ocrx_word' id='word_1_197' title='bbox 198 3032 320 3067; x_wconf 87' lang='lat' dir='ltr'>crescens</span> <span class='ocrx_word' id='word_1_198' title='bbox 335 3017 363 3066; x_wconf 92' lang='lat' dir='ltr'>in</span> <span class='ocrx_word' id='word_1_199' title='bbox 376 3016 532 3074; x_wconf 87' lang='lat' dir='ltr'>virtutibus,</span> <span class='ocrx_word' id='word_1_200' title='bbox 546 3031 607 3081; x_wconf 84' lang='lat' dir='ltr'>quae</span> 
     </span>
     <span class='ocr_line' id='line_1_40' title="bbox 67 3086 607 3154; baseline -0.007 -14"><span class='ocrx_word' id='word_1_201' title='bbox 67 3103 171 3154; x_wconf 85' lang='lat' dir='ltr'>corpus</span> <span class='ocrx_word' id='word_1_202' title='bbox 196 3087 309 3137; x_wconf 88' lang='lat' dir='ltr'>Domini</span> <span class='ocrx_word' id='word_1_203' title='bbox 338 3088 472 3153; x_wconf 89' lang='lat' dir='ltr'>postulat,</span> <span class='ocrx_word' id='word_1_204' title='bbox 498 3086 607 3151; x_wconf 90' lang='lat' dir='ltr'>quando</span> 
     </span>
     <span class='ocr_line' id='line_1_41' title="bbox 67 3158 608 3230; baseline -0.006 -19"><span class='ocrx_word' id='word_1_205' title='bbox 67 3177 120 3230; x_wconf 87' lang='lat' dir='ltr'>pro</span> <span class='ocrx_word' id='word_1_206' title='bbox 145 3161 227 3228; x_wconf 85' lang='lat' dir='ltr'>digna</span> <span class='ocrx_word' id='word_1_207' title='bbox 251 3161 404 3226; x_wconf 80' lang='lat' dir='ltr'>receptione</span> <span class='ocrx_word' id='word_1_208' title='bbox 429 3158 608 3209; x_wconf 72' lang='lat' dir='ltr'>Eucharistiae</span> 
     </span>
     <span class='ocr_line' id='line_1_42' title="bbox 65 3228 608 3298; baseline -0.009 -13"><span class='ocrx_word' id='word_1_209' title='bbox 65 3235 157 3285; x_wconf 86' lang='lat' dir='ltr'>Deum</span> <span class='ocrx_word' id='word_1_210' title='bbox 173 3228 330 3298; x_wconf 87' lang='lat' dir='ltr'>suppliciter</span> <span class='ocrx_word' id='word_1_211' title='bbox 342 3242 408 3282; x_wconf 88' lang='lat' dir='ltr'>orat.</span> <span class='ocrx_word' id='word_1_212' title='bbox 427 3231 478 3281; x_wconf 79' lang='lat' dir='ltr'>Per</span> <span class='ocrx_word' id='word_1_213' title='bbox 493 3229 608 3280; x_wconf 91' lang='lat' dir='ltr'>Nicode-</span> 
     </span>
     <span class='ocr_line' id='line_1_43' title="bbox 64 3300 609 3369; baseline -0.011 -13"><span class='ocrx_word' id='word_1_214' title='bbox 64 3319 145 3356; x_wconf 86' lang='lat' dir='ltr'>mum</span> <span class='ocrx_word' id='word_1_215' title='bbox 159 3319 223 3354; x_wconf 88' lang='lat' dir='ltr'>vero</span> <span class='ocrx_word' id='word_1_216' title='bbox 239 3303 367 3369; x_wconf 81' lang='lat' dir='ltr'>peritum,</span> <span class='ocrx_word' id='word_1_217' title='bbox 384 3300 553 3368; x_wconf 84' lang='lat' dir='ltr'>significatur</span> <span class='ocrx_word' id='word_1_218' title='bbox 564 3301 609 3350; x_wconf 89' lang='lat' dir='ltr'>do-</span> 
     </span>
     <span class='ocr_line' id='line_1_44' title="bbox 65 3373 609 3436; baseline -0.011 -8"><span class='ocrx_word' id='word_1_219' title='bbox 65 3386 127 3428; x_wconf 88' lang='lat' dir='ltr'>ctor</span> <span class='ocrx_word' id='word_1_220' title='bbox 140 3377 239 3436; x_wconf 89' lang='lat' dir='ltr'>bonus,</span> <span class='ocrx_word' id='word_1_221' title='bbox 254 3375 341 3426; x_wconf 90' lang='lat' dir='ltr'>ferens</span> <span class='ocrx_word' id='word_1_222' title='bbox 357 3375 512 3435; x_wconf 79' lang='lat' dir='ltr'>mixturam,</span> <span class='ocrx_word' id='word_1_223' title='bbox 528 3373 556 3423; x_wconf 93' lang='lat' dir='ltr'>id</span> <span class='ocrx_word' id='word_1_224' title='bbox 568 3383 609 3423; x_wconf 88' lang='lat' dir='ltr'>est</span> 
     </span>
     <span class='ocr_line' id='line_1_45' title="bbox 64 3446 609 3498; baseline -0.007 0"><span class='ocrx_word' id='word_1_225' title='bbox 64 3447 220 3498; x_wconf 86' lang='lat' dir='ltr'>doctrinam</span> <span class='ocrx_word' id='word_1_226' title='bbox 241 3461 273 3496; x_wconf 80' lang='lat' dir='ltr'>ex</span> <span class='ocrx_word' id='word_1_227' title='bbox 299 3446 505 3496; x_wconf 87' lang='lat' dir='ltr'>auctoritatibus</span> <span class='ocrx_word' id='word_1_228' title='bbox 529 3459 609 3495; x_wconf 74' lang='lat' dir='ltr'>sacrae</span> 
     </span>
     <span class='ocr_line' id='line_1_46' title="bbox 65 3515 609 3583; baseline -0.013 -13"><span class='ocrx_word' id='word_1_229' title='bbox 65 3515 216 3583; x_wconf 78' lang='lat' dir='ltr'>Scriptura</span> <span class='ocrx_word' id='word_1_230' title='bbox 230 3515 388 3574; x_wconf 87' lang='lat' dir='ltr'>confectam,</span> <span class='ocrx_word' id='word_1_231' title='bbox 403 3516 436 3565; x_wconf 85' lang='lat' dir='ltr'>ad</span> <span class='ocrx_word' id='word_1_232' title='bbox 451 3516 609 3581; x_wconf 90' lang='lat' dir='ltr'>ungendum</span> 
     </span>
     <span class='ocr_line' id='line_1_47' title="bbox 65 3585 609 3654; baseline -0.006 -17"><span class='ocrx_word' id='word_1_233' title='bbox 65 3602 171 3654; x_wconf 83' lang='lat' dir='ltr'>corpus</span> <span class='ocrx_word' id='word_1_234' title='bbox 196 3586 297 3637; x_wconf 88' lang='lat' dir='ltr'>Christi</span> <span class='ocrx_word' id='word_1_235' title='bbox 316 3587 476 3651; x_wconf 90' lang='lat' dir='ltr'>mysticum,</span> <span class='ocrx_word' id='word_1_236' title='bbox 496 3585 530 3635; x_wconf 87' lang='lat' dir='ltr'>ad</span> <span class='ocrx_word' id='word_1_237' title='bbox 551 3585 609 3650; x_wconf 85' lang='lat' dir='ltr'>ejus</span> 
     </span>
     <span class='ocr_line' id='line_1_48' title="bbox 64 3659 609 3719; baseline -0.011 -5"><span class='ocrx_word' id='word_1_238' title='bbox 64 3661 194 3714; x_wconf 81' lang='lat' dir='ltr'>salutem.</span> <span class='ocrx_word' id='word_1_239' title='bbox 211 3662 243 3710; x_wconf 91' lang='lat' dir='ltr'>ln</span> <span class='ocrx_word' id='word_1_240' title='bbox 266 3661 380 3710; x_wconf 87' lang='lat' dir='ltr'>sindone</span> <span class='ocrx_word' id='word_1_241' title='bbox 402 3660 482 3710; x_wconf 88' lang='lat' dir='ltr'>etiam</span> <span class='ocrx_word' id='word_1_242' title='bbox 499 3659 609 3719; x_wconf 85' lang='lat' dir='ltr'>munda,</span> 
     </span>
     <span class='ocr_line' id='line_1_49' title="bbox 66 3731 611 3800; baseline -0.011 -16"><span class='ocrx_word' id='word_1_243' title='bbox 66 3743 212 3800; x_wconf 77' lang='lat' dir='ltr'>paupertas</span> <span class='ocrx_word' id='word_1_244' title='bbox 235 3742 262 3782; x_wconf 89' lang='lat' dir='ltr'>et</span> <span class='ocrx_word' id='word_1_245' title='bbox 283 3731 389 3783; x_wconf 88' lang='lat' dir='ltr'>castitas</span> <span class='ocrx_word' id='word_1_246' title='bbox 415 3740 559 3794; x_wconf 85' lang='lat' dir='ltr'>notantur;</span> <span class='ocrx_word' id='word_1_247' title='bbox 584 3738 611 3780; x_wconf 90' lang='lat' dir='ltr'>et</span> 
     </span>
     <span class='ocr_line' id='line_1_50' title="bbox 66 3802 611 3864; baseline -0.011 -6"><span class='ocrx_word' id='word_1_248' title='bbox 66 3807 98 3858; x_wconf 87' lang='lat' dir='ltr'>in</span> <span class='ocrx_word' id='word_1_249' title='bbox 128 3804 311 3864; x_wconf 83' lang='lat' dir='ltr'>aromatibus,</span> <span class='ocrx_word' id='word_1_250' title='bbox 336 3804 468 3854; x_wconf 84' lang='lat' dir='ltr'>virtutum</span> <span class='ocrx_word' id='word_1_251' title='bbox 497 3802 611 3853; x_wconf 87' lang='lat' dir='ltr'>varietas</span> 
     </span>
     <span class='ocr_line' id='line_1_51' title="bbox 67 3871 610 3945; baseline -0.009 -18"><span class='ocrx_word' id='word_1_252' title='bbox 67 3875 239 3945; x_wconf 84' lang='lat' dir='ltr'>designatur.</span> <span class='ocrx_word' id='word_1_253' title='bbox 256 3875 332 3927; x_wconf 83' lang='lat' dir='ltr'>Felix</span> <span class='ocrx_word' id='word_1_254' title='bbox 353 3875 422 3925; x_wconf 87' lang='lat' dir='ltr'>talix</span> <span class='ocrx_word' id='word_1_255' title='bbox 445 3871 610 3924; x_wconf 88' lang='lat' dir='ltr'>conscientia</span> 
     </span>
    </p>
   </div>
   <div class='ocr_carea' id='block_1_5' title="bbox 1182 89 1189 115">
    <p class='ocr_par' dir='ltr' id='par_1_5' title="bbox 1182 89 1189 115">
     <span class='ocr_line' id='line_1_52' title="bbox 1182 89 1189 115; baseline 0 0"><span class='ocrx_word' id='word_1_256' title='bbox 1182 89 1189 115; x_wconf 86' lang='lat' dir='ltr'>l</span> 
     </span>
    </p>
   </div>
   <div class='ocr_carea' id='block_1_6' title="bbox 1131 265 1180 319">
    <p class='ocr_par' dir='ltr' id='par_1_6' title="bbox 1131 265 1180 319">
     <span class='ocr_line' id='line_1_53' title="bbox 1131 265 1180 319; baseline -0.041 0"><span class='ocrx_word' id='word_1_257' title='bbox 1131 265 1180 319; x_wconf 76' lang='lat'>621</span> 
     </span>
    </p>
   </div>
   <div class='ocr_carea' id='block_1_7' title="bbox 648 379 1195 3003">
    <p class='ocr_par' dir='ltr' id='par_1_7' title="bbox 648 379 1187 646">
     <span class='ocr_line' id='line_1_54' title="bbox 649 379 1185 448; baseline 0.009 -19"><span class='ocrx_word' id='word_1_258' title='bbox 649 379 691 429; x_wconf 91' lang='lat' dir='ltr'>cui</span> <span class='ocrx_word' id='word_1_259' title='bbox 706 395 762 429; x_wconf 93' lang='lat' dir='ltr'>non</span> <span class='ocrx_word' id='word_1_260' title='bbox 779 380 869 431; x_wconf 88' lang='lat' dir='ltr'>deficit</span> <span class='ocrx_word' id='word_1_261' title='bbox 888 381 1023 432; x_wconf 84' lang='lat' dir='ltr'>defunctio</span> <span class='ocrx_word' id='word_1_262' title='bbox 1037 393 1185 448; x_wconf 86' lang='lat' dir='ltr'>pauperta-</span> 
     </span>
     <span class='ocr_line' id='line_1_55' title="bbox 648 449 1185 531; baseline 0.012 -32"><span class='ocrx_word' id='word_1_263' title='bbox 648 449 692 531; x_wconf 82' lang='lat' dir='ltr'>tis,</span> <span class='ocrx_word' id='word_1_264' title='bbox 707 461 801 503; x_wconf 90' lang='lat' dir='ltr'>contra</span> <span class='ocrx_word' id='word_1_265' title='bbox 825 455 973 521; x_wconf 88' lang='lat' dir='ltr'>mundum;</span> <span class='ocrx_word' id='word_1_266' title='bbox 992 454 1126 504; x_wconf 90' lang='lat' dir='ltr'>munditia</span> <span class='ocrx_word' id='word_1_267' title='bbox 1139 469 1185 505; x_wconf 86' lang='lat' dir='ltr'>ca-</span> 
     </span>
     <span class='ocr_line' id='line_1_56' title="bbox 649 521 1187 590; baseline 0.009 -20"><span class='ocrx_word' id='word_1_268' title='bbox 649 521 757 583; x_wconf 89' lang='lat' dir='ltr'>stitatis,</span> <span class='ocrx_word' id='word_1_269' title='bbox 780 536 872 575; x_wconf 90' lang='lat' dir='ltr'>contra</span> <span class='ocrx_word' id='word_1_270' title='bbox 896 539 1021 587; x_wconf 81' lang='lat' dir='ltr'>carnem3</span> <span class='ocrx_word' id='word_1_271' title='bbox 1041 523 1187 590; x_wconf 81' lang='lat' dir='ltr'>fragrantia</span> 
     </span>
     <span class='ocr_line' id='line_1_57' title="bbox 649 589 1061 653; baseline 0.007 -12"><span class='ocrx_word' id='word_1_272' title='bbox 649 589 790 653; x_wconf 86' lang='lat' dir='ltr'>virtutum,</span> <span class='ocrx_word' id='word_1_273' title='bbox 805 606 898 646; x_wconf 88' lang='lat' dir='ltr'>contra</span> <span class='ocrx_word' id='word_1_274' title='bbox 913 595 1061 646; x_wconf 88' lang='lat' dir='ltr'>diabolum.</span> 
     </span>
    </p>

    <p class='ocr_par' dir='ltr' id='par_1_8' title="bbox 650 661 1195 3002">
     <span class='ocr_line' id='line_1_58' title="bbox 682 661 1188 717; baseline 0.008 -5"><span class='ocrx_word' id='word_1_275' title='bbox 682 661 698 712; x_wconf 82' lang='lat'>3</span> <span class='ocrx_word' id='word_1_276' title='bbox 713 663 847 715; x_wconf 79' lang='lat' dir='ltr'>Cauisrus</span> <span class='ocrx_word' id='word_1_277' title='bbox 862 683 897 715; x_wconf 74' lang='lat' dir='ltr'>an</span> <span class='ocrx_word' id='word_1_278' title='bbox 907 682 948 717; x_wconf 79' lang='lat' dir='ltr'>nis</span> <span class='ocrx_word' id='word_1_279' title='bbox 960 682 994 716; x_wconf 82' lang='lat' dir='ltr'>nn</span> <span class='ocrx_word' id='word_1_280' title='bbox 1009 681 1094 716; x_wconf 78' lang='lat' dir='ltr'>canes</span> <span class='ocrx_word' id='word_1_281' title='bbox 1109 681 1188 716; x_wconf 76' lang='lat' dir='ltr'>uaro-</span> 
     </span>
     <span class='ocr_line' id='line_1_59' title="bbox 650 737 1186 804; baseline 0.004 -18"><span class='ocrx_word' id='word_1_282' title='bbox 650 752 741 787; x_wconf 75' lang='lat' dir='ltr'>unua.</span> <span class='ocrx_word' id='word_1_283' title='bbox 767 765 798 775; x_wconf 93' lang='lat'>-</span> <span class='ocrx_word' id='word_1_284' title='bbox 821 737 891 788; x_wconf 93' lang='lat' dir='ltr'>Cum</span> <span class='ocrx_word' id='word_1_285' title='bbox 918 750 1008 790; x_wconf 88' lang='lat' dir='ltr'>autem</span> <span class='ocrx_word' id='word_1_286' title='bbox 1031 739 1132 804; x_wconf 89' lang='lat' dir='ltr'>Joseph</span> <span class='ocrx_word' id='word_1_287' title='bbox 1159 750 1186 789; x_wconf 87' lang='lat' dir='ltr'>et</span> 
     </span>
     <span class='ocr_line' id='line_1_60' title="bbox 651 808 1185 876; baseline 0.006 -18"><span class='ocrx_word' id='word_1_288' title='bbox 651 808 815 860; x_wconf 87' lang='lat' dir='ltr'>Nicodemus</span> <span class='ocrx_word' id='word_1_289' title='bbox 840 809 949 861; x_wconf 87' lang='lat' dir='ltr'>fuerunt</span> <span class='ocrx_word' id='word_1_290' title='bbox 983 827 1067 876; x_wconf 86' lang='lat' dir='ltr'>prope</span> <span class='ocrx_word' id='word_1_291' title='bbox 1095 810 1185 862; x_wconf 89' lang='lat' dir='ltr'>cruci-</span> 
     </span>
     <span class='ocr_line' id='line_1_61' title="bbox 651 878 1188 947; baseline 0.006 -19"><span class='ocrx_word' id='word_1_292' title='bbox 651 878 759 930; x_wconf 84' lang='lat' dir='ltr'>fixionis</span> <span class='ocrx_word' id='word_1_293' title='bbox 792 882 902 940; x_wconf 90' lang='lat' dir='ltr'>locum,</span> <span class='ocrx_word' id='word_1_294' title='bbox 935 897 1022 947; x_wconf 84' lang='lat' dir='ltr'>genua</span> <span class='ocrx_word' id='word_1_295' title='bbox 1050 881 1188 931; x_wconf 88' lang='lat' dir='ltr'>flectentes</span> 
     </span>
     <span class='ocr_line' id='line_1_62' title="bbox 651 951 1186 1014; baseline 0.006 -15"><span class='ocrx_word' id='word_1_296' title='bbox 651 951 830 1002; x_wconf 89' lang='lat' dir='ltr'>adoraverunt</span> <span class='ocrx_word' id='word_1_297' title='bbox 850 951 1009 1004; x_wconf 90' lang='lat' dir='ltr'>Dominum.</span> <span class='ocrx_word' id='word_1_298' title='bbox 1028 953 1104 1014; x_wconf 92' lang='lat' dir='ltr'>Quos</span> <span class='ocrx_word' id='word_1_299' title='bbox 1120 953 1186 1002; x_wconf 89' lang='lat' dir='ltr'>dum</span> 
     </span>
     <span class='ocr_line' id='line_1_63' title="bbox 651 1019 1187 1088; baseline 0.002 -16"><span class='ocrx_word' id='word_1_300' title='bbox 651 1019 719 1072; x_wconf 91' lang='lat' dir='ltr'>vidit</span> <span class='ocrx_word' id='word_1_301' title='bbox 734 1032 827 1082; x_wconf 89' lang='lat' dir='ltr'>mater,</span> <span class='ocrx_word' id='word_1_302' title='bbox 842 1022 964 1072; x_wconf 90' lang='lat' dir='ltr'>volentes</span> <span class='ocrx_word' id='word_1_303' title='bbox 976 1021 1115 1088; x_wconf 85' lang='lat' dir='ltr'>&#39;deponere</span> <span class='ocrx_word' id='word_1_304' title='bbox 1129 1038 1187 1073; x_wconf 91' lang='lat' dir='ltr'>cor-</span> 
     </span>
     <span class='ocr_line' id='line_1_64' title="bbox 653 1096 1188 1163; baseline 0.002 -18"><span class='ocrx_word' id='word_1_305' title='bbox 653 1110 715 1161; x_wconf 90' lang='lat' dir='ltr'>pus,</span> <span class='ocrx_word' id='word_1_306' title='bbox 749 1096 826 1162; x_wconf 89' lang='lat' dir='ltr'>quasi</span> <span class='ocrx_word' id='word_1_307' title='bbox 852 1096 885 1146; x_wconf 91' lang='lat' dir='ltr'>de</span> <span class='ocrx_word' id='word_1_308' title='bbox 911 1107 997 1146; x_wconf 89' lang='lat' dir='ltr'>morte</span> <span class='ocrx_word' id='word_1_309' title='bbox 1022 1112 1188 1163; x_wconf 87' lang='lat' dir='ltr'>consurgens</span> 
     </span>
     <span class='ocr_line' id='line_1_65' title="bbox 653 1166 1189 1233; baseline 0.002 -17"><span class='ocrx_word' id='word_1_310' title='bbox 653 1166 794 1233; x_wconf 88' lang='lat' dir='ltr'>paululum</span> <span class='ocrx_word' id='word_1_311' title='bbox 818 1167 915 1217; x_wconf 85' lang='lat' dir='ltr'>revixit</span> <span class='ocrx_word' id='word_1_312' title='bbox 934 1167 1047 1231; x_wconf 90' lang='lat' dir='ltr'>spiritus</span> <span class='ocrx_word' id='word_1_313' title='bbox 1070 1168 1137 1232; x_wconf 85' lang='lat' dir='ltr'>ejus.</span> <span class='ocrx_word' id='word_1_314' title='bbox 1152 1166 1189 1217; x_wconf 88' lang='lat' dir='ltr'>Et</span> 
     </span>
     <span class='ocr_line' id='line_1_66' title="bbox 653 1236 1188 1304; baseline 0 -17"><span class='ocrx_word' id='word_1_315' title='bbox 653 1238 817 1304; x_wconf 88' lang='lat' dir='ltr'>applicantes</span> <span class='ocrx_word' id='word_1_316' title='bbox 832 1237 929 1304; x_wconf 90' lang='lat' dir='ltr'>recepti</span> <span class='ocrx_word' id='word_1_317' title='bbox 944 1236 1054 1288; x_wconf 88' lang='lat' dir='ltr'>fuerunt</span> <span class='ocrx_word' id='word_1_318' title='bbox 1068 1253 1115 1304; x_wconf 91' lang='lat' dir='ltr'>per</span> <span class='ocrx_word' id='word_1_319' title='bbox 1128 1252 1188 1288; x_wconf 87' lang='lat' dir='ltr'>eam</span> 
     </span>
     <span class='ocr_line' id='line_1_67' title="bbox 654 1307 1188 1374; baseline -0.002 -15"><span class='ocrx_word' id='word_1_320' title='bbox 654 1320 815 1369; x_wconf 86' lang='lat' dir='ltr'>reverenter,</span> <span class='ocrx_word' id='word_1_321' title='bbox 830 1318 856 1358; x_wconf 88' lang='lat' dir='ltr'>et</span> <span class='ocrx_word' id='word_1_322' title='bbox 868 1320 1028 1374; x_wconf 87' lang='lat' dir='ltr'>paraverunt</span> <span class='ocrx_word' id='word_1_323' title='bbox 1044 1323 1072 1356; x_wconf 89' lang='lat' dir='ltr'>se</span> <span class='ocrx_word' id='word_1_324' title='bbox 1091 1307 1124 1357; x_wconf 89' lang='lat' dir='ltr'>ad</span> <span class='ocrx_word' id='word_1_325' title='bbox 1139 1307 1188 1358; x_wconf 91' lang='lat' dir='ltr'>de-</span> 
     </span>
     <span class='ocr_line' id='line_1_68' title="bbox 655 1379 1187 1448; baseline -0.006 -17"><span class='ocrx_word' id='word_1_326' title='bbox 655 1381 815 1448; x_wconf 90' lang='lat' dir='ltr'>ponendum</span> <span class='ocrx_word' id='word_1_327' title='bbox 830 1397 902 1440; x_wconf 90' lang='lat' dir='ltr'>eum,</span> <span class='ocrx_word' id='word_1_328' title='bbox 924 1380 1026 1447; x_wconf 91' lang='lat' dir='ltr'>quibus</span> <span class='ocrx_word' id='word_1_329' title='bbox 1043 1380 1100 1445; x_wconf 89' lang='lat' dir='ltr'>ipsa</span> <span class='ocrx_word' id='word_1_330' title='bbox 1114 1379 1187 1444; x_wconf 92' lang='lat' dir='ltr'>quod</span> 
     </span>
     <span class='ocr_line' id='line_1_69' title="bbox 655 1449 1187 1518; baseline -0.013 -15"><span class='ocrx_word' id='word_1_331' title='bbox 655 1463 759 1518; x_wconf 89' lang='lat' dir='ltr'>poterat</span> <span class='ocrx_word' id='word_1_332' title='bbox 801 1452 970 1502; x_wconf 86' lang='lat' dir='ltr'>ministrabat</span> <span class='ocrx_word' id='word_1_333' title='bbox 1014 1449 1187 1514; x_wconf 80' lang='lat' dir='ltr'>adjutorium.</span> 
     </span>
     <span class='ocr_line' id='line_1_70' title="bbox 656 1519 1188 1575; baseline -0.011 -2"><span class='ocrx_word' id='word_1_334' title='bbox 656 1523 733 1573; x_wconf 88' lang='lat' dir='ltr'>Unus</span> <span class='ocrx_word' id='word_1_335' title='bbox 754 1523 842 1573; x_wconf 91' lang='lat' dir='ltr'>clavos</span> <span class='ocrx_word' id='word_1_336' title='bbox 861 1523 893 1572; x_wconf 88' lang='lat' dir='ltr'>de</span> <span class='ocrx_word' id='word_1_337' title='bbox 909 1521 1038 1570; x_wconf 88' lang='lat' dir='ltr'>manibus</span> <span class='ocrx_word' id='word_1_338' title='bbox 1057 1519 1188 1575; x_wconf 85' lang='lat' dir='ltr'>trahebat,</span> 
     </span>
     <span class='ocr_line' id='line_1_71' title="bbox 655 1590 1190 1659; baseline -0.006 -16"><span class='ocrx_word' id='word_1_339' title='bbox 655 1592 725 1644; x_wconf 89' lang='lat' dir='ltr'>alius</span> <span class='ocrx_word' id='word_1_340' title='bbox 755 1609 789 1644; x_wconf 89' lang='lat' dir='ltr'>ne</span> <span class='ocrx_word' id='word_1_341' title='bbox 814 1609 912 1659; x_wconf 90' lang='lat' dir='ltr'>corpus</span> <span class='ocrx_word' id='word_1_342' title='bbox 937 1593 1040 1642; x_wconf 89' lang='lat' dir='ltr'>caderet</span> <span class='ocrx_word' id='word_1_343' title='bbox 1066 1590 1190 1641; x_wconf 84' lang='lat' dir='ltr'>exanime</span> 
     </span>
     <span class='ocr_line' id='line_1_72' title="bbox 655 1663 1190 1717; baseline -0.006 -1"><span class='ocrx_word' id='word_1_344' title='bbox 655 1667 815 1717; x_wconf 88' lang='lat' dir='ltr'>sustinebat.</span> <span class='ocrx_word' id='word_1_345' title='bbox 827 1667 919 1717; x_wconf 87' lang='lat' dir='ltr'>Stabat</span> <span class='ocrx_word' id='word_1_346' title='bbox 930 1664 1014 1715; x_wconf 88' lang='lat' dir='ltr'>Maria</span> <span class='ocrx_word' id='word_1_347' title='bbox 1028 1666 1120 1714; x_wconf 89' lang='lat' dir='ltr'>levans</span> <span class='ocrx_word' id='word_1_348' title='bbox 1132 1663 1190 1714; x_wconf 86' lang='lat' dir='ltr'>bra-</span> 
     </span>
     <span class='ocr_line' id='line_1_73' title="bbox 655 1736 1189 1801; baseline -0.007 -14"><span class='ocrx_word' id='word_1_349' title='bbox 655 1737 715 1787; x_wconf 88' lang='lat' dir='ltr'>chia</span> <span class='ocrx_word' id='word_1_350' title='bbox 731 1737 759 1786; x_wconf 94' lang='lat' dir='ltr'>in</span> <span class='ocrx_word' id='word_1_351' title='bbox 773 1738 875 1801; x_wconf 88' lang='lat' dir='ltr'>altum;</span> <span class='ocrx_word' id='word_1_352' title='bbox 889 1745 915 1786; x_wconf 88' lang='lat' dir='ltr'>et</span> <span class='ocrx_word' id='word_1_353' title='bbox 924 1736 990 1785; x_wconf 92' lang='lat' dir='ltr'>dum</span> <span class='ocrx_word' id='word_1_354' title='bbox 1003 1745 1111 1800; x_wconf 85' lang='lat' dir='ltr'>tangere</span> <span class='ocrx_word' id='word_1_355' title='bbox 1125 1749 1189 1785; x_wconf 89' lang='lat' dir='ltr'>eum</span> 
     </span>
     <span class='ocr_line' id='line_1_74' title="bbox 654 1806 1190 1873; baseline -0.009 -15"><span class='ocrx_word' id='word_1_356' title='bbox 654 1808 748 1868; x_wconf 90' lang='lat' dir='ltr'>valuit,</span> <span class='ocrx_word' id='word_1_357' title='bbox 764 1817 886 1873; x_wconf 90' lang='lat' dir='ltr'>caputet</span> <span class='ocrx_word' id='word_1_358' title='bbox 902 1822 997 1857; x_wconf 90' lang='lat' dir='ltr'>manus</span> <span class='ocrx_word' id='word_1_359' title='bbox 1012 1806 1070 1870; x_wconf 77' lang='lat' dir='ltr'>eius</span> <span class='ocrx_word' id='word_1_360' title='bbox 1090 1806 1190 1871; x_wconf 88' lang='lat' dir='ltr'>depen-</span> 
     </span>
     <span class='ocr_line' id='line_1_75' title="bbox 655 1878 1192 1943; baseline -0.004 -14"><span class='ocrx_word' id='word_1_361' title='bbox 655 1881 749 1931; x_wconf 88' lang='lat' dir='ltr'>dentia</span> <span class='ocrx_word' id='word_1_362' title='bbox 765 1879 889 1930; x_wconf 88' lang='lat' dir='ltr'>trahebat</span> <span class='ocrx_word' id='word_1_363' title='bbox 909 1893 990 1943; x_wconf 90' lang='lat' dir='ltr'>supra</span> <span class='ocrx_word' id='word_1_364' title='bbox 1007 1878 1083 1928; x_wconf 91' lang='lat' dir='ltr'>triste</span> <span class='ocrx_word' id='word_1_365' title='bbox 1098 1886 1192 1942; x_wconf 88' lang='lat' dir='ltr'>pectus</span> 
     </span>
     <span class='ocr_line' id='line_1_76' title="bbox 655 1949 1192 2014; baseline -0.007 -13"><span class='ocrx_word' id='word_1_366' title='bbox 655 1965 756 2011; x_wconf 87' lang='lat' dir='ltr'>suum,</span> <span class='ocrx_word' id='word_1_367' title='bbox 787 1959 814 2001; x_wconf 89' lang='lat' dir='ltr'>et</span> <span class='ocrx_word' id='word_1_368' title='bbox 838 1965 920 2000; x_wconf 89' lang='lat' dir='ltr'>ruens</span> <span class='ocrx_word' id='word_1_369' title='bbox 944 1949 970 1998; x_wconf 91' lang='lat' dir='ltr'>in</span> <span class='ocrx_word' id='word_1_370' title='bbox 1001 1950 1141 2014; x_wconf 84' lang='lat' dir='ltr'>amplexus</span> <span class='ocrx_word' id='word_1_371' title='bbox 1165 1957 1192 1998; x_wconf 89' lang='lat' dir='ltr'>et</span> 
     </span>
     <span class='ocr_line' id='line_1_77' title="bbox 654 2017 1191 2081; baseline -0.009 -10"><span class='ocrx_word' id='word_1_372' title='bbox 654 2021 756 2081; x_wconf 89' lang='lat' dir='ltr'>oscula,</span> <span class='ocrx_word' id='word_1_373' title='bbox 780 2021 813 2070; x_wconf 92' lang='lat' dir='ltr'>de</span> <span class='ocrx_word' id='word_1_374' title='bbox 834 2020 939 2070; x_wconf 88' lang='lat' dir='ltr'>Dilecto</span> <span class='ocrx_word' id='word_1_375' title='bbox 957 2034 1006 2068; x_wconf 92' lang='lat' dir='ltr'>suo</span> <span class='ocrx_word' id='word_1_376' title='bbox 1023 2017 1112 2068; x_wconf 87' lang='lat' dir='ltr'>satiari</span> <span class='ocrx_word' id='word_1_377' title='bbox 1136 2032 1191 2066; x_wconf 93' lang='lat' dir='ltr'>non</span> 
     </span>
     <span class='ocr_line' id='line_1_78' title="bbox 656 2088 1192 2157; baseline -0.011 -16"><span class='ocrx_word' id='word_1_378' title='bbox 656 2101 774 2157; x_wconf 86' lang='lat' dir='ltr'>poterat,</span> <span class='ocrx_word' id='word_1_379' title='bbox 801 2106 850 2140; x_wconf 90' lang='lat' dir='ltr'>nec</span> <span class='ocrx_word' id='word_1_380' title='bbox 874 2089 937 2157; x_wconf 86' lang='lat' dir='ltr'>quis</span> <span class='ocrx_word' id='word_1_381' title='bbox 961 2089 1048 2153; x_wconf 89' lang='lat' dir='ltr'>ipsam</span> <span class='ocrx_word' id='word_1_382' title='bbox 1076 2088 1192 2152; x_wconf 88' lang='lat' dir='ltr'>desuper</span> 
     </span>
     <span class='ocr_line' id='line_1_79' title="bbox 655 2159 1191 2228; baseline -0.011 -15"><span class='ocrx_word' id='word_1_383' title='bbox 655 2177 753 2228; x_wconf 90' lang='lat' dir='ltr'>corpus</span> <span class='ocrx_word' id='word_1_384' title='bbox 777 2161 918 2211; x_wconf 89' lang='lat' dir='ltr'>detrahere</span> <span class='ocrx_word' id='word_1_385' title='bbox 935 2161 1048 2210; x_wconf 87' lang='lat' dir='ltr'>valebat.</span> <span class='ocrx_word' id='word_1_386' title='bbox 1073 2159 1191 2223; x_wconf 90' lang='lat' dir='ltr'>Corpore</span> 
     </span>
     <span class='ocr_line' id='line_1_80' title="bbox 656 2228 1190 2299; baseline -0.009 -17"><span class='ocrx_word' id='word_1_387' title='bbox 656 2233 739 2299; x_wconf 89' lang='lat' dir='ltr'>igitur</span> <span class='ocrx_word' id='word_1_388' title='bbox 752 2231 862 2281; x_wconf 90' lang='lat' dir='ltr'>Domini</span> <span class='ocrx_word' id='word_1_389' title='bbox 884 2231 912 2281; x_wconf 92' lang='lat' dir='ltr'>in</span> <span class='ocrx_word' id='word_1_390' title='bbox 934 2242 1033 2281; x_wconf 86' lang='lat' dir='ltr'>terram</span> <span class='ocrx_word' id='word_1_391' title='bbox 1056 2228 1190 2295; x_wconf 88' lang='lat' dir='ltr'>deposito,</span> 
     </span>
     <span class='ocr_line' id='line_1_81' title="bbox 656 2300 1189 2368; baseline -0.011 -14"><span class='ocrx_word' id='word_1_392' title='bbox 656 2300 773 2354; x_wconf 84' lang='lat' dir='ltr'>Domina</span> <span class='ocrx_word' id='word_1_393' title='bbox 790 2303 910 2368; x_wconf 87' lang='lat' dir='ltr'>suscepit</span> <span class='ocrx_word' id='word_1_394' title='bbox 921 2311 1001 2366; x_wconf 88' lang='lat' dir='ltr'>caput</span> <span class='ocrx_word' id='word_1_395' title='bbox 1014 2316 1076 2350; x_wconf 90' lang='lat' dir='ltr'>cum</span> <span class='ocrx_word' id='word_1_396' title='bbox 1091 2314 1189 2364; x_wconf 85' lang='lat' dir='ltr'>scapu-</span> 
     </span>
     <span class='ocr_line' id='line_1_82' title="bbox 656 2370 1190 2439; baseline -0.011 -15"><span class='ocrx_word' id='word_1_397' title='bbox 656 2375 691 2426; x_wconf 90' lang='lat' dir='ltr'>lis</span> <span class='ocrx_word' id='word_1_398' title='bbox 705 2373 762 2424; x_wconf 87' lang='lat' dir='ltr'>suis</span> <span class='ocrx_word' id='word_1_399' title='bbox 776 2373 805 2423; x_wconf 91' lang='lat' dir='ltr'>in</span> <span class='ocrx_word' id='word_1_400' title='bbox 826 2372 939 2439; x_wconf 90' lang='lat' dir='ltr'>gremio.</span> <span class='ocrx_word' id='word_1_401' title='bbox 956 2370 1112 2437; x_wconf 79' lang='lat' dir='ltr'>Magdalena</span> <span class='ocrx_word' id='word_1_402' title='bbox 1125 2384 1190 2420; x_wconf 90' lang='lat' dir='ltr'>vero</span> 
     </span>
     <span class='ocr_line' id='line_1_83' title="bbox 657 2445 1195 2514; baseline -0.011 -16"><span class='ocrx_word' id='word_1_403' title='bbox 657 2448 746 2514; x_wconf 90' lang='lat' dir='ltr'>pedes,</span> <span class='ocrx_word' id='word_1_404' title='bbox 760 2447 831 2514; x_wconf 88' lang='lat' dir='ltr'>apud</span> <span class='ocrx_word' id='word_1_405' title='bbox 845 2461 915 2512; x_wconf 91' lang='lat' dir='ltr'>quos</span> <span class='ocrx_word' id='word_1_406' title='bbox 934 2445 1000 2494; x_wconf 89' lang='lat' dir='ltr'>olim</span> <span class='ocrx_word' id='word_1_407' title='bbox 1020 2452 1121 2493; x_wconf 89' lang='lat' dir='ltr'>tantam</span> <span class='ocrx_word' id='word_1_408' title='bbox 1136 2448 1195 2509; x_wconf 83' lang='lat' dir='ltr'>gra-</span> 
     </span>
     <span class='ocr_line' id='line_1_84' title="bbox 656 2514 1192 2568; baseline -0.011 0"><span class='ocrx_word' id='word_1_409' title='bbox 656 2519 723 2568; x_wconf 90' lang='lat' dir='ltr'>tiam</span> <span class='ocrx_word' id='word_1_410' title='bbox 737 2528 879 2567; x_wconf 85' lang='lat' dir='ltr'>meruerat</span> <span class='ocrx_word' id='word_1_411' title='bbox 900 2516 953 2567; x_wconf 81' lang='lat' dir='ltr'>Alii</span> <span class='ocrx_word' id='word_1_412' title='bbox 969 2525 1059 2565; x_wconf 91' lang='lat' dir='ltr'>autem</span> <span class='ocrx_word' id='word_1_413' title='bbox 1073 2514 1192 2564; x_wconf 88' lang='lat' dir='ltr'>circum-</span> 
     </span>
     <span class='ocr_line' id='line_1_85' title="bbox 657 2588 1187 2652; baseline -0.011 -13"><span class='ocrx_word' id='word_1_414' title='bbox 657 2598 738 2648; x_wconf 88' lang='lat' dir='ltr'>stant,</span> <span class='ocrx_word' id='word_1_415' title='bbox 755 2598 781 2638; x_wconf 89' lang='lat' dir='ltr'>et</span> <span class='ocrx_word' id='word_1_416' title='bbox 794 2602 888 2637; x_wconf 89' lang='lat' dir='ltr'>omnes</span> <span class='ocrx_word' id='word_1_417' title='bbox 902 2588 1042 2652; x_wconf 88' lang='lat' dir='ltr'>planctum</span> <span class='ocrx_word' id='word_1_418' title='bbox 1057 2599 1187 2651; x_wconf 81' lang='lat' dir='ltr'>magnum</span> 
     </span>
     <span class='ocr_line' id='line_1_86' title="bbox 657 2654 1194 2726; baseline -0.013 -16"><span class='ocrx_word' id='word_1_419' title='bbox 657 2674 822 2726; x_wconf 85' lang='lat' dir='ltr'>supereum</span> <span class='ocrx_word' id='word_1_420' title='bbox 849 2655 965 2720; x_wconf 85' lang='lat' dir='ltr'>faciunt;</span> <span class='ocrx_word' id='word_1_421' title='bbox 999 2670 1095 2707; x_wconf 89' lang='lat' dir='ltr'>omnes</span> <span class='ocrx_word' id='word_1_422' title='bbox 1118 2654 1194 2705; x_wconf 91' lang='lat' dir='ltr'>enim</span> 
     </span>
     <span class='ocr_line' id='line_1_87' title="bbox 658 2723 1191 2796; baseline -0.017 -13"><span class='ocrx_word' id='word_1_423' title='bbox 658 2730 828 2782; x_wconf 86' lang='lat' dir='ltr'>amarissime</span> <span class='ocrx_word' id='word_1_424' title='bbox 856 2730 989 2796; x_wconf 86' lang='lat' dir='ltr'>plangunt</span> <span class='ocrx_word' id='word_1_425' title='bbox 1012 2743 1085 2785; x_wconf 90' lang='lat' dir='ltr'>eum,</span> <span class='ocrx_word' id='word_1_426' title='bbox 1113 2723 1191 2792; x_wconf 86' lang='lat' dir='ltr'>quasi</span> 
     </span>
     <span class='ocr_line' id='line_1_88' title="bbox 658 2794 1194 2868; baseline -0.017 -15"><span class='ocrx_word' id='word_1_427' title='bbox 658 2801 839 2868; x_wconf 86' lang='lat' dir='ltr'>unigenitum.</span> <span class='ocrx_word' id='word_1_428' title='bbox 852 2800 930 2850; x_wconf 88' lang='lat' dir='ltr'>Unde</span> <span class='ocrx_word' id='word_1_429' title='bbox 942 2798 1104 2850; x_wconf 87' lang='lat' dir='ltr'>Auselmus:</span> <span class='ocrx_word' id='word_1_430' title='bbox 1117 2813 1131 2842; x_wconf 75' lang='lat' dir='ltr'>a</span> <span class='ocrx_word' id='word_1_431' title='bbox 1143 2794 1194 2844; x_wconf 89' lang='lat' dir='ltr'>Sed</span> 
     </span>
     <span class='ocr_line' id='line_1_89' title="bbox 659 2865 1192 2938; baseline -0.017 -13"><span class='ocrx_word' id='word_1_432' title='bbox 659 2875 749 2925; x_wconf 90' lang='lat' dir='ltr'>adhuc</span> <span class='ocrx_word' id='word_1_433' title='bbox 769 2883 902 2938; x_wconf 85' lang='lat' dir='ltr'>exspecta,</span> <span class='ocrx_word' id='word_1_434' title='bbox 928 2872 1013 2921; x_wconf 90' lang='lat' dir='ltr'>donec</span> <span class='ocrx_word' id='word_1_435' title='bbox 1035 2868 1133 2920; x_wconf 83' lang='lat' dir='ltr'>nobilis</span> <span class='ocrx_word' id='word_1_436' title='bbox 1147 2865 1192 2916; x_wconf 89' lang='lat' dir='ltr'>ille</span> 
     </span>
     <span class='ocr_line' id='line_1_90' title="bbox 659 2939 1195 3003; baseline -0.021 -4"><span class='ocrx_word' id='word_1_437' title='bbox 659 2948 777 2999; x_wconf 86' lang='lat' dir='ltr'>Decurio</span> <span class='ocrx_word' id='word_1_438' title='bbox 804 2945 925 3003; x_wconf 88' lang='lat' dir='ltr'>veniens,</span> <span class='ocrx_word' id='word_1_439' title='bbox 956 2942 1080 2994; x_wconf 86' lang='lat' dir='ltr'>extractis</span> <span class='ocrx_word' id='word_1_440' title='bbox 1104 2939 1195 3002; x_wconf 85' lang='lat' dir='ltr'>clavis,</span> 
     </span>
    </p>
   </div>
   <div class='ocr_carea' id='block_1_8' title="bbox 660 3010 1196 3365">
    <p class='ocr_par' dir='ltr' id='par_1_9' title="bbox 660 3010 1196 3365">
     <span class='ocr_line' id='line_1_91' title="bbox 660 3010 1193 3082; baseline -0.019 -13"><span class='ocrx_word' id='word_1_441' title='bbox 660 3033 756 3069; x_wconf 89' lang='lat' dir='ltr'>manus</span> <span class='ocrx_word' id='word_1_442' title='bbox 790 3018 924 3082; x_wconf 90' lang='lat' dir='ltr'>pedesque</span> <span class='ocrx_word' id='word_1_443' title='bbox 955 3014 1092 3064; x_wconf 81' lang='lat' dir='ltr'>dissolvat.</span> <span class='ocrx_word' id='word_1_444' title='bbox 1122 3010 1193 3061; x_wconf 87' lang='lat' dir='ltr'>Vide</span> 
     </span>
     <span class='ocr_line' id='line_1_92' title="bbox 660 3082 1194 3157; baseline -0.017 -17"><span class='ocrx_word' id='word_1_445' title='bbox 660 3089 798 3157; x_wconf 92' lang='lat' dir='ltr'>quomodo</span> <span class='ocrx_word' id='word_1_446' title='bbox 812 3085 979 3137; x_wconf 85' lang='lat' dir='ltr'>felicissimis</span> <span class='ocrx_word' id='word_1_447' title='bbox 1001 3082 1120 3134; x_wconf 89' lang='lat' dir='ltr'>brachiis</span> <span class='ocrx_word' id='word_1_448' title='bbox 1134 3097 1194 3132; x_wconf 90' lang='lat' dir='ltr'>am-</span> 
     </span>
     <span class='ocr_line' id='line_1_93' title="bbox 661 3151 1194 3237; baseline -0.017 -26"><span class='ocrx_word' id='word_1_449' title='bbox 661 3160 794 3228; x_wconf 86' lang='lat' dir='ltr'>plectitur,</span> <span class='ocrx_word' id='word_1_450' title='bbox 818 3173 847 3208; x_wconf 89' lang='lat' dir='ltr'>ac</span> <span class='ocrx_word' id='word_1_451' title='bbox 871 3173 921 3207; x_wconf 92' lang='lat' dir='ltr'>suo</span> <span class='ocrx_word' id='word_1_452' title='bbox 944 3155 1070 3221; x_wconf 87' lang='lat' dir='ltr'>astringit</span> <span class='ocrx_word' id='word_1_453' title='bbox 1083 3151 1194 3237; x_wconf 85' lang='lat' dir='ltr'>pectori.</span> 
     </span>
     <span class='ocr_line' id='line_1_94' title="bbox 660 3226 1196 3298; baseline -0.015 -14"><span class='ocrx_word' id='word_1_454' title='bbox 660 3234 739 3284; x_wconf 88' lang='lat' dir='ltr'>Tunc</span> <span class='ocrx_word' id='word_1_455' title='bbox 763 3231 851 3298; x_wconf 85' lang='lat' dir='ltr'>potuit</span> <span class='ocrx_word' id='word_1_456' title='bbox 874 3230 916 3280; x_wconf 89' lang='lat' dir='ltr'>vir</span> <span class='ocrx_word' id='word_1_457' title='bbox 940 3229 985 3279; x_wconf 88' lang='lat' dir='ltr'>ille</span> <span class='ocrx_word' id='word_1_458' title='bbox 1008 3226 1196 3278; x_wconf 87' lang='lat' dir='ltr'>sanctissimus</span> 
     </span>
     <span class='ocr_line' id='line_1_95' title="bbox 661 3296 1196 3365; baseline -0.015 -10"><span class='ocrx_word' id='word_1_459' title='bbox 661 3304 792 3354; x_wconf 82' lang='lat' dir='ltr'>discere:</span> <span class='ocrx_word' id='word_1_460' title='bbox 811 3300 973 3352; x_wconf 82' lang='lat' dir='ltr'>Fasciculus</span> <span class='ocrx_word' id='word_1_461' title='bbox 995 3298 1126 3365; x_wconf 83' lang='lat' dir='ltr'>myrrha,</span> <span class='ocrx_word' id='word_1_462' title='bbox 1151 3296 1196 3347; x_wconf 85' lang='lat' dir='ltr'>di-</span> 
     </span>
    </p>
   </div>
   <div class='ocr_carea' id='block_1_9' title="bbox 662 3369 1198 3858">
    <p class='ocr_par' dir='ltr' id='par_1_10' title="bbox 662 3369 1198 3850">
     <span class='ocr_line' id='line_1_96' title="bbox 662 3369 1196 3432; baseline -0.013 -9"><span class='ocrx_word' id='word_1_463' title='bbox 662 3374 745 3425; x_wconf 87' lang='lat' dir='ltr'>lectus</span> <span class='ocrx_word' id='word_1_464' title='bbox 767 3387 841 3423; x_wconf 87' lang='lat' dir='ltr'>maus</span> <span class='ocrx_word' id='word_1_465' title='bbox 859 3371 934 3432; x_wconf 80' lang='lat' dir='ltr'>milti,</span> <span class='ocrx_word' id='word_1_466' title='bbox 956 3370 1025 3420; x_wconf 82' lang='lat' dir='ltr'>inter</span> <span class='ocrx_word' id='word_1_467' title='bbox 1041 3369 1123 3418; x_wconf 77' lang='lat' dir='ltr'>ubera</span> <span class='ocrx_word' id='word_1_468' title='bbox 1138 3381 1196 3418; x_wconf 86' lang='lat' dir='ltr'>mea</span> 
     </span>
     <span class='ocr_line' id='line_1_97' title="bbox 662 3443 1195 3506; baseline -0.013 -10"><span class='ocrx_word' id='word_1_469' title='bbox 662 3443 877 3497; x_wconf 85' lang='lat' dir='ltr'>commorabitur.</span> <span class='ocrx_word' id='word_1_470' title='bbox 922 3443 1008 3493; x_wconf 86' lang='lat' dir='ltr'>Cerne</span> <span class='ocrx_word' id='word_1_471' title='bbox 1048 3447 1195 3506; x_wconf 80' lang='lat' dir='ltr'>praterea,</span> 
     </span>
     <span class='ocr_line' id='line_1_98' title="bbox 662 3511 1197 3584; baseline -0.017 -15"><span class='ocrx_word' id='word_1_472' title='bbox 662 3532 745 3584; x_wconf 84' lang='lat' dir='ltr'>quam</span> <span class='ocrx_word' id='word_1_473' title='bbox 777 3516 909 3576; x_wconf 88' lang='lat' dir='ltr'>dulciter,</span> <span class='ocrx_word' id='word_1_474' title='bbox 941 3529 1023 3580; x_wconf 91' lang='lat' dir='ltr'>quam</span> <span class='ocrx_word' id='word_1_475' title='bbox 1054 3511 1197 3578; x_wconf 86' lang='lat' dir='ltr'>diligenter</span> 
     </span>
     <span class='ocr_line' id='line_1_99' title="bbox 662 3581 1196 3643; baseline -0.013 -5"><span class='ocrx_word' id='word_1_476' title='bbox 662 3587 835 3638; x_wconf 87' lang='lat' dir='ltr'>beatissimus</span> <span class='ocrx_word' id='word_1_477' title='bbox 865 3586 1048 3643; x_wconf 77' lang='lat' dir='ltr'>Nicodamus,</span> <span class='ocrx_word' id='word_1_478' title='bbox 1070 3581 1196 3634; x_wconf 86' lang='lat' dir='ltr'>sacratis-</span> 
     </span>
     <span class='ocr_line' id='line_1_100' title="bbox 662 3651 1197 3721; baseline -0.015 -13"><span class='ocrx_word' id='word_1_479' title='bbox 662 3659 735 3709; x_wconf 88' lang='lat' dir='ltr'>sima</span> <span class='ocrx_word' id='word_1_480' title='bbox 750 3657 872 3708; x_wconf 89' lang='lat' dir='ltr'>membra</span> <span class='ocrx_word' id='word_1_481' title='bbox 897 3657 953 3721; x_wconf 74' lang='lat' dir='ltr'>ejus</span> <span class='ocrx_word' id='word_1_482' title='bbox 978 3664 1072 3706; x_wconf 89' lang='lat' dir='ltr'>tractat</span> <span class='ocrx_word' id='word_1_483' title='bbox 1093 3651 1197 3718; x_wconf 71' lang='lat' dir='ltr'>digitis,</span> 
     </span>
     <span class='ocr_line' id='line_1_101' title="bbox 663 3724 1196 3795; baseline -0.013 -16"><span class='ocrx_word' id='word_1_484' title='bbox 663 3729 735 3779; x_wconf 90' lang='lat' dir='ltr'>fovet</span> <span class='ocrx_word' id='word_1_485' title='bbox 754 3728 923 3795; x_wconf 88' lang='lat' dir='ltr'>unguentis:</span> <span class='ocrx_word' id='word_1_486' title='bbox 942 3747 955 3774; x_wconf 76' lang='lat' dir='ltr'>n</span> <span class='ocrx_word' id='word_1_487' title='bbox 971 3728 1026 3777; x_wconf 78' lang='lat' dir='ltr'>haec</span> <span class='ocrx_word' id='word_1_488' title='bbox 1044 3724 1196 3776; x_wconf 80' lang='lat' dir='ltr'>Auselmus.</span> 
     </span>
     <span class='ocr_line' id='line_1_102' title="bbox 662 3791 1198 3858; baseline -0.017 -8"><span class='ocrx_word' id='word_1_489' title='bbox 662 3799 762 3850; x_wconf 89' lang='lat' dir='ltr'>Venias</span> <span class='ocrx_word' id='word_1_490' title='bbox 787 3809 814 3849; x_wconf 93' lang='lat' dir='ltr'>et</span> <span class='ocrx_word' id='word_1_491' title='bbox 838 3809 883 3858; x_wconf 90' lang='lat' dir='ltr'>tu,</span> <span class='ocrx_word' id='word_1_492' title='bbox 913 3797 1063 3855; x_wconf 84' lang='lat' dir='ltr'>carissime,</span> <span class='ocrx_word' id='word_1_493' title='bbox 1095 3791 1198 3844; x_wconf 85' lang='lat' dir='ltr'>devotis</span> 
     </span>
    </p>
   </div>
   <div class='ocr_carea' id='block_1_10' title="bbox 663 3863 1197 3938">
    <p class='ocr_par' dir='ltr' id='par_1_11' title="bbox 663 3863 1197 3938">
     <span class='ocr_line' id='line_1_103' title="bbox 663 3863 1197 3938; baseline -0.019 -14"><span class='ocrx_word' id='word_1_494' title='bbox 663 3871 811 3938; x_wconf 84' lang='lat' dir='ltr'>gressibus,</span> <span class='ocrx_word' id='word_1_495' title='bbox 833 3882 860 3922; x_wconf 92' lang='lat' dir='ltr'>et</span> <span class='ocrx_word' id='word_1_496' title='bbox 878 3869 1056 3937; x_wconf 90' lang='lat' dir='ltr'>spirituaibus</span> <span class='ocrx_word' id='word_1_497' title='bbox 1083 3863 1197 3917; x_wconf 82' lang='lat' dir='ltr'>accessi·</span> 
     </span>
    </p>
   </div>
   <div class='ocr_carea' id='block_1_11' title="bbox 0 0 1332 4328">
    <p class='ocr_par' dir='ltr' id='par_1_12' title="bbox 0 0 1332 4328">
     <span class='ocr_line' id='line_1_104' title="bbox 0 0 1332 4328; baseline 0 0"><span class='ocrx_word' id='word_1_498' title='bbox 0 0 1332 4328; x_wconf 95' lang='lat' dir='ltr'> </span> 
     </span>
    </p>
   </div>
  </div>
 </body>
</html>
