2626 4328
135 268 188 320 018

134 382 345 452 perturbabitur,
370 381 501 450 quoniam
526 379 671 431 vulnerum

134 453 246 506 Domini
270 453 438 505 recordabor.
456 453 560 518 Nempe
576 450 671 501 uulne-

134 535 212 578 ratus
236 534 285 589 est,
307 530 421 594 propter
446 526 602 592 iniquitates
622 540 669 576 no-

134 607 218 652 stras.
242 599 313 659 Quid
331 609 386 650 tam
404 599 438 649 ad
452 609 578 660 mortem,
597 597 670 665 quod

134 689 191 724 non
206 672 308 722 Christi
323 682 410 722 morte
425 671 560 722 salvatur?
583 671 612 721 Si
626 686 671 721 er·

133 743 213 810 goin
235 753 353 794 mentem
374 742 476 793 venerit
497 751 551 793 tam
575 751 672 809 potens

132 824 244 879 tamque
284 813 375 864 efficax
416 813 669 876 medicamentum,

135 886 211 938 nulla
232 886 285 950 jam
303 901 414 952 possum
429 886 516 936 morbi
532 886 671 952 magnitu-

134 959 198 1009 dine
212 958 315 1009 terreri.
331 959 387 1025 Ego
400 974 463 1010 vero
475 958 587 1009 fidenter
597 958 670 1025 quod

135 1045 168 1081 ex
183 1045 227 1079 m:
241 1029 323 1089 deest,
339 1045 441 1096 usurpo
454 1028 523 1079 mihi
538 1045 570 1080 ex
583 1029 670 1079 visce-

136 1103 214 1152 ribus
246 1101 371 1165 Domini;
397 1095 528 1169 quoniam
560 1101 671 1153 miseri-

135 1173 233 1224 cordiae
256 1172 379 1235 affluunt,
405 1189 454 1224 nec
475 1173 573 1224 desunt
597 1172 671 1223 fora·

136 1244 211 1294 mina
231 1259 278 1310 per
302 1260 363 1311 quoe
388 1245 507 1295 effluant.
533 1245 672 1296 Foderunt

136 1331 232 1367 manus
259 1322 285 1367 et
307 1317 406 1382 pedes,
433 1318 558 1382 latusque
584 1317 672 1366 lancea

139 1387 361 1453 perforavemnt3
387 1396 413 1437 et
439 1403 486 1453 per
511 1388 560 1438 has
589 1386 673 1437 rimas

134 1458 197 1510 licet
224 1458 294 1508 mihi
324 1473 422 1525 sugere
449 1460 501 1510 mel
528 1461 560 1511 de
582 1466 670 1525 petra,

135 1531 272 1596 oleumque
297 1531 330 1580 de
356 1545 429 1581 saxo
457 1532 618 1595 durissimo,
645 1532 672 1582 id

135 1611 177 1652 est
190 1607 305 1666 gustare
321 1606 346 1651 et
360 1600 459 1663 videre,
472 1602 597 1666 quoniam
612 1616 674 1653 sua-

136 1671 179 1722 uis
203 1676 244 1720 est
272 1670 414 1720 Dominus.
445 1671 521 1722 Patet
545 1688 673 1722 arcanum

137 1741 245 1802 cordis,
280 1756 327 1807 per
359 1741 493 1792 foramina
526 1743 672 1808 corporis;

138 1821 212 1877 patet
238 1826 369 1876 magnum
395 1811 462 1862 illud
489 1811 599 1878 pietatis
629 1828 674 1863 sa-

140 1891 333 1944 cramentum3
364 1891 457 1947 patent
485 1883 589 1934 viscera
622 1883 674 1933 mi-

140 1951 299 2002 sericordia
313 1952 366 2001 Dei
380 1953 476 2014 nostri,
493 1954 520 2003 in
534 1954 629 2020 quibus
640 1953 676 2003 vi·

121 2022 233 2073 ‘sitavit
252 2037 300 2073 nos
319 2022 409 2074 oriens
428 2037 466 2073 ex
483 2024 549 2075 alto.
572 2024 675 2085 Quidni

137 2093 240 2144 viscera
253 2109 301 2159 per
314 2095 425 2145 vulnera
436 2095 555 2160 pateant!
573 2097 602 2146 ln
620 2112 675 2163 quo

139 2164 212 2214 enim
237 2164 334 2214 clarius
362 2181 443 2231 quam
467 2167 496 2216 in
518 2167 677 2217 vulneribus

138 2235 195 2286 tuis
210 2235 304 2294 elucet,
322 2235 395 2301 quod
411 2243 448 2298 tu,
468 2237 591 2299 Domine,
610 2252 676 2288 sua-

141 2307 182 2357 vis
195 2312 222 2356 et
235 2306 308 2356 mitis
322 2321 359 2370 es,
376 2313 402 2356 et
415 2307 507 2358 multae
519 2309 676 2360 misericor-

140 2375 258 2428 dioeP....
275 2375 412 2441 Maiorem
433 2377 502 2428 enim
522 2377 677 2428 miseratio-

140 2462 200 2496 nem
226 2455 251 2495 et
278 2446 446 2497 dilectionem
479 2463 552 2498 nemo
579 2449 675 2511 habet,

139 2533 225 2585 quam?
237 2523 267 2568 ut
285 2519 404 2570 animam
425 2534 501 2570 suam
517 2527 604 2587 ponat
617 2520 677 2586 quis

136 2603 189 2654 pro
206 2589 303 2639 amicis
320 2589 386 2640 suis.
402 2591 455 2650 Tu,
476 2591 602 2651 Domine,
619 2605 677 2640 ma-

139 2662 224 2726 jorem
246 2658 378 2720 habuisti,
394 2661 442 2726 qui
464 2661 583 2711 animam
602 2671 677 2711 tuam

140 2729 221 2781 etiarn
246 2728 360 2794 posuisti
375 2744 424 2795 pro
439 2731 538 2780 abditis
557 2742 582 2781 et
600 2732 678 2782 dam-

141 2803 220 2854 natis.
235 2805 325 2854 Meum
342 2803 456 2870 proinde
471 2804 609 2866 meritum,
623 2805 678 2854 mi-

142 2877 239 2929 seratio
270 2877 391 2928 Domini.
421 2877 482 2927 Non
511 2879 589 2942 plane
617 2894 679 2929 sum

142 2949 232 3000 meriti
253 2949 341 3015 inops,
364 2951 486 3017 quandiu
505 2950 551 3001 ille
565 2951 679 3002 misera-

144 3021 252 3072 tionum
268 3038 321 3072 non
336 3022 429 3086 fuerit,
446 3022 520 3090 quod
535 3022 558 3074 si
571 3023 679 3074 miseri-

143 3094 241 3145 cordiae
263 3094 375 3146 Domini
399 3097 501 3156 multae,
519 3096 622 3147 multus
636 3095 680 3145 ni-

143 3164 296 3216 hilominus
305 3182 354 3232 ego
365 3165 394 3216 in
405 3165 510 3218 meritis
521 3182 592 3217 sum.
608 3165 680 3226 Quid

145 3236 256 3290 enimsi
274 3241 422 3290 multorum
442 3256 504 3291 sum
522 3239 592 3291 mihi
615 3255 681 3291 con-

145 3310 217 3362 scius
226 3310 402 3363 delictorum?
417 3313 529 3380 Nempe,
541 3313 588 3365 ubi
599 3314 681 3364 abun·

428 263 603 317 SECUNDAE
619 262 745 314 PARTIS
760 263 877 317 CAPUT
893 268 985 319 LXIV.

724 379 854 432 daverunt
869 383 974 443 delicta,
989 381 1216 448 superabundavit
1228 391 1251 432 et

725 453 819 518 gratia.
841 456 875 507 Et
894 456 917 507 si
936 455 1129 509 misericordia
1150 454 1252 515 Domiu

724 524 759 575 ab
783 532 884 578 aeterno
909 534 935 579 et
958 528 1087 594 usquein
1110 532 1251 589 aeternron,

724 612 775 663 ego
793 615 902 666 quoque
927 600 1129 653 misericordias
1150 600 1252 653 Domini

725 667 752 718 in
766 675 896 722 ueternum
910 673 1031 724 cantabo.
1046 672 1154 732 Quanta
1167 671 1196 722 in
1213 669 1253 723 io-
1298 678 1301 685 '

725 741 876 793 raminibus
899 755 979 808 petrae
998 743 1146 794 multitudo
1166 743 1253 795 dulce-
1302 774 1305 795 ι

724 812 804 874 dinis,
830 815 970 880 plenitudo
988 817 1089 884 gratiae,
1114 815 1253 882 perfectio·
1302 824 1305 875 ζ

725 897 779 948 que
801 883 948 936 virtutum!
970 905 983 934 n
1005 887 1063 937 haec
1088 886 1252 938 Bernartius.

726 953 750 1002 0
774 955 905 1019 Domine,
933 958 1003 1008 sicut
1032 956 1119 1008 exivit
1146 957 1254 1023 sangnis

723 1030 802 1087 tuus,
834 1028 942 1092 copiosa
968 1028 1114 1093 redemptio
1146 1035 1254 1089 nostra,

724 1109 775 1145 non
795 1099 939 1163 permittas
960 1113 1001 1149 me
1020 1098 1047 1148 in
1066 1098 1134 1149 hora
1157 1098 1254 1159 mortis,

724 1167 767 1217 uel
780 1169 807 1218 in
820 1169 863 1219 die
872 1170 972 1236 judicii
983 1171 1076 1236 perire
1086 1185 1147 1221 cum
1157 1170 1256 1237 impiis3

725 1240 775 1290 sed
792 1254 833 1290 me
855 1247 898 1292 tuo
915 1242 963 1308 pio
981 1255 1077 1303 cruere
1097 1241 1256 1308 redemptum

725 1324 857 1377 aggrega
879 1326 938 1362 curn
959 1311 1052 1363 electis
1067 1312 1130 1374 tuis,
1148 1313 1258 1363 abscon-

727 1380 813 1432 dendo
822 1395 864 1432 me
877 1381 983 1432 interim
995 1383 1022 1432 in
1030 1382 1216 1447 foraminibus
1219 1394 1259 1448 pe·

727 1459 796 1516 trae,
823 1461 851 1505 et
877 1455 903 1505 in
932 1469 1048 1506 caverna
1073 1456 1216 1519 maceriae,
1237 1460 1260 1505 et

727 1525 894 1577 vulnerando
929 1539 970 1576 me
995 1525 1111 1576 caritate
1134 1531 1199 1588 tua,
1233 1530 1258 1574 ut

727 1610 819 1646 amore
844 1596 997 1662 langueam.
1023 1595 1077 1656 Qut
1099 1596 1170 1646 enim
1202 1608 1259 1646 vere

727 1672 754 1716 te
769 1665 869 1732 diligit,
881 1680 935 1732 pro
949 1672 975 1715 te
986 1665 1148 1716 vulneratur
1165 1673 1191 1718 et
1203 1666 1260 1717 lan-

728 1743 811 1803 guet5
826 1744 852 1788 et
870 1740 953 1789 donec
972 1737 1113 1801 revideat,
1137 1754 1155 1789 a
1174 1737 1260 1789 mundi

727 1807 878 1859 actionibus
892 1815 918 1860 et
931 1808 1003 1859 uelut
1014 1814 1137 1858 mortuus
1152 1809 1260 1859 alienus.

729 1880 824 1931 Fortis
838 1887 886 1944 est,
903 1881 980 1943 enim,
1001 1887 1029 1930 ut
1050 1894 1134 1943 mors,
1157 1879 1260 1932 dilectio

729 1960 791 2016 tua;
805 1959 830 2004 et
844 1954 914 2004 dura
928 1953 999 2003 uelut
1013 1952 1137 2017 infernus
1150 1953 1261 2006 oemula·

728 2025 776 2076 tio.

765 2095 796 2146 18
821 2096 974 2148 Drsrosrrro
1000 2112 1128 2147 corrosus
1154 2097 1262 2148 Cnarsrt

729 2183 756 2218 m
771 2182 857 2217 cauca
873 2183 967 2219 rosrrr.
982 2196 1012 2206 -
1027 2167 1179 2219 Considera
1193 2181 1262 2218 nunc

729 2238 798 2289 bene
811 2239 931 2303 corporis
949 2236 1061 2298 Christi,
1078 2238 1107 2287 in
1122 2252 1202 2289 cruce
1215 2253 1262 2304 po·

729 2310 785 2375 siti,
799 2311 1023 2376 dispositionem
1040 2311 1104 2377 quia
1122 2327 1156 2362 ex
1170 2309 1262 2361 hocin

728 2397 805 2446 spem
821 2392 847 2432 et
859 2381 984 2431 fiduciam
1000 2380 1113 2447 rapieris
1127 2380 1262 2446 majorem,

729 2463 870 2505 attestante
903 2455 997 2503 eodem
1027 2452 1186 2515 Bernardo,
1217 2449 1262 2518 qui

730 2524 789 2575 ait:
807 2542 821 2571 u
838 2524 906 2584 Quis
926 2539 982 2573 non
997 2521 1118 2588 rapiatur
1131 2523 1165 2572 ad
1180 2536 1262 2588 spem,

731 2607 756 2647 et
771 2598 804 2647 ad
819 2596 982 2663 impetrandi
997 2593 1200 2655 confidentiam,
1215 2593 1260 2661 qui

730 2671 787 2735 ejus
806 2668 948 2719 attenderit
965 2668 1086 2734 corporis
1108 2666 1264 2734 dispositio·

731 2739 813 2788 nem?
846 2738 915 2788 Vide
941 2748 1021 2803 caput
1047 2737 1207 2788 inclinatum
1232 2736 1263 2786 ad

731 2810 863 2872 osculum,
887 2809 997 2859 brachia
1016 2818 1125 2858 extensa
1149 2808 1183 2858 ad
1204 2822 1264 2871 ¹am-

732 2882 851 2948 plexum,
876 2897 972 2932 manus
994 2881 1141 2947 perforatas
1163 2880 1197 2932 ad
1212 2880 1263 2930 lar-

732 2955 880 3021 giendum,
906 2955 975 3005 latus
998 2963 1121 3020 apertum
1156 2953 1190 3004 ad
1222 2951 1264 3002 di·

732 3026 883 3092 ligendum,
915 3026 1015 3092 pedum
1046 3024 1202 3075 affixionem
1233 3021 1265 3073 ad

733 3098 874 3150 nobiscum
890 3097 1067 3156 manendum,
1084 3095 1207 3163 corporis
1219 3110 1266 3146 ex-

733 3169 885 3221 tensionem
906 3169 939 3218 ad
959 3183 988 3218 se
1010 3177 1097 3219 totum
1117 3165 1199 3217 nobis
1215 3165 1266 3216 im·

734 3240 929 3307 pendendum:
947 3258 961 3287 n
978 3239 1036 3290 haec
1049 3237 1221 3289 Bernardus.

631 3611 767 3664 ORATIO

180 3835 297 3890 Domine
309 3836 373 3888 lesu
388 3833 505 3899 Christe,
520 3833 568 3900 qui
591 3835 658 3885 hora
678 3834 733 3885 diei
748 3847 818 3884 nona
831 3830 952 3900 pendens
974 3829 1004 3880 in
1024 3827 1158 3895 patibulo,
1171 3834 1199 3878 et
1213 3826 1270 3877 cla-

149 3923 229 3964 mans
246 3924 311 3964 voce
330 3921 436 3974 magna,
458 3904 487 3958 in
506 3919 604 3958 manus
623 3905 709 3960 Patris
729 3904 855 3974 spiritum
870 3898 1073 3962 commendasti,
1087 3906 1122 3965 et,
1137 3896 1270 3951 inclinato
