2626 4328
128 209 174 258 DE
193 209 384 261 CONCURSU
395 209 515 261 DISClP.
531 211 577 263 ET
591 212 783 265 MULIERUM
799 213 846 264 AD
863 214 1113 266 SEPULCRHUM.
1158 214 1211 285 669

97 321 135 373 ibi
153 339 159 371 :
184 322 281 388 Jejuno
298 324 338 374 bis
359 325 386 374 in
404 324 524 388 sabbato,
543 325 571 376 id
584 335 625 376 est

97 393 127 442 in
140 392 307 442 hebdomada
323 410 330 442 z
346 394 406 444 ideo
419 394 499 445 etiam
512 411 573 445 cum
588 395 626 445 di·

96 465 167 527 citur
177 467 276 532 prima,
292 467 333 516 vel
348 482 401 517 una
419 467 525 518 sabbati
539 477 625 534 potest

97 537 212 603 intelligi
233 538 319 602 prima
339 539 382 589 die
401 538 567 604 septlmanae‚
584 541 626 592 vel

95 607 280 668 hebdomade,
294 624 354 674 quae
369 609 440 674 apud
455 625 504 660 nos
519 620 626 676 propter

95 677 267 727 Dominicam
291 680 522 732 Resurrectionem
544 697 625 732 voca·

96 759 139 798 tur
159 749 313 809 Dominica‚
337 765 353 800 a
374 766 428 816 qua
448 752 530 803 etiam
554 751 625 817 apud

95 836 145 870 nos
158 820 254 886 incipit
272 822 428 887 septimana.
446 823 532 874 Nobis
552 824 626 875 enim

95 894 234 944 celebritas
253 896 350 945 veteris
368 896 481 958 sabbati,
498 913 627 949 conversa

97 973 123 1014 et
134 967 261 1016 translata
274 977 315 1016 est
329 966 358 1016 in
373 967 551 1032 Dominicam,
564 983 626 1036 quae

96 1037 189 1087 ceteris
201 1037 297 1092 diebus
313 1039 442 1089 celebrior
453 1049 501 1100 est,
517 1050 626 1107 propter

95 1110 244 1162 Dominicae
264 1112 479 1163 Resurrectionis
497 1114 625 1165 sanctita-

95 1191 159 1241 tem,
175 1183 302 1248 gaudium
321 1193 347 1233 et
357 1185 553 1242 ,reverentiam
570 1185 625 1235 La-

94 1254 145 1304 tini
167 1270 240 1315 ver0,
255 1270 303 1304 seu
318 1255 443 1317 Romani,
458 1267 484 1307 et
498 1257 624 1319 Ecclesia,

95 1327 176 1377 modo
189 1327 247 1377 dies
260 1329 456 1394 vocantferias
468 1329 561 1380 :diem
575 1331 625 1380 Do-

95 1398 223 1448 minicam
242 1410 363 1450 vocantes
383 1400 476 1450 feriam
497 1400 623 1465 primam,

94 1471 165 1521 diem
177 1473 247 1522 lunae
259 1473 417 1535 secundam3
434 1484 460 1523 et
473 1473 512 1524 sic
522 1474 554 1524 de
565 1473 625 1524 aliis

94 1543 228 1607 usquead
242 1544 394 1593 sabbatum.
412 1544 446 1594 Et
460 1553 569 1594 vocatur
581 1543 624 1594 fe-

95 1612 135 1662 ria
147 1628 168 1679 a
188 1612 293 1672 feriare,
308 1614 381 1679 quod
395 1623 435 1664 est
453 1629 564 1677 cessare,
581 1615 624 1665 vel

93 1699 110 1734 a
128 1683 246 1735 ferendis
260 1686 389 1750 victimis,
406 1686 468 1750 quia
489 1684 564 1736 omni
580 1685 624 1735 die

92 1754 196 1820 feriare,
212 1756 239 1806 id
256 1767 327 1808 esta
349 1767 454 1822 peccato
470 1772 581 1816 cessare,
598 1765 623 1808 et

93 1825 216 1876 victimas
234 1826 312 1888 ferre,
327 1838 353 1878 et
367 1827 461 1877 offerre
482 1827 622 1878 debemus.

125 1913 139 1946 2
158 1899 305 1958 Munienses,
324 1913 507 1948 uonunaururr
522 1913 558 1947 ar
572 1915 623 1948 ua-

92 1984 133 2018 ars
141 1985 256 2019 ossrnns
266 1986 293 2019 rn
303 1986 383 2020 sensu
394 1985 514 2020 ursrrco.
524 1996 555 2007 -
567 1970 624 2019 Mu·

92 2040 171 2090 lieres
186 2056 250 2106 ergo
270 2041 326 2090 istae
343 2051 474 2092 venerunt
488 2040 525 2090 ita
545 2055 624 2091 mane

92 2113 167 2178 quod
180 2114 268 2164 adhue
284 2115 397 2165 tenebrae
411 2119 497 2177 erant,
511 2123 542 2164 ut
557 2113 624 2181 dicit

92 2184 224 2249 ioannes}
239 2196 264 2234 et
286 2185 435 2235 secundum
451 2186 560 2241 Lucam,
574 2199 623 2234 ve-

93 2267 191 2306 nerunt
215 2257 345 2320 diluculo,
369 2273 430 2322 quae
453 2266 493 2308 est
515 2256 623 2307 claritas

91 2327 180 2377 media
196 2327 267 2377 inter
285 2329 370 2378 noctis
383 2328 507 2378 tenebras
527 2336 554 2377 et
568 2327 622 2378 diei

91 2401 254 2463 claritatem,
277 2402 350 2467 quod
371 2416 467 2452 aurora
493 2398 621 2466 appellari

90 2473 174 2536 solet;
195 2483 221 2522 et
235 2475 381 2523 secundum
397 2474 525 2532 Marcum,
543 2485 621 2523 vene-

90 2552 163 2606 runt,
177 2552 236 2597 orto
250 2548 311 2613 jam
326 2545 392 2597 sole.
412 2545 447 2596 Et
462 2545 550 2611 potuit
564 2558 622 2595 esse

89 2617 124 2666 ad
141 2616 268 2676 litteram,
284 2619 356 2683 quod
370 2616 449 2667 valde
462 2630 547 2677 mane,
563 2630 622 2668 cum

89 2689 179 2739 adhuc
198 2691 313 2740 tenebrae
335 2696 432 2752 essent,
453 2689 545 2740 venire
565 2703 627 2747 coe-⁴

91 2771 198 2825 perunt,
225 2762 343 2813 diluculo
364 2772 455 2812 autem
480 2769 620 2825 venerunt,

91 2832 137 2881 sed
150 2838 209 2882 orto
213 2833 273 2897 jam
287 2832 351 2893 sole,
364 2832 397 2881 ad
411 2839 622 2882 monumentum

91 2913 278 2968 pervenerunt.
291 2903 327 2953 Et
340 2913 412 2965 nota,
427 2902 501 2968 quod
515 2918 569 2954 non
581 2902 622 2953 si-

91 2991 126 3025 ne
140 2975 269 3040 mysterio
285 2976 461 3041 Evangelistae
475 2975 515 3026 sic
529 2975 622 3026 diver-

89 3045 194 3095 simode
203 3046 352 3112 loquuntur
362 3047 395 3096 de
409 3046 461 3096 isto
472 3060 560 3107 mane,
575 3047 620 3103 sed

91 3130 187 3165 omnes
201 3118 361 3166 concordant
374 3115 402 3164 in
420 3116 472 3166 hoc
483 3114 556 3179 quod
571 3112 624 3164 fuit

91 3201 180 3235 mane.
195 3186 264 3236 Nam
279 3196 309 3236 ut
328 3194 400 3252 patet
414 3200 446 3236 ex
464 3184 621 3251 proemissis,

90 3257 164 3308 istud
188 3258 363 3324 Evangelium
383 3258 503 3325 mystice,
527 3273 622 3324 proce·

90 3328 131 3377 dit
142 3331 292 3380 secundum
304 3340 358 3380 tres
369 3331 455 3380 status
464 3330 621 3391 electorum,

92 3416 140 3467 per
156 3411 210 3452 tres
227 3403 324 3454 Marias
337 3402 503 3469 significatos
523 3420 530 3454 :
549 3404 622 3470 quod

91 3474 168 3523 enim
182 3474 299 3526 loannes
316 3476 390 3536 dicit,
403 3488 463 3526 eum
478 3476 567 3531 adhuc
580 3481 622 3526 te·

92 3545 183 3594 nebrae
197 3553 294 3608 essent,
309 3546 417 3612 respicit
434 3557 536 3598 statum
552 3547 623 3597 inci-

92 3614 238 3681 pientium;
259 3617 331 3679 quod
354 3632 417 3666 vero
440 3617 525 3668 Lucas
548 3617 623 3676 dicit,

92 3686 220 3750 diluculo,
236 3687 343 3753 respicit
361 3698 459 3738 statum
478 3687 623 3753 proficien-

92 3756 179 3820 tium3
197 3757 244 3808 sed
264 3758 337 3823 quod
353 3757 419 3808 dicit
433 3759 548 3818 Marcus,
562 3765 623 3811 orto

85 3826 148 3892 jam
166 3830 232 3892 sole,
249 3829 358 3895 respicit
376 3840 476 3880 statum
491 3829 623 3896 perfecto-

682 342 752 378 rum.
765 329 869 380 Debent
879 344 943 395 ergo
954 330 1047 380 fideles
1062 338 1212 397 querentes

682 401 831 463 Christum,
857 402 971 470 quilibet
994 420 1042 471 pro
1067 413 1138 454 statu
1162 418 1211 455 suo

681 490 763 528 inane.
778 475 881 538 venire,
901 477 975 557 quod
993 486 1034 527 est
1049 486 1143 526 contra
1165 475 1211 542 pi·
1277 503 1278 506 ¹

681 561 753 611 gros.
765 546 870 598 Debent
883 557 964 598 ettam
980 547 1072 597 venire
1086 561 1138 597 una
1153 547 1212 597 sab·

681 617 802 668 batorum
814 633 861 683 per
872 619 946 686 quod
958 618 1035 685 quies
1045 629 1071 668 et
1083 634 1133 683 pax
1148 633 1210 668 cor-

680 688 721 738 dis
750 688 933 755 significatur,
963 690 1104 742 sabbatum
1135 689 1209 742 enirn

679 761 754 825 quies
772 760 969 828 interpretatur,
988 762 1061 829 quod
1081 771 1122 813 est
1141 777 1209 813 con-

680 842 720 881 tra
742 832 857 883 discolos
884 842 910 883 et
934 833 1079 885 discordes.
1106 834 1211 885 Debent

679 902 761 953 etiarn
784 903 877 955 venire
897 903 931 954 ad
955 913 1160 954 monumentum
1183 913 1210 956 et

680 972 717 1023 ibi
732 989 852 1036 quaerere
866 973 1025 1025 Dominum.
1045 976 1209 1025 Monumen-

679 1054 738 1094 tum
761 1054 801 1095 est
824 1060 902 1095 mens
924 1044 1053 1103 humana,
1078 1055 1209 1111 quantum

679 1115 711 1164 ad
726 1115 876 1180 quemlibet
890 1123 999 1166 statum.
1011 1115 1079 1164 Nam
1093 1131 1138 1164 cor
1150 1120 1209 1180 poe-

661 1211 664 1216 ·
679 1185 825 1237 nitentium
834 1185 933 1236 dicitur
942 1188 1159 1248 monumentum,
1171 1201 1210 1236 ra·

678 1259 751 1310 tione
766 1259 868 1318 luctus,
888 1256 935 1323 qui
956 1255 1025 1307 circa
1045 1271 1209 1306 monumen-

678 1341 705 1381 ta
725 1330 783 1381 fieri
803 1329 886 1389 solet,
910 1337 936 1378 et
957 1325 1146 1393 poenitentium
1170 1336 1209 1378 est

677 1404 778 1468 lugere,
798 1412 823 1452 et
836 1400 899 1452 flere
915 1415 995 1466 super
1011 1398 1127 1464 seips0s;
1145 1414 1209 1467 pro-

677 1475 824 1526 ficientium
837 1483 927 1525 autem
938 1488 983 1524 cor
995 1471 1093 1522 dicitur
1107 1486 1209 1521 monu-

678 1557 811 1608 mentum,
825 1545 926 1596 ratione
946 1543 1035 1609 operis
1053 1541 1213 1592 misericor-.

676 1621 738 1682 diae,
760 1621 834 1688 quod
858 1619 887 1669 in
909 1612 1064 1683 sepeliendo
1088 1624 1210 1668 mortuos

675 1701 822 1750 exercetur,
836 1700 862 1741 et
878 1688 1025 1739 activorum
1045 1694 1086 1736 est
1099 1685 1210 1736 insiste-

676 1779 705 1812 re
722 1761 850 1828 operibus
865 1757 1069 1819 misericordiae;
1087 1765 1209 1806 contem·

678 1833 840 1899 plativorum
860 1846 923 1881 vero
938 1844 984 1880 cor
1001 1836 1208 1878 monumentum

677 1903 791 1963 dicitur,
814 1901 919 1953 ratione
943 1899 1056 1966 quietis,
1082 1897 1209 1947 dicuntur

677 1974 751 2025 enim
774 1987 885 2040 corpora
899 1971 1037 2038 quiescere
1054 1968 1083 2018 in
1107 1982 1208 2017 monu-

678 2039 786 2108 mentis,
801 2055 827 2094 et
849 2042 927 2110 quies
949 2040 1066 2092 maxime
1085 2038 1118 2087 ad
1141 2052 1208 2087 con-

677 2112 846 2179 templativos
863 2111 984 2162 noscitur
1003 2109 1161 2175 pertinere:
1179 2105 1208 2155 in

676 2186 722 2235 tali
740 2200 803 2251 ergo
820 2190 1009 2240 monumento,
1024 2194 1072 2244 pro
1087 2175 1209 2242 quolibet

677 2267 756 2320 statu,
772 2265 841 2306 recte
859 2253 990 2320 quaeritur
1004 2249 1137 2300 Christus.
1153 2247 1208 2325 De-

677 2328 740 2377 bent
769 2326 851 2376 etiam
875 2320 1010 2372 obstacula
1035 2315 1209 2382 impedientia

677 2413 828 2460 removere,
856 2409 918 2462 quae
942 2391 1133 2457 intelliguntur
1161 2403 1208 2453 per

676 2469 793 2535 lapidem
809 2480 946 2532 magnum,
967 2464 999 2513 ad
1022 2461 1123 2512 ostium
1147 2473 1208 2508 mo·
1275 2488 1276 2491 =

677 2538 801 2590 numenti
821 2536 988 2594 advolutum,
1005 2542 1031 2583 et
1047 2546 1094 2597 per
1114 2530 1209 2595 Ange-

675 2613 743 2672 lum,
758 2620 788 2661 ut
805 2608 898 2661 statim
916 2604 985 2657 infra
1001 2603 1110 2671 patebit,
1129 2616 1209 2652 revo-

675 2686 774 2736 lutum.
792 2683 861 2734 Nam
884 2681 912 2732 in
936 2679 1058 2747 quolibet
1074 2685 1145 2727 statu
1169 2683 1209 2726 est

675 2758 775 2824 aliquis
789 2756 858 2822 lapis
881 2755 1001 2815 obstans,
1018 2768 1052 2802 ne
1066 2751 1128 2818 quis
1142 2763 1207 2814 poc-

675 2831 710 2880 sit
738 2829 839 2879 intrare
862 2826 891 2876 in
916 2825 1013 2876 intima
1038 2820 1155 2886 mentis,
1182 2825 1208 2867 et

675 2916 796 2954 exercere
818 2909 893 2951 actus
916 2913 965 2949 suo
991 2896 1073 2946 statui
1098 2907 1207 2957 compe-

674 2983 772 3024 tentes.
799 2970 881 3036 Lapis
909 2969 1018 3018 obstans
1047 2962 1208 3030 poenitenti·

676 3046 736 3101 bus,
751 3051 791 3094 est
806 3039 928 3108 pronitas
950 3037 984 3087 ad
999 3037 1116 3097 malum3
1139 3032 1214 3099 lapis¹

674 3115 786 3165 obstans
800 3108 1014 3178 proficientibus,
1030 3114 1069 3155 est
1089 3101 1208 3175 difficul-

676 3197 716 3237 tas
741 3185 774 3235 ad
796 3184 912 3244 bonum3
934 3179 982 3230 sed
1009 3176 1075 3244 lapis
1097 3176 1209 3228 obstans

676 3253 901 3321 contemplativis,
913 3263 954 3324 est
963 3248 1136 3300 materialitas
1146 3262 1209 3313 ¹spe-

676 3330 786 3379 cierum.
801 3325 853 3377 Sed
867 3324 918 3375 iste
936 3322 1003 3387 lapis
1018 3336 1065 3386 pro
1087 3317 1210 3386 quolibet

676 3410 756 3458 statu,
773 3397 932 3463 plerumque
945 3400 1098 3444 removetur
1112 3391 1144 3440 ad
1162 3404 1209 3440 so-

677 3470 734 3519 lum
753 3465 917 3519 desiderium
940 3462 1037 3515 animae
1059 3462 1110 3526 piae
1131 3474 1209 3526 quae-

676 3541 770 3605 tentis,
784 3555 831 3606 per
842 3538 956 3605 gratiam
977 3535 1095 3602 Spiritus
1109 3532 1209 3584 Sancti.

676 3615 751 3665 Felix
766 3611 858 3676 Maria,
874 3610 901 3659 id
924 3609 966 3660 est
978 3607 1078 3667 anima,
1092 3620 1153 3672 quae
1174 3603 1209 3655 ad

676 3686 849 3753 sepulchrum
873 3682 976 3734 Christi
1002 3682 1077 3732 venit
1101 3680 1205 3738 videre,

677 3775 724 3825 per
754 3756 978 3816 meditationem,
1002 3755 1128 3819 plangere
1163 3763 1210 3815 per

677 3828 902 3896 compassionem,
928 3841 1031 3891 ungere
1056 3838 1104 3890 per
1126 3823 1209 3872 devo·
