2626 4328
93 247 147 314 4⁸8

95 379 170 422 norat
194 370 335 423 absolvere
368 368 478 422 uincula
507 363 628 444 infirmi-

95 447 179 491 tatum
205 451 232 493 et
257 451 447 508 peccatorum,
474 452 505 489 oc
532 445 628 516 murtro

93 519 119 560 ct
140 510 251 564 interni.
278 515 311 564 Et
340 521 416 563 erunt
441 509 511 561 forte
539 507 570 563 in
588 521 629 557 ers

93 582 141 648 qui
168 594 259 649 postea
285 584 390 636 liberati
419 582 455 632 ab
481 596 520 631 eo
551 579 629 631 dixe·

92 664 157 704 runt
179 672 187 705 :
210 656 359 721 Dirupr'eti,
377 652 502 715 umbre,
518 649 628 702 uinculo

58 790 61 797 ι
91 742 158 779 rm.
185 729 255 779 Face
281 730 357 778 edest
389 723 492 790 doreph
530 723 629 788 ligatus

90 801 217 851 venditus
238 816 253 851 c
279 800 425 861 fratribua3
447 806 477 848 et
512 795 628 845 Sumson

90 871 225 921 vincum
241 872 336 932 Dalils,
351 872 378 922 id
393 878 434 921 ost
447 884 464 919 u
481 880 628 933 synagoga.

92 943 169 993 Unde
196 943 341 994 Auselmur
357 960 365 992 :
381 961 396 989 c
409 941 462 992 Sed
489 953 547 991 erce
574 938 628 1002 iam

92 1012 259 1078 proditorem
288 1021 451 1079 praeeuntem
479 1009 628 1075 impiorum

94 1085 172 1135 turba
184 1085 373 1152 prosequitur3
388 1093 416 1134 et
429 1081 553 1134 osculum
564 1093 630 1146 proe·

96 1157 176 1207 bente
189 1158 267 1217 luda,
281 1173 381 1208 munus
394 1155 522 1221 injiciunt
541 1152 570 1202 in
583 1152 629 1202 Je-

94 1245 166 1282 sum.
181 1231 332 1281 Dominum
354 1245 435 1280 suum
450 1235 544 1281 tenent
561 1225 629 1291 ligu-

94 1309 164 1361 tum,
181 1311 207 1351 et
220 1302 281 1352 illas
294 1301 386 1351 dulces
401 1314 499 1349 munus
512 1295 629 1347 vinculis

94 1374 241 1441 stringunt.
261 1373 337 1434 Quid
359 1370 475 1422 fecerat?
494 1369 566 1432 Scio,
581 1383 629 1418 oc-

94 1456 173 1512 cupat
186 1461 258 1496 nunc
283 1461 330 1495 cor
347 1454 425 1493 tuum
449 1442 544 1508 pietas,
563 1456 629 1490 om·

93 1516 140 1566 nia
165 1516 268 1566 viscera
295 1525 341 1564 tua
369 1514 443 1563 zelus
466 1511 628 1563 inflammat.

93 1589 168 1651 Sine,
197 1604 273 1653 rogo,
297 1585 425 1653 patiatur,
451 1585 499 1652 qui
523 1600 573 1650 pro
602 1593 628 1633 te

92 1662 202 1729 patitur.
216 1661 292 1721 Quid
304 1671 383 1726 optus
401 1659 539 1726 gladium?
555 1657 628 1718 Quid

92 1732 230 1784 imseeris?
241 1731 314 1792 Quid
325 1729 491 1797 indigneris?
502 1729 532 1779 Si
543 1729 629 1779 instar

92 1803 164 1855 Petri
180 1802 324 1867 cuiuslibet
344 1801 491 1852 auriculam
504 1800 628 1851 abscide-

93 1873 139 1933 ris,
161 1872 185 1923 ei
206 1872 279 1922 ferro
309 1871 453 1921 brachium
476 1871 580 1930 tuleris,
602 1870 627 1921 si

92 1944 190 2009 pedem
217 1942 402 2004 truncuveris3
419 1942 482 2008 ipse
505 1941 629 1991 restituet

94 2014 197 2074 omnia,
213 2013 260 2080 qui
274 2012 367 2073 etiam,
382 2011 502 2079 siquem
520 2011 629 2061 occide-

94 2085 132 2135 ris
148 2086 251 2151 absque
265 2084 351 2134 dubio
363 2083 505 2134 suscitabit
520 2100 527 2133 ε
543 2102 557 2130 u
571 2083 628 2133 lraec

93 2157 246 2207 Anaelmur.
266 2157 436 2222 Ligouerunt
459 2165 551 2205 autem
569 2169 628 2205 eum

94 2236 204 2294 propter
215 2227 285 2277 tria:
298 2227 397 2292 primo,
410 2241 446 2275 ne
465 2240 562 2275 manus
580 2241 628 2275 eo-

93 2313 156 2348 rum
172 2297 308 2364 effugeret,
324 2297 427 2347 diuerut
445 2296 519 2346 enim
531 2295 571 2347 eie
585 2297 629 2346 Ju-

94 2368 151 2432 das,
174 2370 248 2434 quod
272 2385 335 2419 eum
359 2378 489 2429 terrerent,
507 2378 536 2419 et
550 2375 629 2419 caute

92 2440 236 2503 ducerent3
257 2441 387 2499 secundo,
402 2452 433 2490 ut
455 2455 520 2491 aum
542 2450 628 2490 morte

93 2509 208 2574 dignum
222 2510 404 2571 ostenderent,
417 2510 481 2576 quia
498 2525 559 2561 mos
571 2521 627 2560 erut

92 2579 200 2639 Judaeis,
225 2589 256 2629 ut
283 2596 365 2645 quem
398 2592 485 2632 morte
511 2582 627 2648 dignum

92 2649 248 2712 iudicarent,
263 2650 384 2701 vinctum
408 2651 518 2702 uniet
537 2654 627 2702 trude-

92 2729 172 2781 rent3
200 2720 289 2781 tertio,
323 2730 433 2786 propter
454 2723 625 2788 mysterium,

19 2805 23 2814 ·
91 2788 152 2841 licet
164 2789 215 2855 ipsi
232 2789 283 2841 hoc
296 2790 459 2856 ignorarent,
474 2792 539 2858 quio
551 2792 626 2843 enim

91 2859 219 2911 Christus
233 2876 283 2911 nos
298 2862 412 2927 peccub
429 2862 535 2928 ligatos,
557 2875 583 2914 et
596 2864 627 2914 in

94 2933 181 2984 limbo
204 2935 355 2985 vinculatos
375 2936 480 2987 solvere
501 2937 625 2998 debebat,

93 3003 153 3054 ideo
177 3005 268 3070 ipsum
286 3022 336 3072 pro
352 3006 431 3057 nobis
448 3007 526 3073 ligari
541 3023 626 3073 opor-

91 3074 172 3134 tebat,
188 3077 264 3141 cuius
273 3077 389 3128 vinculis
403 3077 509 3129 libenti
520 3091 624 3133 sumus.

92 3144 187 3194 Voluit
211 3147 315 3213 quippe
342 3148 478 3211 Christus,
494 3158 626 3216 tanquam

92 3217 159 3266 latro
174 3220 378 3284 comprehendi,
392 3231 419 3273 at
434 3222 523 3288 ligeri.
539 3224 626 3276 Adam

93 3291 167 3341 enim
188 3309 250 3342 cum
268 3295 410 3346 latrocinio
427 3296 534 3348 lurtum
546 3314 626 3349 corn·

91 3361 175 3423 misit,
189 3365 297 3430 quando
312 3381 425 3430 pomum
439 3368 491 3417 sibi
512 3368 626 3419 vetitum

90 3435 249 3495 attrectavit,
266 3451 329 3484 nam
344 3435 447 3487 furtum
459 3448 501 3488 est
515 3448 626 3489 omue-

89 3506 169 3556 ctatio
189 3507 228 3557 rei
251 3509 354 3570 allenae,
379 3510 465 3562 invito
489 3511 626 3571 Domino3

89 3585 116 3626 et
139 3576 222 3642 hujus
245 3579 283 3630 rei
305 3594 397 3639 cause,
422 3590 512 3632 totum
541 3597 627 3648 genus

89 3645 242 3698 humanum
265 3664 281 3698 a
312 3649 421 3700 diabolo
444 3652 628 3716 comprehen-

92 3731 154 3767 sum
175 3720 317 3770 tenebatur
342 3720 465 3787 ligatum,
487 3724 628 3788 proculus

90 3787 275 3841 satisfactione
298 3792 376 3843 Jerus
410 3801 539 3859 tunquam
559 3794 628 3844 latro

91 3861 181 3914 voluit
195 3863 402 3930 comprehendi,
417 3865 465 3931 qui
480 3865 629 3933 incomprer

368 248 545 303 SECUNDAE
560 245 819 301 attententur
835 248 901 302 tut

681 361 828 418 horribilis
839 373 893 425 est,
905 374 934 417 et
950 364 1038 431 ligati,
1056 366 1104 433 qui
1119 366 1223 433 ligatos

680 435 753 487 venit
767 436 871 489 solvere
892 447 918 491 et
938 437 1044 491 vincula
1060 454 1157 493 eorum
1170 441 1218 491 di·

675 520 815 570 rumpere.
843 507 876 561 Er
904 518 968 559 nota
989 510 1067 575 quod
1086 510 1218 563 Christus

681 577 768 629 Filius
791 578 850 639 uei,
865 589 994 646 tanquam
1013 583 1082 635 latro
1097 599 1158 635 cum
1173 585 1217 637 la-

681 658 768 710 trone,
792 651 893 701 scilicet
909 653 1025 707 Barrabu
1046 664 1089 705 est
1108 666 1218 721 ceptus,

682 719 753 773 inter
767 721 885 773 latrones
900 723 1082 786 crucifixum
1100 725 1217 781 lurconi-

683 790 733 841 bus
755 791 870 855 occisus,
892 805 1003 860 propter
1020 796 1138 851 latrones
1152 813 1218 864 pos·

682 878 738 923 sus,
752 865 861 915 solvens
883 882 944 932 quae
962 884 1016 919 uon
1040 870 1137 936 tepuit.
1162 871 1218 923 Le-

682 934 754 1000 gitur
767 945 856 989 autem
879 938 1016 991 Dominus
1036 949 1076 991 tor
1095 941 1218 1006 ligatus:

683 1004 782 1071 primo,
798 1007 889 1060 statim
907 1023 972 1061 cum
986 1022 1080 1076 captus
1092 1023 1174 1073 esset,
1189 1024 1217 1066 et

681 1077 822 1131 duceretur
833 1079 866 1131 ad
876 1081 1000 1147 Annam5
1012 1085 1215 1144 secundorum

681 1148 715 1198 de
740 1150 821 1201 Anna
838 1150 980 1206 duceretur
1003 1155 1037 1207 ad
1062 1155 1218 1221 (siphum

681 1220 769 1279 tertio,
784 1236 847 1273 cum
870 1222 1011 1273 duceretur
1031 1226 1064 1277 ed
1087 1226 1217 1289 Pilatum,

680 1308 752 1354 nam,
767 1293 915 1346 secundum
927 1296 1039 1359 ueram,
1049 1298 1137 1362 potuit
1148 1298 1219 1359 lieri,

681 1376 712 1415 ut
730 1367 765 1419 ud
787 1365 883 1417 boram
898 1367 1054 1428 solveretur,
1078 1382 1214 1435 quatenus

680 1437 868 1498 discuteretur,
882 1444 908 1489 et
924 1447 984 1503 poet
1006 1439 1064 1493 hec
1076 1440 1217 1495 discussus

681 1508 780 1560 iterun
793 1506 933 1572 ligaretur;
947 1517 1053 1573 quarto,
1065 1521 1153 1574 potest
1166 1514 1215 1565 ad-

681 1580 718 1641 di,
733 1580 807 1646 quod
823 1581 904 1634 etiam
925 1581 1022 1647 ligatus
1046 1581 1148 1637 suited
1174 1600 1219 1637 co-

681 1651 803 1703 lumnam
812 1667 877 1703 ¹cum
890 1651 1075 1718 flagellaretur,
1089 1653 1151 1709 licet
1162 1655 1216 1709 hoc

680 1721 709 1770 in
724 1721 869 1788 Evangelio
885 1738 940 1773 uon
962 1723 1143 1788 exprimatur3
1167 1727 1217 1777 in-

681 1807 761 1856 super
778 1791 807 1843 in
824 1808 903 1846 cruce
920 1793 1002 1847 clavis
1026 1792 1078 1845 luit
1096 1797 1215 1857 vinctus,

680 1863 757 1915 etsie
772 1863 854 1915 etiam
871 1864 978 1930 ligatus.

711 1954 748 2002 ²4
761 1938 886 1997 Qurrtoua
899 1955 1058 1994 uocmruurn
1082 1957 1116 1995 ux
1133 1958 1213 1995 uror-

681 2027 760 2062 rrour
774 2012 883 2072 Dorum,
895 2027 1215 2068 ncruscouaouarrours

681 2097 715 2133 ur
729 2097 836 2133 orario.
857 2109 888 2123 -
905 2082 946 2134 Ex
963 2082 1014 2135 boc
1030 2083 1143 2137 articulo
1157 2096 1215 2134 tra-

680 2152 785 2205 huntur
804 2153 882 2217 plura
905 2154 1064 2207 documenta
1086 2155 1217 2207 salubria.

682 2223 803 2275 Primum
814 2233 864 2284 est.
880 2225 945 2290 quia
959 2225 1028 2276 sicut
1041 2226 1146 2279 dictum
1165 2237 1215 2286 eet,

680 2294 815 2350 Dominus
828 2297 906 2362 ligari
921 2298 1016 2358 voluit,
1033 2307 1064 2351 ut
1077 2298 1135 2364 ipse
1150 2314 1215 2365 pec-

680 2379 801 2420 catorum
825 2381 981 2423 nostrorum
1003 2371 1214 2425 vinculusolve-

680 2449 737 2506 ret;
759 2441 819 2492 ideo
841 2458 893 2492 nos
916 2443 1047 2495 debemus
1069 2460 1126 2496 esre
1143 2447 1213 2511 grati

679 2513 713 2563 de
733 2512 871 2563 solutione
895 2523 995 2574 nostra,
1017 2525 1046 2565 et
1064 2531 1156 2567 curere
1177 2531 1216 2567 ne

680 2601 774 2637 rursus
801 2601 864 2635 eum
886 2587 987 2637 nostris
1005 2588 1118 2652 peccetis
1139 2589 1215 2654 iige-

679 2672 750 2720 mus,
761 2657 834 2721 quod
846 2655 877 2707 fit
885 2657 1099 2724 quotiescunque
1115 2669 1216 2711 morte

679 2727 741 2778 liter
749 2742 899 2792 peccamus.
910 2728 1097 2781 Mrnuaetiem
1106 2729 1212 2784 Christi

678 2797 803 2848 videntur
822 2812 885 2849 curn
907 2794 1020 2849 funibus
1042 2809 1214 2863 peccatorum

678 2866 817 2932 colligare,
845 2866 893 2932 qui
917 2882 972 2917 uon
1003 2869 1115 2921 creduut
1144 2869 1213 2928 Deo,

678 2939 752 3003 quod
766 2936 853 3001 possit
868 2935 911 2988 eis
926 2937 1075 2991 necessaria
1095 2953 1145 2991 sua
1159 2939 1213 2991 do·

678 3023 715 3062 re.
726 3036 756 3051 -··
769 3007 925 3061 Secundum
939 3017 989 3071 ert,
999 3009 1073 3074 quod
1083 3009 1217 3064 Christus

678 3080 756 3146 ligari
778 3079 873 3142 voluit,
886 3083 922 3143 lut
946 3095 998 3133 nos
1018 3081 1071 3135 cibi
1089 3081 1214 3147 alligaret

678 3153 786 3206 vinculo
808 3153 934 3216 caritatis,
959 3153 1031 3205 unde
1053 3153 1216 3209 studeamus

679 3233 706 3275 et
730 3239 781 3275 nos
808 3223 861 3274 sibi
890 3233 945 3276 tem
967 3222 1073 3275 fortiter
1096 3223 1213 3277 errrore

678 3296 801 3362 astringi,
820 3311 854 3347 ne
870 3295 963 3347 leviter
981 3297 1016 3348 ab
1039 3297 1099 3363 ipso
1121 3297 1214 3362 poesi·

678 3383 740 3419 mus
754 3365 883 3430 separatu
901 3365 960 3432 ipsa
975 3366 1049 3419 enim
1064 3366 1161 3420 caritus
1171 3380 1215 3420 est

678 3441 827 3500 vinculum,
843 3439 937 3505 inquo
950 3440 1042 3491 noima
1051 3440 1108 3491 Deo
1121 3441 1214 3507 alligo·

679 3522 732 3562 tur.
755 3538 786 3553 -ι
799 3510 923 3563 Tertium
946 3512 1140 3566 documentum
1160 3522 1215 3574 est.

679 3591 710 3633 ut
736 3596 788 3633 ooo
821 3581 939 3646 ligemus
964 3581 1059 3631 omniu
1088 3582 1216 3639 membre

681 3661 782 3713 nostra,
802 3660 831 3704 et
854 3652 942 3716 ipsam
965 3651 1087 3716 linguam
1101 3651 1217 3707 funibus

681 3734 877 3791 preceptorum
897 3723 957 3782 Dei,
980 3740 1014 3775 ne
1038 3725 1163 3777 laxentur
1179 3728 1217 3779 ad

680 3796 771 3862 aliqua
790 3794 923 3848 contraria
941 3793 1044 3847 divinis
1062 3796 1216 3863 preceptis,

679 3867 721 3922 vel
743 3865 843 3921 divine
859 3864 1002 3929 voluouti,
1018 3874 1044 3919 et
1057 3865 1130 3922 nihil
1145 3882 1216 3935 ope·
