2626 4328
100 357 153 410 830
230 375 235 403 7

501 356 608 407 INDEX
623 357 784 409 CAPITUM

185 523 302 574 CAPUT
319 523 386 574 LIX.
400 551 430 561 -
446 523 488 573 De
502 522 597 575 Primo
613 523 805 590 completorio,
818 525 849 576 in
867 526 1003 578 Passione
1015 527 1137 579 Domini.

118 710 127 744 1
144 687 269 746 Christus
280 693 361 744 intrat
369 693 461 744 villam
473 693 554 745 Geth·

129 768 242 828 semani,
263 768 296 816 ad
319 767 460 818 orandum.
574 765 629 832 468

115 853 130 888 7
147 838 231 888 Pavor
244 848 270 887 et
282 837 389 887 tristitia
403 836 524 888 Domini.
576 837 630 903 468

115 909 129 960 3
144 911 212 961 Tres
225 926 311 961 causae
325 910 443 961 tristitiae
455 909 552 960 Domi-

130 981 169 1033 ni.
574 979 628 1048 469

112 1057 195 1119 4Sex
211 1055 368 1105 documenta
391 1054 504 1104 moralia
519 1069 551 1105 ex

132 1126 242 1178 tristitia
257 1126 378 1187 Domini,
393 1138 467 1177 actus
484 1143 551 1178 con-

127 1199 298 1250 formationis
311 1209 337 1250 et
352 1199 447 1250 oratio.

113 1268 126 1320 5
142 1270 276 1332 Christus,
288 1270 388 1321 relictis
399 1269 551 1334 discipulis,

127 1341 242 1391 seorsim
257 1350 325 1391 orat.

110 1409 262 1477 dincrepat
282 1410 430 1477 discipulos
452 1408 551 1475 impri-

126 1482 180 1533 mis
206 1484 323 1545 Petrum,
352 1497 423 1548 quos
445 1481 551 1532 rediens

57 1613 59 1616 4
126 1551 417 1602 dormientesinvenit.

110 1622 269 1688 7·Christus
297 1632 355 1673 orat
380 1621 501 1672 secundo
523 1630 551 1671 et

127 1694 219 1745 tertio.

112 1764 128 1816 8
141 1765 281 1831 Apparitio
295 1762 391 1830 Angeii
404 1762 551 1814 Dominum

127 1833 315 1885 confortantis.

112 1923 129 1975 9
145 1907 250 1973 Agonia
263 1906 292 1955 in
308 1905 428 1957 Christo.

100 1993 131 2028 ιο
156 1977 246 2027 Sudor
274 1975 414 2047 sanguinis
440 1975 552 2041 ejusque

128 2050 255 2101 rationes.

100 2139 128 2174 77
158 2124 358 2174 Documentum
391 2122 492 2172 morale
519 2137 551 2172 ex

126 2194 224 2245 sudore
236 2192 387 2258 sanguinis,
400 2201 475 2242 actus
489 2206 552 2242 con·

127 2262 299 2314 formationis
314 2274 339 2313 et
353 2261 447 2312 oratio.
574 2260 629 2326 478

99 2347 129 2382 77
158 2333 214 2383 Cur
240 2332 374 2382 Dominus
404 2331 492 2381 oravit
519 2329 548 2380 in
594 2337 596 2340 ’

126 2401 215 2462 hortu,
230 2411 256 2451 et
275 2401 327 2452 hoc
348 2400 447 2466 triplici
462 2400 540 2451 vice?
573 2398 627 2466 478

98 2473 128 2524 13
146 2474 245 2541 Vigilia
258 2473 360 2524 Christi
371 2483 396 2524 et
410 2472 551 2538 Apostolo-

127 2544 341 2594 rumdormitio.

99 2633 131 2684 74
146 2619 285 2668 Adventus
299 2617 374 2669 Judae
389 2626 416 2668 et
430 2616 551 2667 cohortis

126 2700 244 2739 armatae.

58 2795 60 2798 <
99 2758 130 2812 15
147 2759 273 2811 Christus
285 2757 397 2808 obvians
411 2772 457 2808 eos
474 2757 553 2807 inter-

127 2842 212 2898 rogat,
232 2840 258 2881 et
280 2828 332 2895 ipsi
352 2839 500 2879 retrorsum
523 2828 552 2879 in

127 2911 226 2953 terram
243 2902 352 2952 cadunt.

53 3015 56 3020 .
100 2970 132 3023 76
147 2972 280 3023 Osculum
293 2970 377 3022 Judae.
401 2999 403 3004 ·

100 3060 131 3109 77
154 3044 272 3104 Quinam
287 3044 363 3094 Judae
383 3041 509 3102 similes?
525 3051 550 3093 et

126 3116 178 3167 tria
192 3117 266 3167 illius
282 3114 454 3166 traditionem
475 3129 552 3165 ama-

127 3202 183 3237 ram
201 3187 347 3237 reddentia.
575 3182 627 3248 483

100 3258 132 3310 78
151 3260 216 3310 Tria
239 3261 400 3311 documenta
423 3274 461 3325 erg
475 3257 550 3308 Judae
596 3282 604 3302 o

573 1214 628 1264 470

575 1354 625 1405 47ι

574 1550 626 1617 473

575 1708 631 1759 474

575 1830 628 1898 475

574 1903 629 1970 476

575 2046 629 2113 476

575 2558 629 2611 479

574 2687 629 2752 480

576 2898 626 2964 487

575 2970 628 3034 487

720 694 882 760 proditione,
900 705 975 747 actus
990 695 1146 747 conforma-

720 765 802 816 tionis
816 777 841 817 et
855 768 950 818 oratio.
1137 781 1140 786 ·
1170 767 1230 832 484

692 853 723 905 79
736 838 843 904 Figurae
858 839 1004 904 proditoris
1018 838 1113 889 osculi.
1169 837 1229 905 484

690 923 724 958 ao
738 907 837 959 Feruor
857 910 927 960 Petri
943 909 971 959 in
986 909 1145 976 aggredien-

718 979 753 1030 do
769 980 875 1030 Malcho
892 996 907 1031 a
923 981 1035 1032 Christo
1051 996 1147 1047 repre-

718 1053 854 1104 henditur.

687 1138 716 1173 77
752 1123 860 1173 Sanatio
886 1123 956 1175 servi
984 1133 1011 1175 et
1044 1124 1146 1176 blanda

716 1194 820 1245 Christi
837 1195 964 1246 allocutio
978 1197 1010 1246 ad
1028 1197 1131 1247 turbas.
1165 1195 1223 1262 486

687 1282 719 1316 77
736 1266 895 1318 Voluntaria
911 1266 1012 1318 Christi
1028 1267 1144 1333 captivi-

718 1347 767 1401 tas,
791 1339 846 1389 duo
868 1340 1029 1389 documenta
1049 1355 1081 1390 ex
1103 1355 1144 1400 ea,

718 1421 793 1461 actus
805 1410 1027 1462 conformationis
1041 1421 1067 1462 et
1080 1427 1145 1462 ora-

681 1504 695 1546 7
715 1482 764 1533 tio.

686 1549 718 1602 23
738 1552 795 1603 Cur
816 1553 951 1603 Dominus
973 1553 1091 1604 vinculis
1108 1553 1148 1605 li·

716 1625 772 1692 gari
787 1625 893 1676 voluit?

686 1712 721 1762 74
736 1696 862 1763 Quinque
883 1698 1044 1747 documenta
1060 1712 1092 1748 ex
1108 1697 1146 1746 li·

716 1768 822 1835 gatione
838 1769 958 1827 Domini,
981 1778 1057 1819 actus
1074 1783 1145 1819 con-

715 1839 886 1891 formationis
901 1850 927 1891 et
943 1840 1039 1891 oratio.

685 1908 718 1960 25
735 1910 937 1976 Discipulorum
950 1909 1022 1975 fuga,
1039 1907 1091 1959 fide
1113 1908 1144 1959 in

716 1980 773 2031 sola
786 1979 869 2030 Maria
884 1990 1048 2030 remanente.
1164 1977 1227 2047 489

685 2051 719 2103 26
748 2052 881 2113 Quisnam
906 2052 951 2104 ille
976 2054 1144 2110 adolescens,
1226 2102 1229 2107 ,

715 2124 762 2191 qui
777 2124 852 2174 solus
868 2125 960 2174 lesum
971 2134 1079 2181 secutus
1091 2132 1142 2182 est,

716 2206 742 2247 et
756 2210 891 2262 quosnam
907 2194 1046 2262 designat?

684 2281 720 2332 27
742 2265 863 2326 Quatuor
881 2265 1041 2317 documenta
1052 2280 1067 2315 e
1079 2264 1145 2330 fuga

716 2336 921 2408 Apostolorum,
943 2346 1018 2386 actus
1033 2334 1146 2386 confor-

716 2407 845 2458 mationis
862 2417 887 2458 et
905 2407 1000 2458 oratio.

686 2478 720 2529 78
737 2478 863 2530 Christus
884 2478 1005 2544 primum
1028 2477 1062 2528 ad
1083 2476 1145 2526 An-

716 2564 779 2599 nam
793 2547 908 2599 ducitur.
1167 2563 1222 2616 491

685 2634 720 2686 79
744 2618 843 2669 Novies
869 2619 965 2668 ductus
988 2616 1040 2667 fuit
1059 2615 1145 2668 Chri-

715 2698 783 2748 stus,
798 2689 870 2738 unde
885 2687 990 2738 devotio
1007 2686 1145 2738 visitatio-

717 2759 759 2810 nis
772 2776 868 2810 novem
885 2760 1060 2826 templorum.

686 2829 719 2880 30
737 2831 860 2890 Quatuor
875 2831 1035 2880 documenta
1049 2845 1081 2880 ex
1095 2829 1145 2879 du·

715 2899 806 2951 ctione
826 2899 936 2956 Christi.
951 2910 1026 2951 actus
1035 2897 1145 2949 confor-

717 2969 843 3021 mationis
859 2981 885 3022 et
901 2971 998 3022 oratio.

686 3039 716 3090 31
744 3042 839 3092 Petrus
861 3042 955 3092 lesum
985 3055 1101 3107 sequens
1128 3055 1144 3091 a

716 3111 796 3178 longe
821 3111 849 3161 in
876 3111 977 3163 atrium
1005 3109 1145 3162 Pontificis

717 3183 906 3235 introducitur.

1168 1055 1227 1121 485

1167 1483 1228 1548 486

1167 1627 1224 1693 487

1167 1840 1227 1905 488

1163 2208 1224 2261 490

1165 2421 1223 2474 490

1164 2775 1223 2827 49²

1166 2969 1223 3037 493

259 3506 377 3558 CAPUT
390 3506 448 3556 LX.
463 3533 494 3544 —
507 3504 550 3555 De
563 3499 720 3563 Matutinis,
738 3499 766 3550 in
780 3500 917 3551 Passione
937 3497 1057 3550 Domini.

112 3695 122 3729 1
141 3677 230 3728 Prima
246 3675 349 3727 Christi
363 3674 547 3743 interrogatio.
572 3671 626 3741 495

110 3764 125 3798 7
142 3746 297 3812 Alapizatur
309 3746 453 3799 Dominus.
574 3741 628 3812 496

111 3819 125 3872 3
142 3821 206 3872 Tria
221 3820 381 3869 documenta
395 3835 427 3870 ex
440 3818 552 3884 alapiza-

124 3891 198 3943 tione
212 3888 334 3948 Domini,
351 3900 426 3940 actus
440 3888 552 3940 confor-

124 3962 252 4013 mationis
267 3971 293 4011 et
308 3959 404 4009 orati0.

700 3685 719 3735 4
731 3671 808 3721 Falsa
821 3669 975 3721 testimonia
989 3677 1082 3720 contra
1093 3667 1146 3718 Do·

716 3741 822 3790 minum
841 3754 931 3791 coram
952 3737 1055 3804 Caipha
1076 3753 1144 3803 pro-

716 3813 778 3864 lata.
801 3815 805 3823 '
936 3872 939 3877 ⁴
1166 3826 1226 3880 497

702 3883 717 3934 5
743 3883 808 3934 Τ7ἰ7
832 3883 993 3934 documenta
1021 3882 1054 3932 de
1073 3880 1142 3932 falso

574 3972 631 4024 497
715 3953 880 4013 testimonio,
894 3963 969 4004 actus
987 3951 1143 4017 conforma-

1168 3181 1230 3250 493
1306 3244 1308 3249 .
