2626 4328
167 407 221 478 834

197 542 299 578 cemur.

167 599 200 651 32
219 602 312 653 Tertio
323 603 405 654 verbo
419 605 530 654 Matrem
542 603 622 655 disci-

197 674 261 736 pulo
292 683 318 723 et
346 670 511 741 discipulum
543 674 620 726 Matri

196 745 375 797 commendat.

168 814 199 866 33
216 817 304 869 Beatae
319 820 408 872 Mariae
422 821 543 887 Virginis
554 836 621 870 mar·

198 888 308 953 tyrium.

168 956 203 1021 34
223 958 381 1026 compassio
407 961 517 1013 Domini
540 977 621 1028 super

199 1031 282 1084 Matre
307 1050 362 1095 sua,
383 1046 458 1085 actus
471 1033 621 1086 conforma-

198 1103 282 1154 tionis
298 1116 323 1156 et
336 1107 432 1158 oratio.
646 1106 694 1174 590

169 1172 201 1224 35
228 1176 288 1226 Non
312 1179 408 1228 Joanni
430 1187 551 1237 tantum,
574 1179 620 1228 sed

198 1247 327 1298 omnibus
352 1249 477 1298 fidelibus
501 1249 561 1299 data
581 1257 621 1299 est

198 1317 280 1367 Maria
303 1318 331 1368 in
347 1331 470 1369 matrem.
647 1315 694 1385 590

169 1386 202 1437 36
223 1389 367 1449 Quomodo
385 1401 412 1441 et
428 1392 537 1456 quando
561 1393 620 1442 Ma-

198 1457 238 1508 ria
254 1474 304 1510 nos
318 1460 444 1525 adjuvati

169 1529 202 1595 37
215 1531 344 1583 Tenebras
368 1532 444 1585 factae
465 1550 547 1600 super
562 1544 620 1585 ter-

198 1615 265 1652 ram.

169 1667 205 1718 38
233 1671 336 1732 Quarto
370 1674 453 1724 verbo
496 1674 622 1724 Christus

199 1743 322 1807 queritur
341 1760 370 1796 se
391 1760 407 1796 0
430 1745 508 1795 Ρο000
521 1745 622 1797 dereli-

199 1821 282 1864 ctum.

169 1883 203 1951 39
218 1885 257 1935 Ex
272 1884 323 1937 hoc
335 1899 444 1953 apparet
456 1904 539 1954 quam
555 1904 623 1940 acer-

645 528 696 596 587

647 744 698 814 589

646 888 698 958 590

645 1460 696 1528 590

646 1602 696 1670 593

647 1814 699 1883 590

479 373 481 376 v
506 462 507 471 ,
575 413 685 466 INDEX
709 414 866 466 CAPITUM

783 530 818 581 ba
833 529 921 581 fuerit·
928 530 1029 582 Christi
1045 531 1151 583 Passio.
1239 532 1282 605 595

752 615 788 666 40
802 600 937 651 Debemus
957 610 982 650 et
996 616 1047 652 nos
1065 601 1093 651 in
1117 617 1216 654 neces·
1238 619 1240 623 ·
1279 638 1281 643 ν

783 669 908 721 sitatibus
922 670 954 721 ad
971 671 1059 720 Deum
1073 672 1203 723 clamare.
1239 673 1281 744 596

751 755 784 805 41
799 740 1000 792 Documentum
1014 757 1047 792 ex
1062 742 1216 794 derelictio

783 826 817 861 ne
833 811 946 872 Christi,
969 824 1044 862 actus
1058 811 1216 864 conforma·

782 884 867 935 tionis
883 893 910 935 et
924 884 1020 935 oratio.
1239 885 1282 955 596

751 969 785 1019 4²
811 954 929 1013 Quinam
958 954 1084 1005 dixerunt
1114 955 1216 1006 Domi-

783 1041 849 1075 num
864 1025 951 1075 Eliam
966 1024 1082 1076 vocare?
1239 1027 1281 1095 597

751 1095 785 1164 43
804 1098 908 1160 Quinto
932 1100 1014 1150 verbo
1031 1099 1159 1165 queritur
1181 1090 1216 1152 de

783 1169 838 1220 siti.
1237 1171 1278 1240 597

751 1258 788 1308 44
800 1241 927 1292 Christus
942 1252 1050 1307 potatur
1062 1251 1151 1294 aceto.
1238 1242 1280 1314 598

751 1311 785 1379 45
801 1314 968 1363 Documenta
978 1328 992 1363 e
1004 1313 1143 1378 potatione
1152 1329 1215 1364 ace-

783 1383 813 1443 ri,
837 1392 912 1433 actus
933 1383 1162 1435 conformationis
1189 1393 1230 1435 et¹

784 1453 878 1504 oratio.
1238 1451 1282 1520 599

752 1525 787 1592 46
810 1527 890 1577 Sexto
921 1526 1004 1576 verbo
1019 1535 1216 1578 consummata

783 1597 875 1649 omnia
887 1598 1011 1649 declarat.
1236 1594 1279 1647 600

752 1687 787 1738 47
802 1670 931 1722 Doctrina
944 1686 976 1722 ex
993 1670 1045 1721 hoc
1067 1671 1154 1722 verbo
1169 1686 1218 1722 re-

784 1741 896 1792 sultans.
1238 1737 1280 1789 601

751 1812 787 1879 48
801 1813 1000 1872 Documentum
1012 1812 1126 1872 morale,
1137 1820 1218 1863 actus

714 1924 724 1946 ,
784 1885 1009 1937 conformationis
1024 1894 1050 1936 et
1063 1884 1166 1936 oratio.
1240 1879 1284 1932 602

304 2111 307 2116 ν
348 2082 466 2134 CAPUT
482 2083 576 2134 LXIV.
591 2112 621 2122 -
635 2083 678 2135 Dc
693 2084 783 2146 Nona,
799 2083 826 2133 in
838 2083 972 2133 Passione
987 2080 1109 2132 Domini.

190 2268 199 2302 1
218 2251 417 2320 Contemplatio
438 2254 540 2304 Christi
562 2269 623 2304 mo-

201 2319 321 2373 ribundi.

187 2393 312 2444 060060
333 2395 449 2462 septimo
486 2395 622 2448 Dominus

201 2465 321 2516 animam
357 2467 385 2517 in
414 2483 510 2519 manus
538 2469 623 2520 Patris

648 2324 699 2378 603

201 2534 243 2586 sui
267 2539 446 2590 commendat.
647 2539 701 2606 604

187 2604 200 2654 3
217 2605 344 2658 Christus
357 2609 484 2674 spiritum
496 2610 604 2661 emittit.
647 2610 701 2675 604

184 2692 203 2741 4
216 2679 323 2744 Septem
335 2681 497 2733 documenta
505 2698 537 2733 ex
548 2683 626 2733 Chri·

137 2759 144 2783 ·
201 2749 234 2802 sti
249 2752 423 2818 expiratione,
436 2765 510 2805 actus
523 2755 625 2806 confor-

200 2823 328 2874 mationis
342 2834 368 2875 et
382 2825 477 2877 oratio.

187 2894 201 2945 5
215 2896 275 2947 Veli
290 2897 384 2963 templi
400 2897 504 2949 scissio.

185 2965 202 3016 6
223 2968 284 3018 alia
306 2969 385 3034 signa
398 2969 476 3033 facta,
491 2970 622 3022 moriente

200 3041 328 3092 Domino.

186 3126 202 3176 7
216 3113 329 3179 Mystrce
342 3114 400 3165 haec
419 3115 496 3180 signa
511 3115 579 3166 fiunt
594 3116 622 3165 in

199 3184 372 3236 conversione
386 3186 539 3252 peccatoris.

185 3254 202 3305 8
228 3257 358 3308 Centurio
391 3257 530 3308 Christum
566 3274 624 3309 esse

204 3327 304 3378 Filium
321 3328 370 3380 Dei
384 3327 536 3380 confitetur.
649 3327 702 3397 609

184 3412 201 3466 9
227 3398 326 3449 Omnis
363 3410 481 3450 creatura
512 3398 623 3450 Christo

201 3468 325 3520 morienti
339 3469 508 3536 compatitur.

173 3553 204 3587 00
229 3540 312 3590 Dolor
335 3541 490 3602 mulierum,
506 3547 621 3606 900000-

199 3607 249 3658 tim
264 3610 352 3662 Beatae
366 3610 458 3661 Mariae
470 3611 602 3676 Virginis.
642 3608 695 3659 610

645 2827 698 2878 605

647 2899 700 2967 607

644 3044 699 3112 607

646 3185 699 3237 608

647 3467 700 3519 600

757 2270 784 2305 00
802 2255 974 2320 Franguntur
992 2254 1131 2304 latronum
1151 2267 1218 2305 cru-
1238 2319 1254 2372 6

782 2340 820 2376 00.
1258 2333 1281 2372 ra

755 2413 786 2449 12
814 2398 866 2449 Sed
889 2397 991 2448 Christi
1019 2396 1218 2463 10000000οἰ-

782 2480 835 2522 tur.
1166 2497 1169 2502 ,
1191 2478 1195 2489 ¹
1239 2465 1281 2519 603

755 2541 785 2592 03
811 2540 971 2591 Miraculum
996 2548 1024 2590 et
1044 2537 1216 2605 significatio

783 2613 923 2679 sanguinis
938 2623 964 2664 et
977 2628 1054 2679 aquae
1074 2612 1111 2664 de
1129 2612 1217 2664 latere

783 2685 885 2738 Christi
900 2685 1019 2736 fluentis.
1236 2682 1280 2746 614

755 2775 787 2826 14
801 2758 865 2809 Tria
888 2755 1050 2808 documenta
1067 2772 1082 2808 0
1100 2757 1214 2809 lancea-

781 2829 857 2880 tione
880 2828 971 2878 lateris
996 2826 1109 2891 Christi,
1135 2836 1215 2879 000000

781 2898 1005 2950 conformationis
1021 2908 1047 2949 et
1060 2896 1163 2949 oratio.
1232 2893 1278 2954 604

755 2969 785 3021 05
809 2970 890 3020 Βο000
903 2969 996 3033 {Maria
1018 2967 1103 3034 Virgo
1127 2968 1216 3020 sentit

782 3044 882 3092 vulnus
897 3041 988 3091 lateris
1002 3039 1114 3090 Christi.
1235 3031 1279 3087 606

755 3113 787 3165 06
803 3114 938 3166 Dominus
955 3113 1116 3179 sanguinem
1144 3113 1214 3166 fun-

783 3187 823 3237 dit
840 3185 973 3252 piissime,
1000 3183 1162 3251 plenissime
1188 3195 1215 3237 et
1242 3221 1246 3224 -

783 3256 964 3307 acerbissime.
1233 3247 1277 3304 606

756 3342 788 3393 07
800 3327 872 3387 Quid
888 3327 915 3376 in
930 3326 1090 3378 vulneribus
1105 3325 1214 3379 Christi
1276 3393 1280 3399 ‚

784 3399 978 3466 quaerendum?
1235 3393 1278 3459 607

756 3468 788 3520 08
803 3469 952 3535 Dispositio
966 3467 1088 3534 corporis
1105 3468 1213 3522 Christi

784 3541 814 3592 in
827 3557 905 3593 cruce
917 3542 1011 3608 positi.
1233 3533 1277 3589 618

261 3803 378 3855 CAPUT
395 3805 474 3857 va.
488 3833 518 3844 -
531 3805 573 3856 De
585 3804 709 3856 secundis
727 3805 860 3871 Vesperis,
877 3805 904 3855 in
920 3806 1055 3856 Parsiana
1071 3805 1196 3860 Domini.

185 3995 197 4031 1
216 3979 318 4046 ioseph
334 3978 368 4028 ab
390 3976 542 4028 Arimathia
557 3992 620 4028 cor·

189 4069 243 4122 pus
257 4053 371 4106 Domini
387 4049 464 4121 petit.
646 4045 701 4116 609

348 4266 423 4280 ᾧ.
432 4276 434 4279 .

766 3991 782 4027 2
806 3975 985 4029 Nicodemum
1010 3978 1063 4029 sibi
1078 3981 1212 4034 comitem

783 4050 915 4115 admugit.
1234 4052 1276 4106 600
