2626 4328
43 123 95 179 826
282 116 457 170 SECUNDAE
474 111 598 165 PARTIS
615 109 732 177 CAPUT
753 107 894 160 Lxxxlx.

44 269 102 319 Hoc
116 265 262 317 delectatur
276 259 397 328 spiritus.

75 394 100 446 O
117 393 227 443 beatum
240 388 407 452 incendium,

44 469 68 518 0
83 465 178 516 ardens
192 459 375 514 desiderium!
453 483 461 503 t

45 538 69 588 Ο
86 535 164 586 dulce
177 531 356 599 refrigerium,

45 611 145 659 Amare
155 605 204 657 Dei
223 602 341 655 Filium!

77 725 150 783 Jesu,
163 719 214 770 flos
228 716 322 769 Matris
335 712 465 781 Virginis,

47 801 132 850 Amor
146 803 244 847 nostrae
258 788 418 854 dulcedinis,

48 868 112 920 Tibi
128 867 186 917 laus
199 863 288 914 honor
301 859 432 924 numinis,

50 942 177 1005 Regnum
190 931 375 984 beatitudinis.

79 1075 159 1137 Veni,
171 1074 241 1136 veni,
255 1072 314 1124 Rex
330 1071 442 1138 optime,

49 1149 127 1199 Pater
141 1147 282 1197 immensae
295 1143 399 1211 gloriae,

48 1219 155 1285 Affulge
170 1216 253 1267 menti
269 1214 367 1266 clarius

50 1291 109 1341 Jam
124 1297 293 1354 exspectatus
305 1283 414 1352 saepius.

82 1433 155 1494 Jesu,
170 1432 227 1483 sole
241 1429 371 1492 serenior,

54 1505 87 1555 Et
105 1505 225 1555 balsamo
240 1502 358 1565 suavior,

54 1575 137 1626 Omni
152 1576 261 1625 dulcore
274 1572 386 1637 dulcior,

56 1647 111 1696 Prae
130 1643 234 1695 cunctis
247 1641 399 1693 amabilior.

86 1797 170 1861 Cujus
184 1805 279 1862 gustus
294 1795 333 1846 sic
347 1793 436 1856 afficit,

55 1868 139 1932 Cuius
150 1867 217 1918 odor
230 1866 271 1916 sic
288 1865 381 1925 reficit,

56 1939 87 1988 In
101 1952 156 2005 qua
173 1951 252 1986 mens
269 1952 329 1986 mea
342 1935 450 1986 deficit:

56 2010 135 2060 Solus
151 2008 251 2059 amanti
265 2007 372 2059 sufficit.

88 2154 131 2204 Tu
145 2151 246 2202 mentis
265 2149 414 2212 delectatio,

57 2225 168 2276 Amoris
182 2223 380 2275 consummatio
390 2241 398 2289 3

58 2296 111 2357 Tu,
125 2310 184 2346 mea
198 2294 332 2361 gloriatio,

57 2370 120 2420 iesu
135 2367 231 2418 mundi
243 2365 364 2418 salvatio.

89 2487 127 2537 Mi
144 2485 249 2546 dilecte,
264 2480 404 2543 revertere,

58 2559 176 2610 Consors
191 2569 309 2624 paternoe
325 2557 448 2616 dexterae,

59 2629 171 2679 Hostem
185 2627 275 2677 vicisti
292 2641 429 2693 prospere,

58 2699 117 2749 Jam
130 2696 190 2747 coeli
205 2711 288 2762 regno
308 2695 406 2747 fruere.

46 2835 49 2840 ·
91 2822 193 2888 Sequar
208 2829 358 2886 tequoquo
377 2817 451 2883 ieris,

62 2890 130 2942 Mihi
150 2889 208 2941 tolli
222 2905 276 2940 non
291 2888 408 2956 poteris;

632 252 702 303 Cum
717 264 809 301 meum
824 263 871 298 cor
884 245 1036 308 abstuleris,

632 323 695 374 Jesu
706 321 765 372 laus
779 318 865 370 nostri
878 316 993 385 generis.

665 466 732 520 Coeli
747 466 829 526 cives,
843 463 982 524 occurrite,

634 539 729 589 Portas
739 545 842 588 vestras
858 535 980 595 attollite,

634 607 837 674 Triumphatori
852 605 951 656 dicite:

635 681 698 743 Ave,
713 679 775 729 Jesu
790 679 847 729 Rex
859 676 968 741 inclyte.

668 822 727 872 Rex
740 819 881 878 virtutum,
897 819 954 868 Rex
968 816 1069 883 gloriae,

638 893 694 942 Rex
709 890 825 957 insignis
841 889 967 949 victoriae,

636 964 700 1014 Jesu
717 961 828 1027 largitor
839 960 940 1027 gratiae,

638 1035 733 1085 Honor
744 1033 858 1084 coelestis
870 1030 959 1082 curiae!

669 1177 712 1227 Tu
727 1174 789 1227 lons
805 1171 1006 1233 misericordiae,

638 1247 691 1307 Tu,
709 1262 779 1297 verae
794 1245 884 1294 lumen
901 1241 1005 1309 patriae;

570 1326 574 1333 “
639 1318 713 1368 Pelle
733 1316 832 1366 nubem
848 1313 973 1372 tristitiae,

640 1388 726 1438 Nobis
748 1387 816 1438 dans
831 1387 918 1436 lucem
933 1383 1033 1451 gloriae.

674 1533 714 1581 Te
727 1531 787 1581 coeii
800 1530 900 1580 chorus
913 1527 1046 1595 praedicat,

643 1605 676 1656 Et
685 1615 744 1654 tuas
758 1603 850 1654 laudes
859 1602 984 1667 replicat,
1167 1597 1185 1628 s

642 1677 719 1728 Jesus
733 1676 825 1726 orbem
841 1673 964 1733 laetilicat,

645 1749 678 1798 Et
692 1763 743 1798 nos
752 1746 808 1797 Deo
821 1744 951 1811 pacificat.

677 1889 755 1938 Jesus
764 1887 792 1938 in
805 1902 867 1954 pace
881 1887 1004 1952 imperat,

647 1958 713 2018 Quae
729 1974 839 2008 omnem
852 1973 963 2008 sensum
977 1963 1096 2020 superat3

645 2027 719 2079 Hanc
732 2044 807 2079 mens
822 2028 884 2079 mea‘
896 2027 1036 2087 desiderat,

646 2098 682 2149 Et
696 2098 743 2148 illo
759 2097 812 2148 frui
824 2107 958 2164 properat.

677 2244 756 2294 Jesus
767 2243 800 2293 ad
815 2243 919 2293 Patrem
934 2235 1012 2292 rediit

648 2317 761 2368 Coeleste
775 2332 888 2382 regnum
899 2315 1000 2379 subiit,¹

649 2387 703 2438 Cor
716 2403 810 2438 meum
822 2403 838 2438 a
852 2402 896 2437 me
909 2385 1026 2446 transiit,

650 2462 713 2511 Post
725 2458 819 2511 Jesum
832 2459 914 2510 simul
928 2458 1003 2509 abiit.

679 2606 738 2656 Jam
753 2619 948 2671 prosequamur
960 2604 968 2652 l
978 2602 1104 2668 nudibus,

648 2679 750 2737 iesum,
765 2675 876 2742 hymnis
887 2685 911 2726 et
921 2675 1046 2742 precibus
1058 2691 1065 2724 ι

649 2747 685 2798 Ut
700 2763 750 2797 nos
764 2748 846 2797 donet
859 2745 1021 2808 coelestibus,

649 2816 719 2868 Cum
730 2816 790 2882 ipso
802 2815 855 2867 frui
867 2816 986 2867 sedibus.

680 2888 775 2937 Amen.

543 3131 679 3216 omno

93 3361 116 3411 O
133 3361 195 3411 Jesu
210 3361 326 3422 Christe,
342 3359 393 3410 Fili
425 3360 473 3410 Dei
489 3359 554 3422 vivi,
571 3376 620 3427 pro
640 3360 685 3411 his
701 3370 727 3412 et
740 3361 879 3426 omnibus,
894 3376 955 3428 quae
969 3361 1002 3410 de
1020 3367 1047 3410 te
1064 3357 1106 3424 pie
1120 3373 1183 3408 cre-

61 3432 153 3482 dimus
167 3440 193 3480 et
206 3432 313 3482 credere
327 3431 467 3492 debemus,
483 3430 644 3497 tibi‘gratias
656 3431 718 3483 licet
731 3431 866 3499 indignas,
881 3431 1036 3492 referimus3
1051 3438 1078 3479 et
1091 3442 1140 3494 per
1154 3442 1185 3478 ea

63 3515 88 3555 te
103 3501 259 3582 suppliciter
285 3517 426 3554 exoramus
440 3541 447 3565 ,
461 3512 493 3565 ut
516 3504 634 3571 teipsum
647 3519 680 3555 ex
694 3515 767 3570 parte
784 3504 908 3555 omnium
922 3502 1081 3561 coelestium,
1098 3510 1186 3550 terre·
1220 3527 1222 3532 ·

64 3573 161 3625 atrium
175 3581 201 3622 et
223 3573 392 3625 infernorum
407 3574 463 3626 Deo
488 3574 557 3626 Patri
579 3575 683 3638 offeras,
705 3575 734 3625 in
758 3575 869 3641 dignam
884 3576 990 3625 laudem
1004 3570 1141 3634 omnium,
1156 3569 1186 3619 in

67 3645 167 3712 quibus
179 3658 315 3728 summam
331 3645 494 3698 Trinitatem
515 3647 678 3698 laudabilem
690 3647 876 3713 recognoscis3
889 3656 916 3697 et
930 3647 958 3696 in
973 3647 1081 3712 plenam
1093 3640 1189 3710 gratia-

69 3734 130 3770 rum
149 3727 281 3769 arnonem
296 3733 345 3784 pro
366 3719 490 3785 quolibet
514 3719 643 3774 beneficio
657 3736 673 3772 a
686 3720 803 3786 singulis
816 3720 935 3772 debitam
948 3717 1093 3782 creaturis;
1107 3724 1189 3782 atque
