2626 4328
91 309 142 377 578

90 422 164 491 quod
186 425 290 486 caritas,
311 440 381 492 quae,
396 424 545 475 secundum
563 426 623 475 Au-

89 497 238 563 gustinum,
261 497 429 564 significatur
443 512 490 562 per
504 496 625 547 tunicam

90 566 303 628 inconsutilem,
327 567 412 617 dividi
439 583 494 618 non
518 577 625 633 potest,

90 654 152 690 curn
167 639 225 706 ipsa
238 651 337 690 ceteras
350 640 463 691 virtutes
476 648 625 691 connectat.

91 710 167 769 Item,
188 711 260 776 quod
281 725 360 760 nemo
382 711 460 762 debet
481 711 626 762 schismate

90 780 211 830 dissuere
224 795 316 843 unam,
328 792 457 840 sanctam,
470 780 626 831 catholicam

91 860 117 900 et
139 849 310 915 apostolicam
333 851 499 910 Ecclesiam,
518 866 578 917 quae
598 849 626 900 in

91 937 178 972 unum
199 938 294 973 omnes
320 924 431 989 colligit,
456 938 517 987 quae
545 923 626 973 etiam

92 1007 140 1058 per
166 992 286 1044 tunicam
310 994 498 1045 inconsutilem
519 992 627 1059 signifi-

92 1074 175 1115 catur.
195 1065 307 1131 Propter
321 1070 393 1134 quod
413 1067 512 1127 etiam,
528 1080 627 1116 secun-

92 1135 158 1185 dum
187 1137 428 1204 Chrysostomum,
457 1155 512 1190 non
547 1146 626 1203 caput

93 1205 202 1257 Christo
221 1221 376 1275 amputatur
390 1221 420 1261 ut
442 1209 558 1269 loanni,
580 1223 627 1258 ne-

91 1292 146 1342 que
160 1289 249 1330 sectus
265 1291 349 1332 estut
365 1282 455 1342 lsaias,
481 1291 511 1332 ut
531 1292 627 1345 corpus

94 1347 230 1415 integrum
249 1362 274 1402 et
290 1352 458 1403 indivisibile
475 1351 557 1402 morti
571 1366 628 1401 ser-

91 1430 145 1481 vet,
161 1431 187 1470 et
199 1438 255 1472 non
277 1422 325 1473 fiat
346 1423 448 1474 occasio
473 1423 628 1474 volentibus

93 1491 241 1544 Ecclesiam
256 1495 384 1546 dividere.
400 1496 441 1546 Ad
456 1496 628 1547 conforman-

92 1562 159 1612 dum
183 1578 212 1613 se
231 1565 295 1614 huic
317 1566 439 1623 articulo,
464 1565 628 1630 imaginetur

92 1633 177 1684 homo
203 1637 323 1700 exempla
336 1636 438 1686 Christi
461 1646 488 1685 et
510 1637 626 1685 Sancto-

93 1718 154 1753 rum
170 1705 246 1769 quasi
267 1707 389 1771 quaedam
408 1705 530 1772 praetiosa
542 1703 628 1754 vesti-

95 1783 195 1835 menta,
222 1790 282 1840 quae
310 1775 470 1841 participare
495 1784 627 1841 quantum

96 1860 251 1911 possumus,
267 1846 432 1909 studeamus,
453 1856 478 1896 et
492 1847 530 1897 sic
548 1854 627 1895 oret:

94 1918 169 1979 lesu,
181 1919 227 1983 qui
238 1921 393 1970 vestimenta
411 1925 457 1969 tua
479 1920 548 1969 inter
562 1933 627 1969 cru-

94 1988 226 2041 cifixores
238 1997 297 2041 tuos
312 1992 404 2052 dividi,
417 2005 498 2056 super·
513 1990 628 2040 tunicam

94 2069 184 2113 autem
215 2070 286 2114 tuam
316 2065 500 2115 inconsutilem
529 2069 627 2114 sortem

95 2133 166 2183 mitti
195 2135 312 2198 noluisti,
348 2134 384 2185 da
415 2135 479 2184 mibi
508 2134 628 2184 Sancto-

96 2219 156 2254 rum
181 2212 286 2257 tuorum
309 2208 434 2273 exempla
463 2222 522 2258 cum
548 2220 628 2254 man-

95 2275 221 2329 datorum
253 2280 423 2330 observantia
449 2279 626 2345 participare,

96 2352 122 2398 et
140 2349 280 2399 caritatem
299 2364 402 2416 semper
415 2350 548 2415 integram
564 2361 629 2398 eon-

97 2429 217 2469 servare.

131 2485 163 2536 18
194 2489 390 2540 lucunsurmus
426 2491 569 2541 Cnmsruu
602 2506 628 2540 tu

98 2575 183 2610 cauca
196 2576 299 2616 Qurnsrr
311 2578 412 2613 stultas
424 2566 433 2612 't
447 2593 477 2601 -
488 2565 527 2614 Et
541 2564 631 2614 seden-

98 2635 137 2680 tes
151 2629 224 2694 juxta
249 2645 355 2680 crucem
376 2633 553 2684 observabant
573 2647 630 2683 eum

97 2700 208 2765 quando
235 2701 375 2765 expiraret,
397 2712 423 2751 et
446 2717 479 2752 ne
500 2703 629 2763 evaderet,

96 2771 140 2822 vel
161 2785 193 2820 ne
208 2769 308 2836 aliquis
322 2785 385 2820 eum
399 2771 432 2820 de
445 2786 524 2821 cruce
536 2772 629 2821 vivum

97 2841 252 2907 deponeret.
280 2841 313 2890 Et
341 2840 378 2890 sic
401 2842 526 2891 volebant
553 2857 630 2891 suam

98 2911 288 2978 impotentiam
309 2911 458 2972 ostendere,
480 2927 510 2961 ac
530 2911 553 2962 si
575 2911 632 2961 im-

97 2983 206 3047 peditus
220 2998 235 3034 a
247 2982 404 3033 custodibus
423 2999 478 3032 non
497 2992 588 3048 posset
604 2999 632 3034 se

98 3055 199 3119 juvare.
225 3056 277 3108 Ubi
298 3057 512 3122 Hieronymus:
532 3074 545 3102 a
560 3055 632 3105 Dili-

98 3127 190 3192 gentia
214 3127 333 3177 militum
349 3136 375 3176 et
393 3127 560 3177 sacerdotum
582 3142 633 3177 no-

99 3198 142 3248 bis
167 3198 281 3264 proficit,
305 3209 334 3248 ut
357 3200 442 3264 major
467 3209 493 3249 et
515 3199 633 3264 apertior

98 3270 266 3336 resurgentis
280 3269 367 3319 virtus
381 3280 512 3335 appareat.
536 3289 549 3317 u
573 3271 634 3320 lllu-

98 3342 212 3393 debatur
234 3343 334 3410 quippe
357 3353 383 3392 et
410 3342 580 3393 deridebatur
604 3343 632 3392 in

97 3427 176 3464 cruce
192 3429 207 3463 a
223 3414 355 3480 pluribus,
378 3423 403 3464 et
425 3414 540 3464 diversis
564 3413 633 3464 vici-

100 3484 162 3535 bus.
190 3485 268 3535 Unde
300 3495 363 3535 nota
396 3485 425 3534 in
453 3485 522 3535 serie
559 3485 633 3535 litte-

99 3571 136 3608 rae
155 3567 270 3623 quatuor
283 3557 447 3609 differentias
461 3557 632 3608 illudentium

99 3627 210 3678 Christo
230 3628 257 3678 in
280 3643 357 3678 cruce
378 3644 384 3678 :
407 3628 493 3694 prima
521 3638 562 3678 est
589 3645 633 3679 se·

100 3698 247 3759 dentium,
275 3700 323 3766 qui
350 3714 408 3750 eum
434 3700 632 3762 observabatum

98 3773 214 3822 secunda
237 3770 475 3838 praetereuntium‚
503 3771 550 3836 qui
574 3785 633 3821 eum

100 3841 317 3908 blasphemabant
328 3860 338 3907 ,·
369 3843 467 3904 tertia,
500 3843 631 3893 stantium

98 3917 265 3969 sacerdotum
287 3928 312 3969 et
333 3916 490 3977 seniorum
513 3923 632 3982 quarta,

375 309 547 361 SECUNDAE
563 307 689 358 PARTIS
704 307 823 360 CAPUT
840 307 930 359 LXIII.

679 423 855 492 pendentium
870 424 1013 474 latronum.
1040 424 1088 474 Per
1106 423 1158 476 hos
1171 425 1213 476 si·

678 493 840 562 gnificantur
862 504 976 561 quatuor
999 509 1096 560 genera
1118 494 1213 546 homi·

679 583 755 628 num,
776 567 903 618 virtutem
922 567 979 631 eius
993 567 1212 632 abnegantium:

680 637 884 699 insedentibus,
899 637 1019 688 deliciosi
1033 647 1059 687 et
1073 636 1211 698 accidiosi,

680 709 725 775 qui
748 708 852 758 deliciis
878 707 964 758 carnis
994 707 1155 771 intendunt3
1183 707 1213 758 in

681 779 909 844 praetereuntibus,
925 778 1015 844 cupidi
1031 787 1057 827 et
1071 777 1153 839 avari,
1165 776 1214 844 qui

679 851 864 916 praetereuntia
890 859 1050 916 sequuntur,
1080 858 1106 899 et
1141 847 1214 899 viam

679 919 788 982 justitiae
805 919 1072 985 praetergrediuntur;
1088 917 1117 966 in
1137 926 1215 968 stan·

681 991 762 1055 tibus,
788 991 896 1056 superbi
924 1002 950 1041 et
973 990 1045 1055 elati;
1066 989 1113 1055 qui
1143 997 1217 1040 stant

681 1077 727 1127 per
740 1062 888 1128 appetitum
907 1061 1086 1124 excellentiae3
1102 1060 1131 1110 in
1147 1075 1216 1126 pen-

680 1134 826 1194 dentibus,
845 1135 1014 1201 impatientes
1031 1144 1058 1184 et
1072 1133 1213 1200 querulosi

680 1207 713 1257 de
747 1207 915 1258 adversitate.
948 1207 1118 1268 Quibusdam
1151 1221 1216 1273 ergo

680 1278 835 1328 sedentibus
859 1288 885 1328 et
908 1293 970 1328 eum
998 1277 1215 1337 observantibus,

680 1349 726 1398 alii
744 1355 940 1415 pretereuntes
958 1350 1048 1414 juxta,
1063 1364 1110 1414 per
1132 1348 1216 1410 viam,

681 1419 733 1488 hoc
752 1431 792 1471 est
807 1420 931 1486 vulgares
949 1419 1075 1469 homines
1090 1418 1161 1470 circa
1172 1419 1218 1469 lo-

681 1505 743 1539 cum
760 1490 847 1555 crucis
867 1499 1036 1541 transeuntes
1056 1500 1084 1540 et
1098 1502 1217 1559 concur-

681 1572 779 1622 rentes,
797 1565 1015 1630 blasphemabant
1028 1578 1097 1624 eum,
1114 1577 1220 1614 moven-

682 1642 721 1685 tes
739 1637 829 1702 capita
844 1637 936 1687 suain
952 1637 1059 1702 signum
1070 1635 1217 1696 irrisionis,

681 1714 708 1758 et
729 1708 853 1771 dicentes,
871 1708 1079 1774 improperando
1104 1723 1110 1757 :
1143 1707 1216 1771 Vah,

681 1775 754 1844 quo'd
769 1789 809 1829 est
829 1779 977 1844 interjectio
992 1779 1155 1840 insultantis,
1168 1793 1218 1830 seu

681 1851 826 1902 deridentis
845 1864 870 1903 et
890 1852 1090 1912 subsannantis,
1106 1853 1153 1918 qui
1167 1851 1218 1903 de-

680 1923 765 1972 struis
780 1924 903 1988 templum
914 1923 974 1986 Dei,
987 1923 1057 1972 sicut
1072 1923 1176 1983 dixisti,
1193 1928 1221 1974 et

681 1993 708 2042 in
730 1992 819 2042 triduo
843 1993 912 2043 illud
932 1993 1095 2059 reaedificas,
1116 1991 1218 2044 virtute

682 2072 736 2123 tua,
750 2079 811 2128 quae
825 2075 934 2129 apparet
947 2079 1019 2114 nunc
1033 2073 1122 2114 tamen
1137 2061 1219 2114 infir·

682 2148 734 2183 ma.
755 2133 889 2199 Repetunt
920 2134 989 2184 dicta
1018 2133 1149 2184 falsorum
1175 2141 1220 2184 te·

681 2204 780 2266 stium,
802 2215 828 2255 et
854 2205 894 2255 eis
917 2206 1081 2256 concordant
1101 2205 1150 2271 qui
1164 2203 1220 2256 sibi

682 2276 857 2342 imponebant
871 2279 943 2344 quod
967 2279 1018 2328 hoc
1037 2279 1150 2338 dixerat,
1170 2277 1219 2328 sed

683 2347 734 2398 hoc
748 2347 846 2398 falsum
862 2359 925 2399 erat.

717 2418 966 2486 19CURDon1rtth
993 2435 1027 2469 or
1052 2434 1137 2470 cauca
1163 2434 1219 2470 nou

682 2491 842 2540 nuscanum?
856 2519 888 2528 -
903 2491 1014 2540 Salvum
1024 2490 1076 2556 sac
1095 2489 1218 2554 teipsum,

681 2559 780 2611 virtute
804 2578 886 2628 quam
909 2563 942 2612 de
966 2572 992 2612 te
1017 2560 1165 2628 praedicasti
1190 2559 1220 2611 in

683 2642 811 2697 potestate
825 2634 999 2683 reaedificandi
1017 2632 1159 2698 templum,
1176 2630 1223 2682 de·

683 2703 811 2753 scendens
825 2704 858 2753 de
876 2718 962 2765 cruce,
978 2703 1025 2770 qui
1043 2701 1222 2768 promittebas

683 2785 709 2824 te
724 2775 751 2824 in
764 2775 852 2825 triduo
863 2777 995 2842 templum
1005 2773 1174 2826 reedificare.
1186 2773 1223 2824 Et

684 2845 783 2895 iterum
794 2846 916 2896 dicebant
933 2864 939 2896 :
956 2848 989 2897 Si
1005 2846 1094 2897 Filius
1114 2845 1167 2896 Dei
1179 2857 1220 2910 es,

684 2918 813 2968 descende
827 2919 861 2968 de
873 2933 961 2979 cruce,
986 2919 1013 2968 id
1032 2929 1073 2969 est
1090 2917 1112 2968 si
1130 2926 1219 2984 potes,

684 3004 778 3040 amove
787 2989 893 3040 dolores
908 3006 977 3056 quos
990 2989 1117 3038 sustines.
1133 2986 1219 3046 Quasi

684 3058 818 3111 dicerent:
830 3060 891 3110 Non
906 3072 991 3126 potes,
1004 3075 1036 3109 ex
1050 3076 1104 3126 quo
1114 3057 1219 3110 falsitas

685 3142 730 3182 tua
742 3141 827 3198 patet;
843 3133 889 3182 sed
902 3132 1011 3181 mentita
1033 3137 1073 3181 est
1089 3129 1221 3195 iniquitas

685 3204 746 3267 sibi,
771 3205 832 3269 plus
846 3204 919 3254 enim
935 3203 995 3252 fecit
1021 3203 1054 3253 de
1075 3201 1223 3267 sepulchro

686 3276 859 3340 resurgendo,
875 3289 956 3339 quam
969 3272 1074 3323 fecisset
1090 3274 1123 3322 de
1142 3286 1222 3323 cruce

685 3346 878 3396 descendendo.
913 3345 989 3395 Unde
1028 3344 1182 3410 Gregorius
1213 3362 1221 3396 τ

687 3435 700 3464 tt
726 3416 754 3467 Si
777 3425 840 3466 tunc
864 3416 896 3465 de
925 3431 999 3466 cruce
1028 3415 1222 3474 descendisset,

686 3487 817 3538 nimirum
832 3487 1025 3537 insultantibus
1039 3487 1148 3546 cedens,
1163 3485 1221 3536 vir-

686 3568 770 3609 tutem
787 3557 866 3607 nobis
883 3557 1018 3623 patientia·
1033 3572 1088 3606 non
1103 3557 1220 3607 demon-

686 3639 803 3680 strasset.
818 3630 869 3679 Sed
884 3628 1046 3693 exspectavit
1069 3627 1221 3693 paululum,

686 3699 807 3750 toleravit
822 3699 974 3764 opprobria,
986 3697 1127 3748 irrisiones
1140 3695 1220 3748 susti·

686 3771 759 3831 nuit,
781 3770 896 3821 servavit
919 3768 1090 3834 patientiam,
1113 3767 1221 3818 distulit

685 3840 901 3891 admirationem.
919 3840 951 3890 Et
964 3839 1012 3905 qui
1029 3839 1063 3888 de
1077 3853 1156 3889 cruce
1169 3838 1219 3888 de-

686 3912 813 3964 scendere
836 3911 932 3972 noluit,
953 3911 986 3961 de
1005 3910 1148 3978 sepulchro
1171 3923 1217 3959 re·
