2626 4328
220 253 268 303 DE
283 253 396 304 PRIMO
411 251 680 314 missorio,
705 253 740 303 IN
759 252 931 304 PasstoNE
945 254 1081 304 DOMINI.
1154 269 1207 320 477

96 382 174 434 aqam
199 367 245 417 sed
275 367 438 418 miraculose
459 367 624 418 effluxerunt

95 439 122 490 de
146 450 256 490 mortuo
275 452 394 504 corpore.
415 440 456 489 Ad
471 439 545 490 hunc
558 455 624 490 sua-

95 509 194 560 nssimt
217 509 325 558 sudoris
343 511 495 559 balsamum
513 511 623 576 egrotis

95 581 242 647 pmfiauum
266 581 386 642 festina,
408 598 443 631 ne
467 582 622 643 tardaretis,

95 663 119 702 ut
151 651 220 702 inde
254 653 341 702 sanni
378 653 515 704 merearis.
546 654 623 704 Unde

93 723 256 774 dimas:
273 723 371 782 «Quid
398 723 471 774 stas?
496 726 622 785 accurre,

93 806 114 844 et
128 793 308 844 suavissimas
332 793 391 844 illas
417 804 506 860 guttas
521 795 623 859 lambe,

94 877 114 914 ot
128 865 269 931 pulverem
281 865 382 929 pedum
395 865 566 931 illiuslinge3
576 881 623 916 no

94 936 107 985 li
125 936 249 986 dormire
263 949 326 985 curn
340 937 429 992 Petro,
446 950 481 985 ne
494 936 623 986 merearis

94 1006 204 1057 audire:
222 1007 272 1056 Sic
285 1021 335 1057 nort
347 1007 463 1071 potuisti
479 1021 532 1056 una
555 1007 623 1058 liora

95 1081 209 1145 ligitare
230 1078 356 1130 mecum?
372 1099 385 1126 s
402 1081 456 1129 haec
470 1080 623 1130 Ansolmur.

95 1153 180 1220 Surgit
203 1153 290 1219 igitur
304 1153 383 1203 tertio
404 1154 438 1202 ab
452 1152 573 1203 oratione
594 1152 624 1204 ia

97 1242 144 1293 qna
167 1228 265 1287 stabat,
287 1226 364 1276 lieris
378 1227 406 1276 ia
430 1237 530 1276 terram
545 1227 624 1292 geni·

98 1300 152 1359 bas,
179 1309 258 1348 ‘totus
284 1298 415 1364 sanguine
446 1297 624 1362 madefactus3

98 1385 172 1436 quom
187 1368 316 1434 conspice
330 1379 478 1435 tergentem
497 1369 550 1419 sibi
560 1370 626 1420 vul·

98 1452 159 1503 tum,
173 1442 216 1491 rel
239 1438 307 1490 forte
321 1440 400 1491 etiam
414 1441 443 1490 in
457 1450 574 1491 torrente
585 1441 626 1491 la-

98 1523 213 1570 xantem,
230 1521 376 1577 totumque
395 1512 526 1562 afflictum
549 1527 626 1563 reve·

98 1596 181 1636 reuter
195 1599 288 1644 cerne,
311 1597 337 1635 et
358 1585 498 1635 considera
525 1595 627 1652 quanta

98 1666 156 1705 tunc
179 1654 263 1704 tuerit
285 1655 383 1705 enimoe
410 1671 467 1705 sue
492 1656 625 1721 angustia,

98 1728 167 1791 caius
190 1736 275 1777 testes
293 1738 357 1777 sunt
378 1735 466 1792 guttae
482 1728 626 1794 sanguinis

99 1798 261 1850 deornm
279 1799 306 1848 in
320 1805 432 1861 terram,
446 1809 473 1849 et
492 1799 517 1849 ei
532 1799 627 1849 intime

98 1881 254 1936 compatere,
279 1869 343 1936 quia
364 1887 417 1920 aou
446 1871 504 1920 sine
521 1869 626 1936 ingenti

97 1941 235 1993 acerbitate
255 1940 360 1991 doloris
389 1942 441 1991 hoc
462 1941 516 1992 sibi
534 1940 628 2006 potuit

97 2013 258 2079 mratirrgere.
292 2013 439 2079 Nunquam
465 2013 540 2062 enim
574 2011 628 2062 ali·

97 2084 155 2149 qais
165 2082 338 2146 mortalium,
359 2085 394 2133 ob
416 2084 511 2133 mortis
530 2083 627 2133 burro·

97 2170 149 2205 rem
158 2155 276 2206 auditur
291 2157 419 2205 sudorem
441 2155 546 2206 fudisse
564 2170 627 2205 san·

98 2227 240 2294 guinem
251 2229 325 2278 unde
338 2239 409 2294 patet
419 2230 477 2294 ejus
488 2243 627 2294 nunquam

97 2299 214 2350 similem
254 2297 341 2348 fuisse
362 2299 495 2348 dolorem.
523 2299 553 2348 ln
575 2297 629 2348 hoc

98 2370 206 2441 quidem
228 2379 338 2435 apparet
350 2381 452 2436 quanta
463 2369 544 2420 fuerit
558 2384 629 2420 arna·

98 2439 184 2490 sudo
199 2438 339 2489 Passionis
348 2440 464 2500 Christi,
478 2440 555 2504 cujus
572 2441 629 2490 sola

99 2513 224 2578 aegimio
237 2523 343 2562 tantum
360 2525 483 2564 naturam
496 2513 628 2563 immuta-

99 2584 142 2646 vit,
156 2583 233 2650 quod
250 2599 304 2649 prae
324 2586 449 2650 angustia
470 2584 627 2650 sanguinem

99 2653 298 2719 sadammegit.
307 2654 371 2704 Haec
382 2671 470 2720 pugna
480 2656 539 2719 ejus
552 2664 630 2704 etan·

100 2727 177 2777 rietas
185 2728 336 2791 Martyrum
347 2727 492 2776 certamina
499 2737 525 2776 et
530 2741 630 2793 agones

100 2797 262 2863 significans,
275 2797 425 2862 plurimum
438 2798 591 2847 consolatur
605 2806 631 2846 et

101 2867 226 2918 confortat
240 2869 429 2932 pusillanimes
452 2879 479 2919 et
496 2867 629 2928 infirmos,

102 2939 167 2988 stad
178 2954 300 2989 amorem
315 2939 409 2989 incitat
424 2939 529 3004 tepidos
543 2949 570 2989 et
584 2938 630 2988 iu—

104 3019 195 3072 gmot.
221 3009 301 3060 Unde
319 3011 488 3061 anselmus:
503 3028 517 3056 a
533 3010 630 3060 Positis

104 3094 207 3147 quoque
220 3081 339 3146 genibus
355 3081 382 3130 in
397 3092 474 3141 terra,
491 3081 630 3146 procidisti

105 3150 236 3203 infaciem
253 3162 328 3202 tuam
347 3153 461 3202 adorans
476 3153 505 3201 in
525 3151 630 3216 agonia,

105 3231 126 3271 et
138 3223 232 3273 dicens
242 3241 249 3273 z
260 3223 339 3273 Atta
353 3224 439 3273 Pater
449 3223 495 3287 mi,
509 3223 536 3272 si
544 3223 632 3288 possi·

106 3291 150 3342 iile
167 3299 220 3353 ert,
232 3299 357 3343 nauseat
378 3309 397 3343 a
413 3308 453 3344 me
474 3294 555 3344 calix
567 3294 631 3344 iste.

108 3362 134 3413 Et
145 3365 282 3430 angustias
295 3364 406 3429 quidem
418 3365 507 3414 cordis
522 3364 561 3414 tui
576 3365 633 3414 dul·

106 3431 200 3485 a'aaimi
222 3434 374 3485 certissime
394 3435 526 3485 indicabat
546 3435 633 3485 sudor

108 3501 146 3554 'tile
156 3506 334 3570 sanguineus,
347 3504 395 3569 qui
412 3505 548 3554 orationis
561 3514 633 3554 tem—

107 3586 164 3636 pere
185 3575 221 3625 de
233 3574 405 3626 sanctissima
421 3590 499 3624 carne
512 3583 634 3640 turgat-

49 3698 54 3707 ,
108 3645 177 3696 tatim
190 3646 348 3697 decurrebat
364 3646 517 3697 interram.
536 3645 634 3696 Domi-

49 3762 51 3767 .
109 3719 313 3770 morbomiae
339 3719 421 3778 lesu,
447 3720 518 3768 uude
539 3719 636 3771 aaimae

109 3799 156 3855 tate
181 3803 235 3843 tam
250 3792 398 3842 vehemens
412 3791 547 3840 tristitia?x
560 3791 636 3842 Unde

49 3898 51 3925 ,
110 3864 296 3914 taomstadoris
307 3863 436 3922 anxietas,
451 3872 546 3912 ettam
559 3862 637 3912 anxia

677 367 851 432 supplicatio?
890 369 987 418 Nonne
1022 369 1207 418 voluntarium
1271 379 1274 385 '

677 441 788 491 omniuo
804 441 968 492 sacrificium
981 443 1036 492 Deo
1047 442 1117 492 Patri
1133 444 1209 492 obtu-

677 512 750 576 listi,
771 524 796 562 et
829 513 898 563 nibil
928 513 1031 564 invitus
1057 513 1209 579 pertulistis

677 584 918 648 Utique,l)omine.
934 585 1105 634 Arbitrantur
1118 595 1207 634 autem

676 659 748 720 quod
762 666 788 706 et
805 647 858 706 boc
872 672 981 723 quoque
993 658 1026 708 ad
1035 656 1207 707 consolatio-

677 741 739 776 nem
758 726 928 777 infirmorum
944 729 1129 778 membrorum
1144 737 1208 778 tuo—

677 813 738 847 rum
752 799 931 864 assumpsisti,
945 815 980 848 ne
999 799 1067 850 forte
1088 799 1209 865 desperet

676 869 747 934 quis,
766 869 790 919 si
811 883 874 919 caro
888 868 996 919 infirma
1019 881 1208 929 remurmuret,

676 940 723 989 ubi
751 940 786 990 ad
814 940 967 1004 passionem
995 951 1139 1007 promptus
1168 951 1207 991 est

677 1011 797 1077 spiritus.
828 1010 965 1060 Nimirum
989 1022 1016 1062 et
1042 1023 1072 1061 ut
1092 1013 1208 1076 maiores

677 1096 739 1147 erga
752 1092 778 1132 te
797 1081 900 1132 amoris
923 1092 949 1132 et
968 1082 1141 1147 gratitudinis
1157 1084 1209 1133 sti-

678 1154 766 1203 mulos
776 1153 944 1212 haberemus,
955 1154 1106 1202 naturalem
1120 1153 1210 1203 earnis

678 1222 863 1273 infirmitatem
884 1223 1070 1286 huiuscemodi
1097 1223 1211 1274 indiciis

678 1295 707 1344 in
732 1305 759 1345 te
792 1295 963 1361 expressisti,
992 1295 1092 1360 quibus
1128 1297 1209 1347 docc-

679 1383 762 1431 mur,
791 1367 855 1434 quia
893 1383 955 1418 vere
993 1368 1134 1433 languores
1159 1384 1212 1418 no·

679 1449 749 1489 stros
787 1439 915 1504 portasti,
952 1449 978 1489 et
1021 1455 1077 1488 non
1106 1439 1209 1504 absque

678 1525 761 1560 sensu
796 1509 898 1559 doloris
934 1510 1092 1576 passionum
1113 1520 1208 1560 sentes

679 1583 844 1650 percurristi.
861 1583 920 1633 Vox
937 1584 1012 1633 enim
1027 1583 1138 1634 illarox
1152 1597 1211 1634 car·

680 1654 723 1703 nis
751 1653 834 1704 fuisse
861 1653 974 1713 videtur,
998 1669 1054 1703 non
1091 1653 1211 1720 spiritus,

679 1741 710 1774 eo
724 1725 797 1791 quod
811 1725 975 1789 subjunxisti
993 1742 1000 1774 ε
1020 1725 1142 1790 Spiritus
1157 1725 1213 1792 qui·

679 1799 738 1849 dem
750 1805 893 1864 proruptus
907 1805 955 1861 est,
975 1813 1041 1850 caro
1058 1805 1149 1849 autem
1167 1799 1212 1849 in·

673 1871 758 1940 firma
770 1889 779 1922 .·
790 1889 805 1918 s
819 1871 876 1921 hec
888 1871 1038 1922 anselmus.
1057 1870 1150 1921 Voluit
1162 1886 1214 1921 au-

679 1954 734 1994 tem
753 1944 888 1994 Dominus
916 1944 1075 2010 sanguinem
1104 1943 1211 2002 sudare,

680 2015 804 2082 pluribus
825 2016 985 2067 rationibus.
998 2015 1087 2066 Prima
1102 2025 1151 2078 est,
1167 2029 1212 2066 se-

680 2087 796 2138 cundum
825 2089 1016 2153 Augustinum,
1042 2087 1076 2136 ad
1098 2085 1213 2154 liguran-

680 2160 745 2209 duru
764 2160 837 2226 quod
863 2161 895 2210 de
919 2175 1031 2225 corpore
1056 2176 1107 2210 suo
1137 2169 1212 2218 toto,

680 2231 752 2296 quod
772 2241 816 2281 est
843 2230 968 2289 Ecclesia,
994 2230 1102 2296 sanguis
1124 2229 1214 2279 effun-

680 2300 793 2363 dendus,
816 2309 842 2350 et
867 2312 1021 2349 emanatura
1046 2309 1121 2350 erant
1140 2300 1212 2349 'San-

681 2382 783 2421 ctorum
798 2371 936 2436 marty-ria.
952 2371 1075 2421 Secunda
1092 2382 1142 2429 est,
1164 2384 1212 2420 se—

681 2442 802 2492 cundum
830 2442 947 2504 Bedam,
979 2450 1009 2491 ut
1040 2457 1088 2508 per
1115 2451 1213 2493 terram

681 2512 813 2578 sanguine
837 2511 985 2578 irrigatam,
999 2513 1143 2564 declararet
1158 2522 1214 2562 ter-

682 2599 761 2633 renos
782 2582 908 2633 homines
932 2583 1064 2649 sanguine
1078 2600 1128 2634 suo
1140 2582 1217 2632 redi·

682 2654 795 2704 mendos
807 2663 837 2703 *et
853 2655 1031 2705 mundandos.
1047 2654 1139 2704 Tertia
1158 2662 1215 2714 est,

682 2725 831 2776 secundum
868 2726 1013 2789 Glossam,
1056 2736 1087 2776 ut
1120 2733 1220 2775 toturn

683 2796 817 2846 mundum
836 2797 953 2861 peccatis
967 2807 1106 2847 mortuum
1124 2796 1158 2845 ad
1171 2794 1216 2844 ri.-

683 2879 738 2918 tam
775 2869 963 2928 resuscitaret,
999 2869 1059 2918 ideo
1087 2868 1214 2918 sudorem

684 2955 764 2989 suum
787 2939 970 3005 sanguineum
986 2940 1020 2988 ad
1044 2949 1141 2988 terram
1165 2937 1216 2987 de—

683 3024 789 3059 currere
817 3011 932 3059 volebat.
959 3011 1043 3068 lteru,
1066 3009 1216 3058 secundum

684 3080 863 3142 Bernardum,
880 3096 933 3130 non
954 3081 1043 3130 solum
1059 3079 1155 3141 oculis,
1166 3081 1214 3130 sed

684 3153 761 3220 quasi
774 3152 904 3202 membris
917 3152 1046 3202 omnibus
1064 3152 1170 3204 flevisse
1180 3153 1219 3202 vi-

684 3225 777 3289 detur3
792 3233 823 3274 ut
839 3235 926 3274 totum
942 3240 1040 3290 corpus
1059 3226 1126 3289 ejus,
1143 3224 1216 3290 qaod

684 3305 723 3346 est
741 3294 865 3354 Ecclesia,
881 3295 964 3345 totius
984 3294 1105 3360 corporis
1129 3295 1218 3360 lacry-

685 3366 739 3416 mis
771 3376 940 3431 purgaretur.
978 3367 1091 3430 Insuper
1114 3364 1216 3422 etiam,

685 3437 795 3504 sanguis
819 3438 975 3486 decurrebat
999 3436 1028 3485 iu
1053 3447 1160 3495 terram,
1184 3435 1217 3484 ad

685 3506 881 3557 ostmdendum
893 3507 966 3572 quod
979 3522 1029 3572 pro
1045 3516 1124 3563 terra,
1137 3504 1222 3554 idest

687 3577 803 3627 Ecclesia
819 3578 906 3627 adbuc
931 3576 1065 3627 militante
1086 3575 1117 3625 in
1150 3585 1219 3625 terra

687 3647 788 3704 orabat,
805 3657 831 3696 et
844 3647 1006 3713 sanguinem
1023 3663 1103 3696 suum
1120 3645 1219 3696 faude-

689 3720 741 3776 bat,
764 3729 790 3767 et
814 3718 899 3783 ipsam
915 3733 968 3767 suo
992 3717 1131 3783 irrigatam
1147 3731 1219 3766 san-

689 3788 770 3854 guine
790 3787 956 3838 fecundabat.
976 3789 1005 3837 lu
1018 3789 1115 3838 sudore
1128 3798 1219 3836 autem

691 3869 797 3910 notatur
822 3860 923 3922 fervor3
950 3860 978 3909 in
997 3859 1137 3924 sauguine,
1153 3871 1219 3922 prc-
