2626 4328
86 325 138 376 470
182 377 183 381 ,

89 425 255 477 nuationem.
270 422 340 482 Quia
352 435 414 486 ergo
433 419 516 470 timor
527 428 552 467 et
566 415 617 466 tri-

89 495 160 548 stitia
185 495 339 560 inceperunt
360 506 469 557 surgere
493 489 522 540 in
547 497 620 554 parte

90 566 225 629 sensitiva,
241 565 286 616 sed
309 564 428 614 nondum
443 569 622 627 pervenerunt

91 639 123 689 ad
137 638 193 702 ejus
205 636 326 687 animum
341 633 398 685 sive
410 643 538 690 mentem,
561 630 621 680 ideo

89 709 159 759 dixit
173 725 180 758 t
198 707 301 758 Tristis
311 711 351 756 est
365 704 455 756 anima
468 717 527 754 mea
542 715 622 766 usque

91 782 128 832 ud
148 785 266 841 mortem,
281 777 328 827 ubi
340 776 431 827 anima
444 774 561 826 sumitur
573 789 622 839 pro

93 863 166 920 parte
176 850 314 911 sensitiva,
329 850 423 916 inqua
440 858 502 899 sunt
518 846 622 913 passio-

92 940 156 987 nes3
177 939 232 973 non
257 932 347 972 autem
369 920 396 970 in
424 922 533 979 ratione,
554 915 623 968 sicut

93 995 173 1046 etiam
201 992 265 1042 alibi
288 991 412 1041 dixerat:
428 991 510 1040 Nunc
532 988 623 1038 anima

92 1081 150 1117 maa
174 1065 281 1116 turbata
309 1068 358 1114 est.
389 1064 489 1113 Poterat
512 1061 622 1128 quidem

94 1136 220 1189 Christus
244 1144 338 1184 natura
363 1149 418 1184 non
440 1133 523 1192 mori,
553 1132 623 1182 sicut

93 1209 179 1259 Adam
194 1206 281 1272 potuit
298 1221 352 1255 non
367 1205 436 1255 mori
451 1216 512 1256 ante
533 1219 624 1270 pecca-

93 1291 170 1341 tum;
195 1278 223 1326 in
249 1292 280 1327 eo
303 1277 375 1327 enim
404 1276 511 1327 nullum
540 1277 624 1343 culpae

93 1349 225 1407 debitum,
242 1346 344 1398 nullius
359 1346 457 1412 peccati
472 1346 524 1397 fuit
540 1347 624 1398 vesti-

93 1418 177 1485 gium.
195 1417 245 1467 Sed
268 1417 338 1467 sicut
359 1430 447 1466 veram
470 1416 624 1467 humanita-

93 1501 157 1550 tem,
190 1490 227 1540 ita
250 1498 277 1538 et
302 1489 434 1538 humanas
455 1487 625 1539 infirmitates

94 1571 199 1611 nostras
220 1566 374 1622 assumpsit,
390 1571 451 1623 quae
465 1573 480 1608 a
495 1559 550 1608 Deo
569 1575 624 1609 non

94 1639 232 1697 separant;
243 1628 315 1678 velut
329 1639 449 1678 econtra
463 1628 624 1696 ignorantia,

95 1699 264 1766 impotentia,
280 1697 503 1764 concupiscentia,
523 1710 549 1751 et
570 1700 626 1751 hu-

95 1769 211 1839 jusmodi
247 1769 357 1820 faciunt.
395 1769 428 1820 Et
458 1781 520 1822 nota
553 1772 626 1838 quod

95 1839 246 1907 compassio
266 1840 378 1891 turbans
392 1840 419 1890 ln
435 1842 527 1893 anima
541 1853 628 1908 potest

95 1912 238 1979 tripliciter
250 1911 371 1962 accidere
386 1928 392 1961 :
405 1923 451 1962 aut
466 1923 560 1979 praeter
572 1914 627 1964 im-

97 1984 202 2050 perium
229 1993 255 2032 et
280 1981 409 2047 judicium
445 1984 574 2046 rationis,
598 1996 628 2036 ut

97 2065 188 2105 motus
203 2052 319 2113 subitus,
335 2052 382 2119 qui
396 2055 544 2120 appellatur
565 2072 629 2122 pro-

97 2125 205 2192 passio;
220 2133 266 2174 aut
278 2133 370 2174 contra
388 2124 535 2191 imperium
553 2138 578 2178 et
592 2129 630 2194 ju·

97 2196 197 2247 dicium
218 2194 338 2258 rationis,
352 2205 383 2245 ut
399 2207 490 2248 motus
503 2214 639 2265 progres-,

96 2267 171 2318 sivus
205 2280 293 2332 usque
331 2264 364 2314 ad
403 2267 629 2332 perturbationem

98 2338 217 2397 rationis,
238 2337 278 2387 vel
302 2352 317 2387 a
340 2352 389 2388 sua
412 2338 579 2400 rectitudine,
597 2335 647 2391 'ut‘

99 2410 127 2460 in
149 2409 238 2468 malis,
258 2409 300 2458 vel
325 2423 341 2459 a
363 2424 412 2460 sua
428 2411 630 2478 tranquillitate,

100 2491 131 2532 ut
143 2480 171 2530 in
186 2478 265 2530 bonis
278 2479 458 2546 imperfectis;
475 2495 520 2535 aut
533 2500 632 2537 secun-

100 2551 165 2600 dum
189 2549 335 2614 imperium
355 2560 380 2601 et
400 2553 530 2616 judicium
547 2558 632 2607 ratio-

100 2620 153 2680 nis,
167 2629 198 2670 ut
212 2632 302 2672 motus
320 2635 335 2671 a
360 2624 463 2674 ratione
486 2626 632 2693 imperatus

100 2704 127 2745 et
140 2691 290 2754 ordinatus,
304 2704 335 2745 ut
346 2695 466 2746 turbatio
478 2699 633 2764 poenitentis

102 2776 128 2817 et
145 2765 342 2830 compatientis.
355 2767 448 2818 Primo
464 2770 555 2830 modo,
570 2788 633 2838 pas-

101 2837 190 2889 siones
212 2846 276 2887 sunt
301 2836 330 2888 in
349 2837 478 2890 omnibus
492 2841 567 2906 puris
581 2843 633 2892 ho-

102 2907 225 2959 minibus
252 2907 332 2959 etiam
352 2909 490 2974 perfectis;
516 2914 634 2964 secundo

101 2982 191 3042 modo,
211 2981 239 3031 in
253 2980 414 3055 imperfectis
433 2985 544 3049 solum;
579 2997 634 3038 ter-

101 3051 140 3102 tio
164 3053 254 3111 modo,
269 3051 298 3102 in
325 3052 444 3114 Christo,
463 3054 526 3121 quia
550 3056 579 3107 in
602 3073 634 3108 eo

101 3125 220 3175 totaliter
251 3124 358 3176 subdita
386 3136 442 3177 erat
476 3130 635 3182 sensualitas

102 3195 210 3260 rationi,
226 3205 252 3246 et
272 3195 341 3246 ratio
357 3196 468 3250 inferior
493 3203 635 3268 superiori,

102 3274 128 3315 et
152 3264 275 3330 superior
299 3265 371 3328 Deo;
399 3283 447 3318 nec
473 3279 562 3321 tamen
584 3288 636 3322 una

103 3335 222 3402 potentia
237 3334 402 3401 impediebat
423 3339 503 3391 aliam
516 3342 545 3392 in
557 3359 637 3408 opere

104 3421 153 3457 suo
176 3407 300 3457 naturali.
316 3408 537 3462 contristabatur
556 3413 636 3464 etiam

103 3475 238 3540 Christus,
259 3478 408 3528 secundum
430 3480 636 3551 Hieronymum,

104 3564 158 3598 non
174 3549 262 3599 solum
275 3549 372 3601 timore
388 3550 558 3606 imminentis
570 3572 638 3606 mor·

104 3617 149 3678 tis,
173 3635 255 3684 quam
277 3620 336 3686 ipsa
351 3631 446 3673 natura
463 3624 590 3678 abhorret
613 3637 639 3678 et

104 3701 221 3754 recusat;
246 3693 291 3742 sed
313 3702 340 3743 et
364 3703 473 3760 propter
494 3695 639 3750 infelicita-

105 3769 159 3811 tem
183 3761 266 3822 Judae,
280 3772 306 3813 et
324 3764 478 3815 scandalum
493 3766 639 3834 discipulo-

105 3844 177 3891 rum,
199 3840 225 3882 et
244 3832 418 3897 dejectionem
435 3835 599 3898 Judaeorum,
614 3849 640 3890 et

104 3901 270 3954 eversionem
282 3903 438 3965 Jerusalem,
452 3905 578 3960 misertus
592 3909 635 3961 his

375 300 549 356 SECUNDAE
564 297 687 356 PARTIS
705 297 822 349 CAPUT
836 297 902 348 LIX.

672 423 698 464 et
714 428 878 479 compassus.
889 412 937 481 ,Et
955 426 1101 478 possumus
1121 410 1200 460 etiam

672 488 768 539 addere
790 488 863 554 quod
886 486 946 536 ideo
960 480 1126 543 tristabatur,
1139 483 1204 550 quia

673 557 803 626 praescivit
822 558 895 625 quod
910 569 964 607 tam
979 556 1077 606 acerboe
1096 554 1203 605 Passio-

672 630 715 680 nis
736 644 792 679 suoe
809 629 911 694 flagella
924 637 952 679 et
963 628 1072 678 vulnera
1092 636 1118 676 et
1131 640 1205 675 mors

673 702 851 760 amarissima,
868 701 896 751 in
913 699 1007 751 multis
1022 699 1109 749 adhuc
1123 696 1204 747 hodie

673 774 780 826 miseris
804 784 830 824 et
854 770 998 822 obstinatis
1022 771 1205 837 peccatoribus

673 844 794 896 frustrari
807 844 943 895 deberent.
958 841 1135 901 -Secundo,
1158 855 1204 890 as-

674 915 790 982 sumpsit
810 930 935 981 pavorem
958 924 983 964 et
1002 912 1140 963 tristitiam
1155 927 1205 977 pro

674 989 754 1038 nobis
763 986 892 1038 membris
904 985 970 1045 suis,
985 995 1015 1034 ut
1029 985 1086 1049 ipse
1101 994 1206 1033 nostras

674 1062 797 1114 tristitias
822 1062 849 1112 in
872 1076 901 1112 se
929 1060 1059 1119 vinceret,
1087 1058 1155 1108 sicut
1181 1068 1206 1107 et

676 1143 791 1183 mortem
823 1142 942 1183 nostram
966 1145 1014 1181 sua
1039 1139 1126 1179 morte
1158 1129 1207 1178 de·

675 1202 786 1264 struxit,
804 1211 829 1253 et
850 1202 919 1253 sicut
939 1199 1058 1265 suscepit
1079 1199 1207 1249 tentatio·

677 1288 739 1325 nem
757 1283 783 1324 et
799 1272 952 1339 passionem
964 1281 993 1321 ut
1002 1285 1051 1320 nos
1063 1269 1210 1320 atentatio·

678 1363 712 1398 ne
731 1356 757 1398 et
778 1345 902 1412 passione
924 1343 1055 1393 liberaret.
1070 1370 1100 1380 -
1115 1341 1208 1392 Tertio

677 1434 787 1486 quoque
800 1406 956 1482 huiusmodi
975 1429 1100 1481 pavorem
1120 1424 1146 1463 et
1159 1414 1208 1463 tri-

675 1489 777 1540 stitiam
798 1485 954 1552 assumpsit,
970 1486 1050 1535 nobis
1070 1484 1099 1533 in
1123 1499 1210 1533 exem·

676 1561 762 1626 plum,
776 1569 802 1610 et
814 1558 963 1609 doctrinam
978 1556 1117 1616 moralem,
1129 1564 1159 1606 ut
1174 1569 1212 1606 se-

676 1631 778 1697 quitur.
803 1675 818 1695 Ι

708 1715 727 1766 4
740 1701 792 1750 Sex
807 1714 963 1750 nocuusurs
977 1713 1093 1748 uoniam
1107 1713 1141 1748 ax
1155 1713 1210 1747 rnr-

678 1768 766 1823 sr'rrra
781 1771 889 1830 Dourur,
905 1785 989 1820 serus
1010 1783 1210 1819 consonusrro·

678 1858 720 1893 rus
749 1857 782 1891 er
809 1856 916 1891 onnrro.
942 1866 971 1877 -
996 1839 1036 1888 Ex
1063 1839 1114 1889 hoc
1137 1839 1211 1890 enim

677 1914 798 1974 articulo,
811 1912 859 1980 qui
873 1923 913 1962 est
934 1911 1039 1977 pavoris
1053 1921 1079 1962 et
1094 1911 1213 1962 tristitioe

680 1984 849 2050 assumptio,
874 1984 951 2049 plura
972 1982 1104 2033 habemus
1128 1984 1212 2033 docu-

680 2067 779 2108 menta.
794 2055 915 2105 Primum
930 2064 977 2112 est,
999 2064 1029 2104 ut
1049 2069 1099 2104 nos
1119 2069 1213 2104 exem·

681 2130 725 2195 plo
758 2125 860 2179 Christi
886 2125 1021 2176 discamus
1054 2124 1165 2174 timores
1189 2134 1215 2173 et

681 2197 803 2250 tristitias
816 2212 845 2247 ac
861 2195 997 2263 passiones
1010 2195 1075 2245 alias
1091 2194 1119 2245 in
1136 2196 1215 2246 nobis

681 2270 852 2335 insurgentes
866 2266 942 2317 freno
952 2265 1066 2317 rationis
1079 2266 1215 2327 cohibere,

683 2357 715 2392 ne
741 2354 826 2406 usque
851 2338 883 2389 ad
904 2338 1022 2388 animam·
1043 2337 1231 2402 pertingant3⁰

684 2412 730 2463 sed
756 2410 784 2461 in
807 2409 928 2460 inferiori
949 2419 1023 2474 parte
1047 2407 1144 2458 animae
1166 2408 1217 2458 sub

683 2483 830 2537 voluntatis
854 2482 968 2548 imperio
990 2480 1216 2546 constringantur,

685 2570 716 2611 ut
731 2559 836 2609 dictum
850 2567 890 2606 est
902 2556 935 2605 de
949 2554 1065 2605 Christo
1077 2583 1106 2591 -
1117 2556 1217 2604 Secun-

685 2631 751 2681 dum
762 2639 811 2688 est,
826 2637 856 2678 ut
870 2626 927 2690 ejus
941 2626 1063 2689 exemplo
1079 2624 1218 2676 discamus

685 2715 735 2751 nos
751 2700 890 2764 desperare
910 2711 965 2744 non
988 2694 1093 2754 debere,
1119 2695 1141 2744 si
1164 2695 1218 2745 ali-

684 2770 793 2837 quando
824 2776 944 2831 surrepat
974 2764 1091 2825 tristitia,
1124 2766 1218 2823 timor,

685 2843 725 2892 vel
750 2836 959 2907 pusillanimitas
984 2834 1013 2885 in
1037 2837 1169 2903 obsequio
1193 2850 1219 2887 et

684 2928 764 2981 opere
787 2911 888 2962 divino.
913 2909 991 2959 Unde
1017 2909 1218 2973 Augustinus:

686 3005 700 3034 a
715 2983 861 3035 Moriturus
885 2979 1005 3031 tristatus
1018 2988 1059 3029 est
1082 2980 1219 3042 Christus,

686 3068 716 3109 ut
726 3059 832 3108 doceret
843 3055 971 3120 Martyres
984 3067 1047 3102 suos
1057 3069 1112 3102 non
1124 3052 1219 3104 debere

686 3130 845 3195 desperare,
875 3125 897 3176 si
929 3124 957 3174 in
985 3123 1052 3173 hora
1084 3123 1220 3189 passionis

669 3206 673 3224 ⁴
688 3209 808 3264 surrepat
819 3195 936 3254 tristitia,
956 3209 1036 3260 quam
1050 3203 1140 3244 tamen
1155 3193 1220 3243 vin-

688 3279 758 3322 cant.
774 3288 788 3317 a
798 3297 827 3306 -
840 3265 1020 3327 Tertiumest,
1031 3274 1061 3314 ut
1075 3280 1124 3314 nos
1137 3263 1222 3316 disca·

690 3356 751 3392 mus
774 3335 926 3389 contristari
955 3351 1004 3401 pro
1034 3334 1166 3401 proximis
1195 3346 1222 3386 et

690 3407 892 3463 necessitatibus
912 3422 1017 3466 eorum,
1042 3405 1111 3455 sicut
1138 3403 1222 3455 Chri·

689 3492 747 3533 stus
769 3479 890 3530 tristatus
908 3476 969 3538 fuit,
990 3491 1044 3525 non
1059 3490 1107 3540 pro
1123 3490 1160 3537 se,
1175 3476 1222 3526 sed

690 3568 739 3619 pro
752 3551 823 3612 aliis,
844 3560 874 3600 ut
896 3549 999 3599 dictum
1019 3556 1060 3597 est
1072 3546 1222 3596 secundum

689 3638 775 3675 unum
790 3622 966 3672 intellectum.
980 3646 1010 3656 -
1026 3617 1158 3676 Quartum
1172 3618 1223 3667 do-

688 3704 848 3759 cumentum
862 3704 911 3754 est,
929 3701 960 3743 ut
980 3690 1104 3756 exemplo
1118 3689 1221 3740 Christi

690 3766 824 3818 discamus
853 3762 976 3816 tristitias
1004 3769 1031 3810 et
1054 3760 1223 3811 turbationes

691 3849 796 3890 nostras
809 3839 841 3889 ad
859 3837 946 3887 Deum
960 3848 1023 3884 cum
1043 3831 1165 3883 oratione
1177 3848 1223 3883 re·

691 3911 768 3974 ferre,
786 3909 855 3964 sicut
872 3907 934 3960 fecit
953 3915 980 3958 et
1001 3905 1067 3972 ipse.
1089 3905 1157 3955 Nam
1170 3916 1223 3956 sta·
