2626 4328
414 275 522 326 INDEX
542 273 739 326 GENERALlS
753 275 889 327 RERUM.

93 390 134 440 De
147 404 254 440 secessu
266 391 380 442 1000010
393 392 520 458 Baptistae
536 393 564 442 in
578 392 626 442 de·
639 439 640 442 ,

125 469 205 510 serto.
539 463 559 523 1,
576 460 624 527 143

94 530 184 580 Locus
192 530 240 580 ubi
250 532 437 596 poenitentiam
448 533 503 599 egit
509 535 626 584 Joannes

87 642 89 646 Α
126 603 252 667 Baptista.
535 607 554 665 l,
576 605 624 671 143

93 673 210 723 Joannes
223 673 343 739 Baptista
356 675 461 741 primus
473 677 585 728 eremita
600 686 626 726 01

125 745 322 796 monachorum
337 747 470 813 princeps.
535 749 555 812 l,
576 763 626 813 144

94 816 207 866 Initium
225 819 336 870 loannis
354 820 481 886 Baptistae
496 819 626 886 praedica-

125 888 217 940 tionis.
318 955 320 962 1
538 893 558 956 l,
577 891 626 960 169

92 961 210 1012 1000000
228 963 347 1029 Baptista
371 964 509 1030 quomodo
524 964 626 1014 missus

125 1047 141 1081 a
155 1033 220 1099 Deo,
234 1049 289 1084 non
306 1046 393 1085 autem
409 1051 424 1086 a
439 1037 527 1102 seipso
541 1050 623 1085 vene-

124 1104 168 1155 rit.
535 1107 554 1166 l,
574 1104 619 1155 181

93 1176 184 1236 Quare
198 1175 227 1224 in
240 1176 355 1228 Jordane
366 1175 538 1241 baptizaverit
548 1177 625 1226 1000-

123 1261 172 1296 nes
187 1247 313 1312 Baptista.
461 1251 464 1256 ’
504 1239 623 1312 ’1,170

92 1316 183 1376 Quare
198 1318 301 1382 primus
315 1318 498 1385 praedicaverit
509 1333 623 1384 regnum

123 1388 261 1438 coelorum.
535 1390 555 1449 1,
574 1404 623 1454 170

90 1459 207 1508 1000000
226 1461 344 1527 Baptista
362 1477 414 1512 vox
427 1471 453 1511 et
473 1474 623 1527 praecursor

123 1531 244 1582 Domini.
534 1534 554 1593 1,
573 1548 619 1599 191

93 1601 149 1651 Cur
161 1603 305 1667 putabatur
318 1602 453 1652 Christus.
532 1602 552 1662 1,
574 1616 623 1668 190

92 1674 242 1725 Humiliter
255 1691 284 1726 se
305 1692 362 1727 esse
383 1675 523 1727 Christum
538 1675 624 1726 Joan-

126 1763 175 1798 nes
187 1748 305 1814 Baptista
319 1759 405 1815 negat.
536 1750 556 1809 1,
575 1764 624 1816 190

93 1819 212 1869 1000000
227 1819 346 1883 Baptista
360 1819 495 1869 moraliter
505 1819 549 1868 dat
565 1818 623 1868 for-

126 1907 199 1942 mam
218 1893 333 1956 vivendi,
350 1893 508 1959 praedicandi
521 1902 547 1942 et
565 1891 577 1940 f
609 1921 624 1930 -

100 1961 268 2030 *ctificandi
536 1964 555 2027 1,
575 1979 624 2030 197

93 2035 227 2087 Sanctitas
248 2037 359 2087 loannis
385 2036 511 2102 Baptistae
532 2035 559 2086 in
579 2051 625 2086 ve-

125 2107 200 2167 stitu,
220 2107 302 2168 victu,
332 2106 499 2158 continentia
523 2116 549 2156 et
574 2121 622 2156 so-

125 2177 244 2228 brietate.
291 2186 293 2189 '
535 2176 620 2242 1,171

92 2239 205 2300 10001110
219 2248 344 2315 Baptistae
358 2247 546 2299 testimonium
558 2247 626 2299 mul-

126 2323 209 2389 tiplex
233 2322 266 2372 de
293 2321 402 2372 Christo
438 2330 469 2372 ut
490 2322 573 2387 Agno
599 2329 626 2369 et

124 2395 229 2446 Massia.
537 2395 557 2453 Ι,
573 2392 625 2458 143

91 2469 131 2520 De
149 2467 357 2518 incarceratione
371 2464 481 2515 loannis
496 2464 623 2531 Baptistae

124 2539 197 2589 etde
216 2538 304 2589 causis
329 2537 411 2602 hujus
434 2536 626 2587 incarceratio-

125 2609 178 2660 nis.
539 2608 629 2674 1,174

94 2682 149 2733 Cur
161 2681 194 2730 ad
208 2679 349 2730 Christum
360 2675 508 2745 discipulos
521 2694 553 2729 er
567 2695 627 2730 car-

127 2768 185 2804 cere
209 2752 322 2803 miserit.
528 2752 559 2814 ll,
576 2750 627 2817 507

94 2823 231 2874 Laudatur
253 2825 369 2873 Joannes
384 2821 530 2887 Baptistaa
546 2821 627 2872 Chri-

126 2905 169 2945 sto
194 2895 227 2944 de
253 2893 405 2948 constantia
430 2902 456 2942 01
483 2892 543 2942 01110
570 2891 628 2942 suis

124 2963 280 3016 virtutibus.
527 2961 559 3024 11,
576 2960 624 3011 511

93 3040 209 3090 Joannes
222 3037 344 3104 Baptista
364 3051 412 3086 nec
434 3035 561 3094 calamus,
580 3050 627 3085 000

125 3110 238 3160 arundo.
526 3106 556 3169 ΙΙ,
574 3105 622 3156 511

93 3180 208 3232 1000010
224 3178 348 3245 Baptistae
360 3176 508 3228 decollatio.
525 3176 557 3236 ll,
573 3175 627 3241 604

93 3254 217 3313 Quatuor
241 3252 270 3301 in
297 3265 327 3301 ea
351 3249 526 3300 decollatione
550 3249 626 3298 valde

124 3325 250 3376 crudelia.
526 3323 557 3386 ll,
574 3320 624 3372 605

91 3396 132 3448 De
152 3396 211 3447 loco
237 3405 263 3445 01
288 3404 408 3460 tempore
435 3392 624 3444 decollationis

123 3467 234 3519 Joannis
246 3467 381 3532 Baptistae.
526 3464 557 3524 11,
574 3462 625 3514 605

92 3537 243 3589 Decollatio
278 3539 305 3588 S.
342 3535 453 3587 loannis
488 3535 625 3600 Baptistae,

123 3609 192 3675 quid
207 3607 321 3675 mystice
335 3605 475 3673 significet.
523 3607 555 3666 11,
572 3603 624 3655 606

93 3681 134 3732 De
149 3679 262 3731 loannis
275 3678 403 3744 Baptista
426 3677 525 3728 virtute
540 3687 566 3727 et
581 3677 627 3726 in·

126 3749 262 3805 nocentia..
528 3747 560 3811 11,
575 3744 628 3796 606

95 3824 135 3875 De
162 3823 320 3874 Inventione
349 3819 444 3886 capitis
465 3819 492 3870 S.
516 3818 629 3870 loannis

127 3892 263 3960 Baptistae.
527 3889 559 3950 11,
576 3886 628 3938 606

1150 274 1210 342 897

678 392 795 442 Joannes
818 391 939 457 Baptista
964 390 1044 441 etiam
1070 390 1212 443 defunctus

710 462 827 512 timetur.
1045 486 1049 493 ,
1111 460 1143 524 ll,
1158 459 1208 526 641

680 535 837 600 Magnitudo
858 533 971 586 loannis
1002 533 1129 598 Baptistae
1157 535 1213 585 Do-

710 605 776 655 mini
792 605 972 672 praecursoris.
988 603 1007 667 1,
1022 602 1055 667 43
1072 612 1097 653 et
1110 604 1142 667 11,
1159 600 1212 670 514

677 682 793 730 1000000
808 678 927 745 Baptista
947 677 1047 744 quibus
1070 676 1103 726 de
1126 677 1213 728 causis

709 762 749 800 est
761 751 821 816 plus
833 766 914 817 quam
930 749 1069 815 Propheta.
1110 749 1142 808 11,
1158 747 1209 798 513

679 824 823 884 Quomodo
846 823 927 874 fuerit
946 821 1024 888 quasi
1038 822 1169 887 Angelus,
1184 831 1212 872 et

709 896 810 961 quibus
832 896 866 946 de
889 894 978 945 causis
998 908 1089 944 revera
1102 903 1212 943 vocetur

711 969 837 1034 Angelus.
1111 966 1142 1026 ll,
1159 964 1210 1016 513

678 1043 768 1102 Quare
798 1041 914 1105 Joannes
947 1037 1068 1104 Baptista
1103 1048 1214 1089 vocetur

709 1113 789 1164 Elias.
907 1112 927 1175 l,
944 1109 989 1171 35,
1009 1125 1054 1177 191
1072 1109 1144 1171 0111,
1161 1109 1212 1160 518

783 1305 898 1344 JOANNES
912 1307 1102 1343 EVANGELISTA.

675 1474 788 1525 loannis
812 1471 988 1538 Evangelistae
1015 1470 1044 1520 in
1069 1467 1210 1519 Christum

706 1561 792 1597 amor.
1094 1542 1137 1599 111,
1152 1557 1208 1606 404

676 1618 793 1668 1000000
819 1613 991 1681 Evangelista
1019 1614 1056 1664 ob
1082 1611 1168 1662 multa
1197 1625 1213 1661 a

708 1686 818 1738 Christo
832 1685 884 1736 fuit
897 1700 952 1751 prae
966 1684 1061 1734 ceteris
1073 1680 1213 1748 Apostolis
1306 1737 1307 1740 ¹

708 1759 830 1809 dilectus.
1098 1753 1143 1817 IV,
1159 1751 1212 1818 730

678 1831 785 1896 Nuptiae
801 1830 829 1880 in
849 1829 952 1895 quibus
972 1842 1042 1893 aqua
1065 1825 1094 1875 in
1118 1824 1212 1875 vinum

704 1911 812 1952 mutata
827 1911 876 1962 est,
891 1900 1018 1950 dicuntur
1033 1895 1116 1947 fuisse
1129 1897 1213 1946 Joan-

709 1973 752 2023 nis
766 1971 948 2038 Evangellstae.
987 1967 1004 2010 ἶ
1120 1967 1140 2031 1,
1156 1965 1207 2017 155

676 2045 800 2096 1000010·
810 2044 988 2110 Evangelistae
1006 2038 1210 2106 praeeminentia

708 2115 774 2165 dum
794 2129 875 2180 supra
895 2122 989 2179 pectus
1004 2110 1107 2161 Christi
1132 2115 1210 2158 recu-

709 2185 776 2236 buit.
992 2182 1036 2240 111,
1050 2196 1104 2245 404
1117 2188 1144 2228 01
1156 2176 1206 2243 431

678 2257 735 2308 Cur
764 2257 881 2306 Joannes
920 2251 1090 2318 Evangelista
1131 2258 1211 2299 notus

711 2327 843 2380 Pontifici.
1098 2321 1142 2380 lV,
1156 2335 1211 2387 494

678 2404 718 2454 De
730 2404 832 2453 100000
851 2397 1024 2466 Evangelista
1049 2395 1099 2446 sub
1122 2407 1210 2454 cruce,

711 2474 821 2539 ejusque
835 2470 971 2537 dignitate.
987 2468 1031 2527 lV,
1049 2464 1099 2516 583
1115 2473 1142 2514 01
1156 2461 1209 2530 589

680 2546 719 2595 De
732 2545 835 2594 100000
849 2551 875 2592 01
890 2541 967 2590 Petro
990 2537 1023 2588 ad
1048 2533 1151 2586 Christi
1167 2549 1211 2584 se-

712 2613 855 2679 pulchrum
885 2608 1066 2667 001100111100,
1095 2615 1121 2655 01
1144 2604 1211 2671 quid

712 2683 757 2734 hic
770 2697 865 2732 cursus
877 2679 1020 2747 significet.
1096 2675 1142 2737 -lV,
1158 2673 1209 2740 675

680 2753 791 2806 1000010
819 2751 995 2818 Evangelistae
1023 2745 1211 2814 perspicacitas

712 2827 741 2876 10
769 2822 985 2891 recognoscendo
1014 2816 1131 2868 Domino
1151 2825 1212 2881 post
1281 2863 1284 2869 ,

713 2895 942 2948 resurrectionem.
1099 2886 1144 2945 lV,
1159 2900 1207 2950 721

680 2969 797 3019 Joannes
826 2962 996 3030 Evangelista
1021 2967 1156 3025 quantum
1181 2955 1211 3006 in

712 3035 858 3088 solitudine
874 3030 1023 3099 profecerit.
1120 3027 1139 3089 1,
1159 3023 1209 3077 303

680 3111 719 3161 De
759 3105 967 3172 interrogatione
1003 3116 1084 3167 super
1124 3109 1212 3149 morte

710 3178 818 3230 loannis
831 3173 1019 3241 Evangelistre.
1098 3169 1143 3232 IV,
1158 3166 1211 3233 730

679 3251 719 3300 De
737 3259 824 3300 morte
837 3245 948 3297 loannis
961 3239 1139 3307 Evangelistae
1156 3253 1212 3288 non

711 3334 757 3385 per
770 3316 938 3384 martyrium.
1096 3309 1141 3370 IV,
1156 3306 1207 3373 731

679 3388 791 3441 loannis
804 3385 983 3452 Evangelistae
1006 3379 1105 3431 festum
1120 3395 1168 3430 cur
1183 3376 1212 3428 10

711 3458 848 3510 nativitate
861 3454 971 3506 Domini
984 3454 1047 3504 lesu
1055 3449 1157 3501 Christi
1174 3463 1213 3498 ce-

711 3530 838 3581 lebretur.
1141 3522 1162 3582 1,
1175 3518 1209 3570 61

679 3602 797 3651 1000000
809 3597 876 3664 quid
891 3597 920 3647 in
940 3610 989 3645 suo
1002 3591 1149 3658 Evangelio
1164 3591 1213 3640 in-

712 3672 810 3724 tendat.
856 3700 858 3704 -
891 3671 916 3729 ·1,
935 3667 964 3718 13
979 3677 1006 3730 01
1020 3666 1064 3726 lV,
1080 3664 1141 3731 765,
1157 3661 1210 3730 769

682 3746 729 3796 Εο1
742 3745 770 3795 10
785 3759 816 3794 00
830 3743 907 3809 quasi
922 3739 1054 3798 notarius,
1097 3737 1141 3795 lV,
1157 3733 1212 3802 769

681 3816 826 3882 Figuratur
846 3815 962 3865 Joannes
987 3808 1139 3877 Erngelista
1166 3820 1214 3870 per

703 3888 843 3955 aquilam.
1100 3879 1145 3940 lv,
1159 3875 1211 3941 765
