2626 4328
90 316 141 384 Sql]

91 443 245 488 ctusmeus
270 431 343 493 milti,
368 429 438 479 inter
461 428 544 478 ubera
567 441 627 478 mea

96 504 314 559 commorabitur.
327 501 367 561 De
383 500 436 549 hoc
450 499 566 548 clamore
577 514 628 564 ap—

95 577 233 644 propriato
255 573 308 624 dici
331 581 447 636 possunt
470 569 528 620 haec
548 570 629 620 rerba

97 649 169 701 beati
190 644 339 712 Augustini
358 659 368 692 .·
391 660 406 687 a
429 641 580 707 Satagentis
602 649 631 691 et

99 718 209 772 solliciti
229 731 278 782 pro
304 713 385 764 nobis
407 712 437 763 in
456 712 629 764 tribulatione

99 789 190 857 positi,
206 787 287 837 verba
299 794 364 835 sunt
378 783 428 834 ista
448 800 456 834 :
471 784 552 834 verba
566 783 630 849 qui-

98 864 162 913 dem
177 856 378 920 teneritudinis,
391 866 419 907 et
431 855 565 915 moeroris,
576 869 631 904 ver-

99 935 133 982 ba
155 927 344 981 amaritudinis
367 937 394 977 et
421 926 532 976 doloris.
560 925 630 974 Nam

99 1003 146 1070 qui
172 1001 266 1050 devote
292 997 472 1048 consideraret
494 1012 526 1046 ex
548 1008 630 1062 quam

99 1074 179 1126 anxio
193 1071 305 1138 gemitu,
318 1084 350 1120 ex
367 1085 449 1136 quam
463 1071 516 1119 alto
528 1068 631 1133 singul-

100 1159 138 1208 tu,
162 1160 197 1195 ex
221 1157 302 1209 quam
326 1141 461 1207 profundo
483 1141 575 1199 luctu,
599 1154 631 1188 ex

102 1232 184 1284 quam
200 1229 291 1264 amaro
317 1213 434 1278 planctu,
452 1211 510 1260 hac
528 1226 580 1260 vox
602 1210 630 1260 in

100 1302 179 1340 auce
203 1283 356 1351 proruperit
382 1283 416 1332 ab
446 1297 492 1332 ore
520 1280 631 1331 Domini

100 1365 173 1420 lesu,
189 1360 280 1410 nullus
300 1368 340 1408 est
357 1374 363 1407 :
379 1357 401 1406 si
417 1356 526 1405 haberet
540 1364 631 1420 pectus

101 1435 229 1489 ferreum,
243 1429 312 1495 quin
326 1428 479 1477 molliretur
496 1442 632 1492 compun-

99 1505 203 1562 ctione;
216 1500 239 1550 si
251 1515 371 1558 saxeum,
387 1498 452 1563 quin
468 1497 633 1546 scinderetur

101 1571 301 1638 compassione;
317 1570 339 1618 si
353 1569 482 1632 ligneum,
498 1567 566 1632 quin
580 1567 632 1616 ile-

101 1653 215 1695 cteretur
243 1639 450 1700 condilectione;
475 1637 497 1686 si
521 1652 630 1696 aereum,

101 1717 168 1782 quin
188 1714 335 1779 liqueretur
350 1709 583 1774 contemplatione.
601 1709 632 1758 ln

101 1788 154 1837 hoc
178 1786 260 1835 verbo
285 1782 384 1846 duplex
408 1789 502 1830 natura
525 1779 554 1829 in
577 1793 632 1829 una

101 1873 216 1926 persona
238 1854 350 1913 Christi,
373 1851 499 1902 clamavit
518 1852 551 1901 ad
565 1851 633 1901 duas

100 1945 229 1996 personas
250 1927 277 1976 in
304 1940 359 1975 una
378 1924 495 1974 essentia
514 1923 584 1988 Dei3
608 1931 633 1972 et

101 2003 162 2052 ideo
176 1998 327 2066 geminatur
345 2010 458 2061 persona
470 1995 521 2044 sub
538 1995 632 2045 eodem

98 2086 161 2125 actu
172 2070 245 2122 verbi
261 2087 269 2120 ε
283 2070 357 2119 Deus
368 2082 449 2128 meus,
463 2068 538 2117 Deus
549 2081 631 2130 meus,

104 2143 196 2211 utquid
214 2139 383 2206 dereliquisti
408 2137 474 2189 me?
495 2139 633 2189 Clamabat

102 2217 178 2267 enim
199 2214 228 2263 in
249 2211 360 2262 Christo
374 2209 477 2259 affectio
494 2209 634 2260 rationalis

103 2299 217 2345 natura,
239 2291 348 2350 propter
366 2282 454 2331 zelum
474 2280 633 2331 ardentissi-

103 2375 154 2409 mre
175 2352 386 2420 compassionis;
408 2352 539 2401 clamabat
561 2352 633 2402 affii-

101 2430 156 2480 ctio
179 2425 312 2478 sensualis
334 2425 451 2489 jacturae,
470 2433 580 2490 propter
599 2432 635 2473 ts-

102 2502 159 2551 lum
181 2496 344 2547 acutissimae
368 2495 512 2544 Passionis.
531 2495 635 2545 Clamat

102 2569 205 2620 allectio
233 2566 373 2617 rationalis
400 2583 407 2615 ι
437 2567 513 2617 Deus
539 2580 632 2630 meus,

102 2642 177 2691 Deus
193 2650 275 2698 meus,
292 2635 386 2700 utquid
400 2635 569 2700 dereliquisti
579 2651 634 2698 me,·

101 2712 129 2760 in
141 2718 216 2760 tanto
228 2705 326 2756 mentis
341 2705 458 2768 suspirio
472 2716 499 2754 et
510 2720 633 2766 moerore,

101 2783 149 2851 qui
173 2798 230 2833 non
252 2777 419 2842 derelinquis
441 2778 583 2827 clamantes
602 2780 634 2827 ad

101 2856 146 2906 tet
161 2855 265 2904 Clamat
276 2848 388 2900 afflictio
399 2847 548 2898 sensualis:
560 2850 636 2899 Deus

103 2940 185 2987 meus,
212 2924 288 2975 Deus
311 2933 394 2984 meur,
422 2919 515 2986 utquid
534 2920 635 2971 dereli-

102 2999 185 3065 quisti
207 3012 256 3059 me,
268 2996 297 3047 in
311 3006 385 3046 tanto
400 2995 488 3044 carnis
503 2995 635 3061 supplicio

103 3081 129 3120 et
141 3071 243 3129 dolore,
259 3068 306 3134 qui
321 3083 377 3117 non
390 3065 556 3132 derelinquis
572 3083 636 3132 prae·

104 3150 243 3191 sumentes
266 3140 299 3189 de
325 3137 377 3189 te?
404 3139 529 3204 Magnam
561 3139 635 3189 enim

104 3211 253 3276 patiebatur
270 3210 387 3259 exterius
409 3210 633 3273 amaritudinem3

103 3281 150 3331 sed
171 3282 252 3346 longe
265 3282 327 3345 plus
341 3280 507 3330 cruciabatur
522 3281 636 3332 interius

104 3362 214 3418 propter
246 3351 475 3418 ingratitudinem.
509 3371 523 3399 n
558 3355 636 3404 Unde

103 3424 190 3489 Hugo
221 3423 325 3473 inducit
349 3438 413 3473 eum
437 3422 466 3471 in
493 3439 569 3474 cruce
597 3425 636 3475 sic

103 3497 285 3561 loquentem:
371 3504 377 3516 ·

112 3700 115 3705 Ι
136 3635 231 3696 Cerne,
246 3633 332 3696 horto,
347 3635 415 3700 quid
422 3649 476 3701 pro
496 3643 522 3686 te
532 3637 634 3702 patior,

140 3704 208 3754 Vide
217 3718 314 3770 poenas
334 3704 429 3769 quibus
442 3705 556 3770 afficior,

142 3774 209 3824 Vide
219 3775 310 3825 clauos
326 3774 422 3838 quitur
433 3775 575 3840 confodior
584 3795 594 3840 ,-

117 3864 125 3871 ·
137 3847 204 3898 Cum
213 3847 250 3897 sit
263 3852 354 3896 tantus
367 3841 446 3896 ditor
461 3849 592 3911 exterior,

134 3917 213 3969 Intus
222 3924 309 3968 tamen
319 3916 449 3984 plauctus
460 3923 501 3967 est
509 3919 633 3982 gratior,

367 271 547 364 secururs
564 310 689 361 enatis
705 313 825 368 emur
840 314 932 365 snut.

719 429 788 511 Tatii
801 430 941 497 ingratum
960 429 1024 481 dum
1038 437 1063 482 te
1076 433 1207 499 expertus

715 587 751 637 40
765 570 890 623 Duneuus
907 588 940 622 rr
957 588 1006 623 ros
1024 589 1052 623 rr
1068 588 1211 629 nieustri-

686 658 764 693 mus
788 660 822 693 tu
848 644 928 693 Dauni
955 659 1087 695 munna.
1109 672 1141 683 -
1169 645 1212 696 Per

684 714 737 765 hoc
751 715 863 766 verbum
878 726 1015 782 quartum,
1034 716 1167 768 docemur
1183 717 1211 768 ai

684 787 772 837 Deum
804 786 832 836 in
858 788 1065 838 necessitatibus
1087 789 1211 850 emmam,

684 867 710 908 et
733 857 762 907 in
790 857 916 923 periculis
938 859 972 908 ad
995 859 1151 910 orationem
1173 875 1212 911 re-

684 943 799 978 currere.
829 928 906 978 Unde
937 928 976 978 ait
1003 930 1179 994 Augustinus
1205 946 1212 979 ε

686 1018 700 1046 a
714 999 827 1063 insuper
837 999 962 1048 addidisti
978 1016 984 1048 :
999 999 1076 1049 Deus
1087 1014 1171 1064 meus,
1180 1005 1206 1051 at

685 1070 756 1136 qui-d
778 1071 947 1136 dereliquisti
964 1071 1030 1120 me?
1042 1081 1075 1122 ut
1088 1072 1212 1122 ostende

684 1159 727 1193 res
749 1143 873 1194 effectum
896 1143 1037 1203 orationis,
1066 1159 1129 1210 qua·
1150 1143 1213 1195 sieut

685 1224 791 1265 scutum
805 1214 960 1280 accipienda
975 1224 1015 1264 est
1026 1226 1121 1264 contra
1134 1215 1213 1279 jacuit

685 1287 850 1346 tentationis,
876 1287 903 1335 in
925 1296 1046 1352 tempore
1062 1286 1213 1337 tribulatio·

685 1359 736 1411 nis.
762 1360 892 1410 Oraverat
923 1360 1059 1426 siquidem
1085 1359 1215 1410 Dominus

684 1430 762 1480 lesus
775 1430 802 1479 in
820 1431 909 1494 horto,
924 1441 981 1480 orat
995 1440 1022 1480 et
1044 1430 1074 1480 in
1089 1430 1214 1496 patibulo,

685 1502 749 1567 quia
762 1518 853 1552 revera
867 1495 960 1565 oratio,
971 1512 1011 1552 est
1024 1502 1181 1553 subsidium
1189 1502 1214 1552 in

685 1576 813 1640 periculo.
828 1576 947 1626 Ascende
960 1575 1044 1641 igitur
1057 1575 1151 1627 anima
1161 1588 1215 1625 met

685 1646 782 1696 turrim
808 1656 834 1696 et
854 1657 969 1696 castrum
994 1645 1125 1696 orationis
1140 1663 1150 1696 e
1164 1646 1216 1712 ipat

686 1717 785 1766 etenim
800 1728 840 1767 est
856 1725 1026 1782 unguentum
1044 1726 1214 1783 aegrotorum,

685 1796 792 1837 scutum
814 1786 994 1846 intirmorum,
1012 1786 1216 1846 odoramentum

686 1857 787 1907 civium
801 1872 981 1922 supernorum
996 1872 1003 1904 :
1018 1874 1033 1902 n
1048 1855 1107 1906 hac
1119 1857 1216 1921 auga

686 1929 783 1979 stinun

717 2016 750 2064 41
770 2001 956 2049 Docuuanruu
976 2014 1009 2047 ax
1027 2010 1216 2054 penetremus

686 2073 808 2130 Cumsrr,
828 2086 913 2120 serus
935 2082 1166 2119 corronunmouts
1186 2083 1216 2119 rr

688 2156 794 2192 orario.
812 2169 842 2177 -
858 2141 897 2190 Ex
911 2140 962 2189 hoc
975 2154 1039 2204 ergo
1051 2138 1170 2188 articulo
1179 2137 1218 2189 de

687 2211 836 2263 relictionis
856 2211 960 2261 Christi
981 2225 996 2260 a
1019 2210 1085 2269 Dee,
1107 2209 1218 2259 habetur

687 2286 888 2345 documentum,
912 2282 984 2347 quod
1007 2280 1035 2330 in
1051 2280 1159 2331 nostris
1174 2278 1219 2329 tri·

688 2354 870 2421 bulationibus
884 2354 1014 2402 debemus
1028 2351 1061 2400 ad
1075 2351 1166 2401 Deum
1177 2364 1219 2400 re·

688 2441 803 2485 currere,
817 2423 877 2474 etei
891 2421 1085 2473 desolationem
1102 2429 1219 2471 nomm

688 2497 815 2562 conqueri
828 2495 939 2553 orando,
952 2503 982 2543 ut
993 2493 1050 2558 ipse
1064 2492 1220 2543 tribulatio-

688 2585 751 2619 nem
775 2579 895 2618 nostram
928 2566 1053 2630 dignetur
1081 2562 1220 2629 respicere.

688 2642 762 2691 Sicut
796 2640 921 2692 Christus
951 2637 999 2702 qui
1037 2636 1066 2685 in
1097 2633 1220 2703 angustia

689 2710 870 2762 tribulationis
903 2708 1007 2774 positus
1035 2706 1162 2756 clamavit
1188 2704 1219 2755 ad

689 2781 776 2830 Deum
792 2780 906 2837 Patrem,
920 2778 1014 2827 dicens
1029 2777 1124 2826 :Deus
1137 2787 1217 2835 mens,

688 2853 764 2902 Deus
775 2865 855 2912 intus,
870 2850 962 2915 utquid
975 2847 1144 2913 dereliquisti
1156 2844 1220 2896 ne?

690 2922 788 2986 Quod,
816 2922 967 2972 secundum
993 2918 1141 2979 Glossam,
1166 2930 1220 2966 non

689 2995 778 3045 solum
799 2992 851 3042 fuit
875 2992 985 3041 verbum
1009 2986 1220 3055 conquestionis,

689 3066 736 3116 sed
753 3074 779 3114 et
790 3062 930 3113 orationis.
945 3062 1012 3122 Quae
1028 3059 1142 3126 quidem
1156 3072 1219 3108 ora-

688 3141 728 3191 tio
750 3139 795 3189 hic
815 3136 1036 3202 subintelligitur,
1057 3134 1128 3185 etin
1143 3133 1222 3183 Psal-

689 3226 736 3261 mo
759 3210 805 3259 illo
830 3224 863 3258 ex
890 3223 946 3273 quo
968 3205 1095 3256 Christus
1109 3204 1221 3254 hocas·

689 3280 807 3346 sumpsit
829 3278 1005 3343 exprimitur,
1031 3275 1079 3325 ubi
1103 3273 1222 3324 dicitur:

689 3355 772 3415 Deus,
785 3353 859 3401 Deus
882 3365 963 3411 meus,
987 3347 1092 3414 respice
1113 3346 1141 3396 iu
1164 3357 1222 3406 ηιμ·

689 3437 775 3490 quare
803 3435 844 3471 ute
874 3417 1070 3486 dereliquisti?
1094 3416 1149 3467 Ubi
1172 3415 1223 3470 hot

689 3493 765 3558 quod
787 3491 904 3541 dicitur:
919 3491 1034 3555 Respice
1055 3489 1081 3538 tu
1106 3501 1156 3548 me,
1182 3493 1224 3536 est

689 3563 784 3623 oratio,
800 3573 826 3613 et
840 3578 893 3612 non
915 3572 957 3611 est
981 3561 1008 3610 in
1032 3559 1162 3617 Hebrus,
1176 3555 1222 3606 md

689 3634 811 3684 additum
836 3648 852 3683 a
874 3630 1044 3697 septuaginta
1065 3625 1223 3695 interpren-

690 3708 758 3770 bus,
783 3706 871 3772 magis
900 3720 1010 3755 sensum
1038 3718 1121 3769 quarn
1143 3700 1224 3751 wrm

689 3778 885 3844 seqttentibus3
900 3775 974 3840 quod
993 3789 1058 3823 vero
1078 3771 1221 3838 sequitu:

690 3848 783 3908 Quare
811 3861 853 3896 me
879 3841 1074 3910 dereliquisti?
1095 3851 1137 3893 est
1159 3854 1224 3891 con-

689 3918 807 3986 questio.
829 3918 858 3968 ln
878 3916 932 3966 hoc
944 3930 1009 3981 ergo
1021 3913 1106 3965 serbo
1121 3909 1223 3966 Christi
