2626 4328
355 206 562 268 DETERTlll,
576 205 614 255 IN
626 204 796 257 Passrottss
809 206 947 257 DOMINI.

90 342 138 400 tia,
157 335 210 404 qui
238 333 272 384 ad
300 323 501 397 procurandum
526 319 629 370 Christi

92 419 212 464 mortem
233 404 371 472 petierunt
394 394 506 459 latronis
528 392 629 458 publici

94 480 298 536 liberationem,
314 482 405 524 contra
419 469 521 518 bonum
537 465 630 532 publi-

91 571 156 608 cum
194 562 223 602 et
247 546 379 616 iustitiam
400 551 540 592 :mortem
559 539 628 601 vitae,

89 626 218 681 tenebras
240 620 303 680 luci,
327 617 415 667 filium
436 611 539 661 diaboli
559 610 630 660 Filio

92 696 141 751 ssei
158 707 218 747 tam
235 694 318 744 stulte
337 702 418 754 quam
437 683 521 749 impie
535 680 630 748 praefe-

93 766 202 822 rentes!
229 764 309 816 Unde
321 761 359 812 ait
371 755 541 823 Augustinus
555 770 563 803 :
577 770 590 798 κ
605 753 629 802 O

92 841 198 893 mcitas
212 838 382 891 Judaeorum,
397 846 413 879 o
427 826 498 877 furia
511 824 630 890 phrene-

91 908 230 963 tinorum!
258 904 330 957 Noli.
345 901 479 952 dimittere
492 896 568 956 hunc,
582 896 630 946 sed

93 981 259 1039 Retraham,
276 975 343 1042 quid
363 971 417 1021 fuit
437 969 510 1019 aliud
533 967 628 1026 dicere,

93 1067 173 1118 qiam
193 1048 335 1100 occidatur
357 1044 402 1094 ille
421 1040 468 1108 qui
492 1037 630 1088 suscitavit

95 1133 227 1179 mortuos,
242 1130 275 1168 et‘
288 1115 441 1166 dimittatur
452 1114 518 1162 latro
533 1120 566 1160 ut
579 1108 630 1159 ite-

94 1209 152 1243 rum
167 1189 275 1241 occidat
297 1184 392 1237 vivos?
407 1203 420 1230 n
438 1181 516 1232 Unde
529 1179 630 1230 A'nsel-

94 1280 150 1317 urus
166 1283 176 1316 :
195 1282 209 1311 u
230 1262 327 1312 Adhuc
351 1266 439 1308 autern
463 1264 490 1304 et
510 1253 629 1303 animam

96 1346 167 1387 mum
183 1330 375 1384 incircumciso
391 1325 450 1377 cani
464 1323 628 1391 glutiendam

96 1405 281 1466 tradiderunt;
293 1401 410 1451 vinctum
423 1396 559 1463 siquidem
569 1402 630 1443 ante

96 1478 192 1529 faciem
212 1473 295 1526 Pilati
317 1470 439 1539 presidis
457 1479 483 1518 te
497 1467 630 1545 perduxe-

96 1558 166 1612 runt,
195 1546 367 1611 postulantes
387 1538 520 1605 supplicio
542 1550 630 1586 crucis

1162 205 1212 258 533

683 336 713 372 ac
730 321 860 387 indignus
883 331 910 372 et
930 321 1036 372 Christi
1052 322 1148 387 hostis,
1165 325 1213 390 qui

683 406 711 441 se
726 401 753 442 et
765 392 833 442 alios
847 392 873 441 in
896 393 987 443 anima
1007 393 1126 458 perimit,
1141 394 1216 461 eligi-

681 471 734 511 tur.
761 462 839 512 Unde
863 464 910 529 qui
939 463 968 512 in
985 463 1084 513 talibus
1099 479 1214 529 promo-

683 534 804 586 tionibus
820 535 940 586 faciendo
960 536 1001 590 vel
1021 537 1213 590 consentiendo

681 607 827 673 culpabiles
841 618 913 666 sunt,
929 608 989 673 ipso
1010 623 1060 657 suo
1078 607 1147 658 facto
1169 613 1212 662 vel

681 694 811 730 consensu
834 680 980 729 condicunt
1000 680 1125 731 ludaeis:
1147 684 1211 735 Non

680 750 757 812 huuc,
773 750 821 798 red
838 749 1000 800 Barrabam.
1014 751 1090 801 lesus
1104 769 1167 804 vero
1179 757 1211 807 ad

681 819 772 869 omni'a
796 829 863 869 tacet
888 818 1017 885 patienter
1040 837 1119 872 canes
1143 825 1213 876 obla·

681 900 782 941 trantes
809 891 942 950 tolerans,
965 899 992 940 et
1013 907 1062 943 sua
1085 895 1214 961 patientia

681 976 732 1010 nos
756 975 872 1010 armans.
888 961 1035 1012 Considera
1059 963 1104 1014 hic
1129 982 1214 1032 quan·

681 1044 741 1084 tum
756 1032 858 1083 Christi
881 1033 1003 1084 animum
1028 1037 1148 1088 sauciare
1162 1055 1213 1105 po-

680 1109 745 1169 tuit,
763 1109 835 1174 quod
860 1117 914 1157 tam
939 1109 1082 1161 sceleratus
1106 1123 1136 1163 et
1151 1115 1213 1166 vilis

681 1181 764 1230 homo
777 1179 965 1245 praeferebatur
979 1181 1032 1230 sibi
1041 1183 1214 1238 homini-Deo

682 1251 710 1300 in
726 1260 841 1309 tantum,
856 1259 886 1299 ut
904 1260 1029 1315 poterent
1042 1252 1115 1304 illius
1129 1256 1211 1311 vitam

681 1330 708 1372 et
729 1320 808 1370 istius
829 1330 952 1370 mortem.
973 1322 1147 1376 Peccaverunt
1162 1342 1213 1378 au-

682 1402 737 1442 tem
752 1391 779 1440 in
793 1392 910 1452 duobus,
926 1391 1026 1443 scilicet
1038 1411 1045 1444 ι
1057 1395 1123 1460 quia
1135 1413 1213 1450 reum

682 1465 806 1531 petebant
830 1465 956 1524 liberari,
983 1475 1010 1515 et
1038 1466 1210 1521 innocentem

681 1536 813 1596 damnari,
826 1536 897 1586 unde
909 1536 937 1586 in
954 1537 1105 1588 Proverbiis
1127 1557 1133 1590 :
1161 1542 1216 1603 Qut

97 1617 263 1673 interimere,
279 1612 327 1678 qui
343 1619 479 1677 peccatum
496 1622 550 1656 non
565 1605 632 1656 fece-
676 1608 815 1674 justificat
844 1607 975 1672 t'mpz'um,¹
1001 1614 1027 1658 et
1058 1611 1215 1664 condemnat

69 1734 71 1739 .
97 1703 145 1749 ras,
171 1694 200 1736 et
224 1684 317 1735 virum
346 1679 508 1731 homicidam
536 1677 630 1727 donari
676 1679 796 1746 justum;
823 1684 932 1744 uterque
961 1679 1154 1733 abominabilis:
1175 1692 1216 1737 est

96 1757 146 1808 sibi
178 1773 186 1806 ε
218 1770 323 1821 agnum
350 1753 424 1816 lupo,
450 1765 545 1799 aurum
573 1749 630 1799 luto

97 1836 301 1895 postponentes.
323 1824 347 1873 O
361 1821 505 1887 indignum
520 1829 546 1869 et
560 1818 631 1869 inie-

96 1899 131 1949 llx
157 1893 373 1948 concambium!
399 1911 413 1940 n
445 1891 524 1942 Unde
551 1891 631 1940 etiarn

97 1969 171 2020 Beda
184 1985 219 2016 :u
229 1967 320 2016 Haeret
333 1973 422 2014 autem
434 1961 534 2013 deaeis
544 1977 632 2028 usque

96 2039 177 2090 hodie
191 2053 243 2088 stra
258 2034 353 2102 petitio
367 2049 449 2098 quam
458 2043 532 2083 tanto
541 2033 632 2083 labore

97 2109 321 2177 impetraverunt.
334 2104 404 2164 Quia
418 2103 490 2154 enim
506 2104 566 2154 data
579 2104 632 2154 sibi

97 2183 226 2248 optione,
255 2194 304 2244 pro
329 2177 391 2227 Jesu
411 2176 555 2240 latronem,
583 2192 632 2242 pro

97 2254 233 2303 Salvatore
257 2252 489 2314 interemptorem,
511 2264 559 2314 pro
583 2249 633 2299 da-

97 2334 151 2375 tore
175 2325 250 2389 vitae
264 2323 404 2387 elegerunt
426 2329 632 2386 peremptorem,

87 2397 193 2448 merito
214 2396 330 2447 salutem
350 2394 487 2458 vitamque
509 2393 633 2458 perdide-

100 2479 171 2531 runt,
188 2479 216 2520 et
231 2466 382 2518 latrociniis
400 2481 428 2516 se
439 2481 469 2516 ac
488 2466 633 2516 seditioni-

100 2543 148 2594 bus
162 2543 192 2593 in
213 2551 321 2591 tantum
338 2539 551 2602 submerserunt,
567 2549 597 2590 ut
608 2549 634 2590 et

100 2615 212 2682 patriam
241 2628 410 2680 regnumque
437 2627 534 2673 suurn,
560 2613 633 2678 quod

99 2689 155 2753 plus
179 2686 294 2737 Christo
317 2699 438 2735 amavere
459 2685 632 2751 perdiderint,

100 2768 124 2810 et
144 2759 280 2810 hactenus
305 2772 363 2806 earn
387 2771 469 2822 quarn
489 2756 634 2806 vendidere

100 2830 141 2880 vel'
153 2828 256 2880 animae
280 2828 322 2877 vel
344 2826 465 2892 corporis
482 2826 633 2876 libertatem

100 2900 215 2966 recipere
226 2914 282 2948 non
296 2897 444 2947 meruerint
452 2913 463 2961 ;·
479 2907 560 2963 atque
573 2897 633 2946 i'deo

100 2969 180 3020 Judaei
197 2983 292 3035 pacem
315 2967 415 3016 habere
433 2983 487 3017 non
508 2978 633 3033 possunt,

101 3040 160 3106 quia
175 3036 339 3088 seditiosum
356 3037 515 3103 principem,
543 3037 569 3086 id
595 3049 635 3088 est

101 3107 249 3170 difflolum,
273 3107 325 3172 qui
342 3122 429 3173 usque
450 3106 531 3156 hodie
544 3118 636 3173 regnat

102 3179 128 3230 in
146 3180 198 3242 eis,
214 3179 303 3246 magis
317 3195 399 3246 quarn
413 3179 563 3229 Dominum
584 3180 635 3230 eli-

103 3265 163 3316 gere
177 3251 337 3300 malberunt
349 3266 356 3300 ι
370 3269 384 3298 n
399 3248 460 3300 llaec
481 3249 566 3299 Beda.
590 3249 636 3300 Si-

102 3322 203 3373 militer
223 3322 316 3372 adhuc
338 3322 420 3373 hodi'e
439 3322 523 3389 aliqui
549 3323 636 3390 magis

102 3394 228 3445 nituntur
253 3394 357 3444 salvare
380 3405 406 3444 et
425 3394 508 3445 etiam
528 3410 637 3460 promo-

103 3479 162 3516 uere
178 3465 268 3516 malos
280 3465 409 3517 homines
431 3481 517 3532 quam
539 3467 635 3527 bonos,

103 3545 128 3585 et
140 3537 169 3586 in
183 3536 280 3586 multis
300 3531 475 3587 electionibus
497 3552 527 3586 ac
544 3537 637 3602 provi-

105 3604 327 3673 siorribnslestrs‚
344 3605 372 3656 id
389 3615 430 3656 est
449 3606 596 3656 virbonus
608 3621 637 3656 ac

106 3675 214 3742 tignus,
237 3686 265 3726 et
286 3676 336 3726 Uei
356 3676 469 3737 anricus,
487 3677 535 3742 qui
558 3692 587 3726 se
611 3686 637 3726 et

106 3745 171 3795 ulios
195 3746 304 3796 salvare
321 3747 403 3796 vellet
423 3747 589 3812 reprobatur,
611 3756 638 3797 et

107 3814 233 3869 &mlius
244 3818 316 3869 latro
327 3818 450 3884 insignis,
460 3819 491 3870 id’
500 3820 638 3871 estmalbs

682 1750 864 1817 epud'Deumz

715 1820 731 1870 5
745 1821 806 1870 Duo
822 1836 978 1870 nocuururn
990 1837 1028 1871 nrt
1042 1839 1216 1876 rammrroun

683 1894 830 1953 hunniam,
841 1909 924 1942 ncrus
936 1909 1166 1950 consonunrrorus
1181 1916 1216 1951 nr

684 1979 789 2015 onemo.
805 1992 835 2001 -
850 1964 893 2013 Ex
907 1964 959 2013 isto
974 1965 1086 2017 articulo
1102 1970 1216 2021 trahun-

683 2046 727 2087 tur
749 2037 804 2086 duo
828 2037 998 2087 documenta.
1022 2039 1149 2091 Primum
1166 2055 1215 2106 est,

684 2109 760 2176 quod¹
779 2123 829 2158 nos
847 2107 1036 2173 aequanimiter
1059 2111 1215 2176 toleremus,

684 2183 707 2232 si
721 2181 867 2247 aliquando
880 2181 1054 2246 preferantur
1066 2185 1145 2234 nobis
1160 2203 1217 2252 per·

685 2267 757 2303 sonae
771 2250 934 2301 infirmiores
949 2261 980 2302 et
987 2252 1141 2304 humilioris
1157 2248 1217 2308 con-

685 2323 797 2374 ditionis
804 2338 812 2386 ;
839 2322 904 2388 quia
930 2323 999 2373 latro
1027 2323 1138 2374 Christo
1162 2327 1216 2379 fuit

672 2395 821 2462 ,praelatus
845 2421 875 2431 -
895 2393 1048 2444 Secundum
1071 2404 1125 2457 est,
1142 2400 1216 2462 quod

686 2482 827 2519 caveamus
841 2482 875 2516 ne
888 2476 913 2515 et
927 2482 976 2516 nos
987 2467 1132 2519 Barrabam
1143 2471 1218 2522 Chri·

686 2549 727 2589 sto
739 2537 920 2604 praeferamus.
932 2538 1030 2588 «Multi
1043 2540 1120 2590 enim
1128 2543 1217 2594 adhuc

686 2607 767 2659 hodie
782 2606 935 2657 desiderant
949 2608 1090 2660 Barrabam
1103 2611 1156 2662 sibi
1167 2614 1218 2663 sol-

685 2673 725 2740 vi,
735 2687 762 2728 et
775 2676 915 2728 Christum
926 2679 1046 2729 vinctum
1060 2696 1127 2742 esse,
1143 2683 1217 2748 quia,

685 2762 721 2804 ut
731 2751 797 2802 dici't
821 2750 961 2817 Origenes,
987 2755 1150 2822 omnesqui
1167 2757 1218 2806 Ju-

686 2823 753 2874 daei's
768 2830 831 2872 sunt
844 2822 957 2883 similes,
971 2824 1028 2875 sive
1042 2823 1071 2874 in
1084 2826 1217 2892 dogmate,

686 2893 746 2944 sive
770 2892 797 2943 in
825 2892 887 2953 vita,
919 2894 1064 2944 Barrabam
1087 2895 1141 2946 sibi
1163 2896 1219 2945 sol-

685 2963 713 3014 vi
749 2962 912 3012 desiderant,
951 2963 1113 3028 Quicunque
1146 2964 1219 3014 enim

687 3034 757 3087 male
780 3035 844 3101 agit,
868 3034 973 3083 solutus
994 3044 1034 3084 est
1060 3032 1219 3101 incorpore

687 3110 744 3175 ejus
764 3108 902 3166 Barrabas,
921 3106 1046 3157 Christus
1062 3109 1221 3160 auternvirr-

688 3191 747 3231 ctus
762 3197 774 3244 ;‚
800 3177 851 3245 qui?
878 3189 968 3230 autem
1005 3179 1107 3230 bonum
1139 3180 1219 3247 agit„

689 3251 830 3303 Christum
860 3249 940 3300 habet
969 3251 1097 3314 solutum,
1123 3253 1221 3304 Barra-

689 3324 752 3373 bam
767 3321 899 3372 vinctum.
913 3321 952 3373 Et.
968 3321 1029 3372 ideo
1052 3323 1121 3375 sicut
1136 3324 1221 3376 Judaei

689 3403 834 3461 postquam
861 3409 909 3459 pro
942 3393 1051 3446 Christo
1083 3396 1224 3462 elegerunt

689 3466 832 3516 Barrabam
855 3465 1003 3529 latronem„
1021 3467 1170 3518 latrociniis
1197 3477 1223 3519 et

688 3535 870 3587 seditionibus
891 3544 954 3584 sunt
976 3536 1116 3600 subversi,
1135 3536 1174 3587 sic
1198 3544 1224 3587 et

688 3621 765 3656 nunc.
785 3620 952 3673 quacunque
974 3606 1064 3658 anima
1088 3607 1225 3674 praeelegit

690 3680 850 3741 Barrabam‚
876 3680 922 3731 illa
943 3696 1049 3747 semper
1073 3681 1225 3733 latrociniis

690 3749 830 3801 diabolicis
852 3750 1056 3803 exterminatur.
1076 3751 1129 3804 Ubi
1149 3751 1223 3801 enim

691 3836 745 3871 non
767 3830 807 3871 est
826 3821 916 3883 Jcsus,
939 3819 977 3870 ibi
999 3820 1061 3871 lites
1081 3831 1108 3871 et
1133 3819 1225 3886 praelia
