2626 4328
192 247 240 297 DE
261 208 1076 304 PasslouuuontlnlMEfflTANuA,1NGENERnLl.
1156 244 1207 310 463

93 367 199 414 tutores,
216 369 272 404 non
285 355 317 404 ad
329 352 557 418 compatiendum,
573 349 621 400 sed

60 418 65 428 ⁸
92 429 123 478 ad
137 427 333 488 deridendum
348 441 427 475 nemo
443 423 545 490 estqui
560 437 622 473 eum

92 508 274 562 recognoscat,
299 498 344 546 sed
368 497 425 546 luto
450 506 479 546 et
505 496 623 545 immun·

91 569 166 618 ditiis
189 584 253 618 eum
279 568 415 633 impetunt
434 578 460 618 et
485 565 617 630 affligunt.

93 640 125 689 Et
146 640 214 689 dum
237 655 314 690 suam
332 650 417 705 portat
431 637 621 705 ignominiam,

92 712 178 763 factus
193 719 235 762 est
249 712 307 762 illis
322 713 349 761 ln
369 711 539 777 parabolam.
563 710 624 761 Ad-

91 798 195 834 versum
209 799 270 834 eum
289 782 461 848 loquebantur
483 783 529 848 qui
545 781 623 832 sede·

92 854 154 904 baut
168 854 195 904 in
211 859 303 918 porta,
321 859 346 903 et
356 853 382 903 iu
397 868 455 903 eum
465 851 623 918 psallebant

91 925 135 990 qul
155 924 282 974 bibebant
305 924 403 975 viuum.
424 923 575 989 impellitur
597 931 623 972 et

92 993 224 1054 anxiatur,
245 993 364 1044 trahitur
386 1005 412 1045 et
443 994 619 1056 acceleratur;

93 1065 167 1114 etsie
187 1064 323 1130 fatigatus,
345 1065 502 1130 flagellatus,
516 1063 621 1114 crucia·

91 1146 142 1191 tus,
159 1145 288 1200 totusque
303 1145 463 1196 maceratus,
483 1143 509 1185 et
524 1149 621 1200 oppro-

93 1206 160 1255 briis
189 1215 326 1255 suturatus
358 1221 444 1271 usque
475 1206 508 1255 ad
547 1220 624 1255 sum-

94 1292 170 1326 mum
184 1292 245 1325 non
261 1276 362 1327 sinitur
382 1275 556 1343 requiescere,
569 1291 623 1325 non

95 1361 150 1396 esse
173 1347 202 1396 in
228 1346 294 1397 otio.
323 1348 374 1398 Vix
400 1357 489 1412 potest
516 1346 625 1397 refocil-

95 1420 145 1471 lare
181 1421 308 1485 spiritum
329 1436 472 1488 quousque
486 1419 627 1487 pervenia-

90 1505 136 1559 tur
173 1494 213 1547 ad¹
233 1492 361 1543 Calvariae
388 1494 487 1543 locum.
505 1491 540 1542 Et
567 1491 625 1541 haec

95 1565 185 1615 omnia
199 1581 261 1615 cum
285 1565 386 1630 impetu
407 1573 433 1614 et
453 1565 544 1614 surore
563 1562 628 1614 fece·

96 1646 164 1686 runt.
194 1637 225 1685 ln
261 1635 320 1701 ipso
353 1645 443 1685 autem
466 1636 525 1685 loco
563 1633 627 1684 finis

96 1715 119 1756 et
139 1706 217 1772 quies
240 1706 359 1772 negoti0,
389 1707 422 1756 de
447 1723 501 1774 quo
526 1717 625 1758 tracta·

97 1792 153 1826 mus
175 1776 336 1842 imponitur.
360 1776 411 1826 Sed
435 1793 496 1843 quae
521 1788 561 1828 est
579 1777 625 1827 illa

97 1840 186 1913 quies?
199 1846 355 1907 Crucifixio,
370 1860 396 1899 et
409 1849 493 1900 lectus
509 1849 623 1911 doloris;

97 1933 150 1969 ecce
164 1919 267 1984 qualis,
283 1921 402 1984 asperior
421 1921 490 1970 bello
511 1931 559 1971 est.
574 1918 625 1969 Vi·

68 2029 69 2033 ,
97 1988 138 2038 des
153 2004 216 2054 ergo
233 1990 371 2055 quomodo
385 2005 471 2056 usque
481 1991 514 2040 ad
529 1991 624 2040 horam

96 2070 192 2110 sextam
212 2076 308 2126 passus
328 2071 368 2112 est
393 2062 504 2126 longum
524 2071 551 2111 et
571 2061 624 2110 du-

97 2145 153 2179 rum
163 2132 276 2182 bellum.
288 2133 356 2183 llere
367 2132 534 2183 intraverunt
545 2147 623 2198 aquae

98 2219 172 2271 usque
197 2207 236 2255 ad
261 2206 377 2256 animam
396 2221 489 2268 suam;
515 2217 541 2256 et
564 2222 624 2257 vere

96 2277 324 2328 circumdederunt
341 2293 398 2328 eum
414 2293 493 2330 canes
508 2279 584 2329 multi
598 2279 625 2329 et

96 2346 192 2398 feroces
209 2358 235 2398 et
255 2348 396 2409 terribiles,
414 2349 461 2414 qui
481 2349 537 2400 dire
554 2361 580 2400 et
594 2360 625 2401 ut

97 2419 213 2482 gladium
236 2420 278 2470 bis
297 2431 404 2471 acutum
420 2433 582 2472 exacuerunt
596 2421 625 2472 in

96 2503 153 2538 eum
169 2490 278 2554 linguas
292 2500 319 2540 et
333 2506 431 2541 manus
446 2506 518 2542 suas.

125 2557 428 2611 8Tn1x1>mxc1rxem1u
439 2563 564 2613 Passroxu
574 2563 627 2613 Do-

96 2645 149 2680 smu
161 2647 304 2681 anaxarus
319 2647 492 2681 roexrrsurru
502 2648 625 2683 seueriu-

97 2718 152 2753 rur:
164 2719 288 2764 uuorrxs,
299 2720 573 2765 rxnrs10‚conronxu1s
584 2722 627 2756 xr-

96 2788 205 2825 rxrcrro.
215 2802 245 2812 -
253 2774 283 2824 ln
294 2775 419 2826 Passione
426 2787 515 2826 autem
525 2776 626 2827 Christi

96 2846 143 2897 tria
157 2847 266 2898 fuerunt
277 2847 306 2896 in
316 2863 433 2909 summo,
444 2851 475 2898 ad
487 2865 547 2915 quae
556 2850 626 2908 redi-

97 2929 193 2981 guntur
208 2929 296 2969 cetera
311 2919 416 2980 omnia,
436 2920 505 2970 etin
523 2920 622 2986 quibus

98 2988 268 3050 poenitentiae·
283 3004 389 3039 summa
415 2989 582 3055 exprimitur,
600 3001 626 3041 et

97 3071 160 3109 verae
175 3059 312 3124 patientiae
327 3060 452 3125 perfectio
467 3061 601 3125 experitur
617 3078 624 3112 :

98 3129 222 3193 primum,
236 3140 276 3180 est
290 3145 379 3180 rerum
393 3131 490 3181 ablatio
504 3141 530 3182 et
544 3133 626 3182 nuda·

97 3199 145 3262 tio,
162 3201 318 3261 secundum,
334 3212 504 3268 contemptus
521 3212 546 3252 et
561 3203 625 3252 irri-

97 3269 148 3333 sio;
159 3272 277 3331 tertium,
284 3287 362 3337 poena
371 3284 397 3322 et
406 3269 551 3338 corporalis
561 3273 626 3323 affii-

96 3343 154 3404 ctio,
169 3359 230 3410 quae
239 3344 331 3395 omnia
344 3344 372 3395 in
387 3345 495 3396 Christo
509 3345 625 3396 Domino

96 3412 201 3466 luerunt
218 3417 247 3466 in
266 3418 383 3468 summo.
405 3418 526 3468 Nudatus
547 3428 588 3469 est
609 3434 624 3468 a

96 3485 306 3547 crucifixoribus,
325 3488 361 3539 ita
375 3498 406 3539 ut
420 3503 469 3538 nec
485 3487 624 3540 femoralia

95 3553 121 3605 in
141 3572 172 3606 eo
193 3569 371 3619 remanerent,
386 3560 459 3625 quod
483 3560 550 3611 nulli
568 3577 624 3611 un-

96 3641 175 3692 quam
190 3628 325 3679 latronum
341 3629 438 3680 factum
456 3630 539 3681 fuisse
553 3632 622 3698 legi-

97 3712 166 3759 mus,
180 3709 207 3750 et
221 3700 371 3764 panniculis
385 3715 400 3750 a
416 3701 460 3765 pia
476 3703 559 3752 Matre
576 3718 624 3753 sua

98 3783 151 3818 non
174 3771 320 3836 incongrue
338 3770 454 3821 creditur
475 3771 623 3823 involutus.

96 3839 199 3892 Nudam
233 3856 296 3907 ergo
326 3857 433 3894 crucem
466 3843 503 3893 ita
533 3843 622 3894 nudus

677 350 805 410 ascendit,
815 362 845 402 ut
858 351 881 402 si
893 366 939 417 per
950 351 1122 416 sepulchrum
1135 351 1209 404 illius

677 429 774 470 terram
789 433 901 472 matrem
923 421 1047 473 omnium
1063 437 1206 487 corporum

677 492 791 541 velimus
810 492 967 558 intelligere,
988 502 1058 542 recte
1081 492 1165 557 possit
1182 493 1206 544 ei

676 574 701 610 et
722 562 754 612 ad
771 562 886 613 litteram
904 563 1046 629 convenire
1059 564 1132 629 quod
1144 577 1208 613 san-

677 644 735 683 ctus
748 634 798 684 Job
817 634 853 685 ait
867 653 876 685 .·
889 636 989 686 Nudus
1005 648 1133 699 egressus
1146 649 1204 685 sum

677 705 798 756 deutero
815 707 910 756 matris
925 721 998 767 meoe,
1014 713 1040 756 et
1055 706 1141 756 nudus
1159 721 1206 758 re-

677 783 769 827 vertar
800 778 873 830 illuc.
905 778 982 828 Unde
1012 778 1170 828 Ambrosius
1198 796 1207 828 .·

678 866 690 892 a
709 848 801 898 Restat
819 848 901 914 igitur
915 848 1083 899 considerare
1100 865 1204 900 crucem

677 920 811 970 Dominus
832 921 920 987 qualis
939 922 1072 972 ascendat.
1096 921 1205 972 Nudum

677 991 763 1042 video.
778 993 852 1042 Talis
868 1008 930 1059 ergo
948 995 1087 1052 ascendat,
1101 993 1149 1059 qui
1163 1010 1207 1045 se-

677 1064 768 1113 culum
797 1064 903 1115 vincere
931 1075 1034 1130 pensat,
1064 1076 1094 1115 ut
1123 1066 1206 1116 seculi

677 1137 831 1199 adiumenta
850 1154 905 1187 non
927 1148 1037 1204 quoerat.
1054 1139 1147 1189 Victus
1166 1148 1206 1189 est

677 1208 762 1257 Adam
773 1207 820 1273 qui
832 1208 991 1259 vestimenta
1001 1209 1133 1274 quaesivir,
1143 1209 1207 1260 vicit

678 1278 722 1328 ille
737 1279 783 1345 qui
794 1271 948 1344 tegumenta
957 1279 1086 1344 deposuit.
1101 1281 1133 1330 Et
1147 1280 1208 1331 talis

678 1348 804 1408 ascendit,
825 1350 918 1415 quales
941 1365 999 1407 nos,
1018 1360 1125 1400 auctore
1140 1351 1204 1411 Deo,

679 1432 773 1472 natura
791 1422 925 1473 formavit.
947 1423 1021 1473 Talis
1042 1423 1070 1472 in
1086 1424 1206 1487 paradiso

678 1491 762 1541 homo
779 1491 883 1557 primus
903 1492 1077 1551 habitaverat,
1092 1493 1153 1543 talis
1173 1494 1206 1544 ad

679 1562 832 1626 paradisum
856 1562 938 1612 homo
963 1564 1096 1614 secundus
1124 1564 1208 1615 intra-

678 1633 717 1683 vit
735 1650 742 1682 2
763 1653 776 1680 n
801 1633 860 1684 haec
883 1635 1050 1685 Ambrosius.
1072 1635 1122 1693 Sed
1146 1635 1208 1700 quis

678 1720 783 1755 narrare
806 1705 920 1756 sufficiat
945 1706 1034 1772 qualia
1059 1718 1085 1757 et
1112 1716 1212 1773 quanta

678 1776 803 1837 ludibria,
819 1777 908 1843 qualis
928 1787 954 1827 et
967 1788 1093 1843 quantus,
1108 1794 1123 1828 a
1144 1778 1208 1843 qui-

679 1848 728 1897 bus
746 1857 772 1897 et
791 1862 806 1897 a
821 1848 947 1914 qualibus
965 1865 1059 1913 passus
1078 1849 1128 1899 sit?
1144 1846 1206 1901 Haec

677 1921 788 1971 enimet
802 1936 817 1970 a
834 1931 908 1986 parte
920 1921 1053 1987 patieutis,
1066 1931 1092 1971 et
1106 1937 1120 1971 a
1134 1931 1208 1987 parte

677 1991 827 2051 inferentis,
842 2003 868 2042 et
880 2007 895 2042 a
907 2004 980 2058 parte
993 1993 1128 2043 illatorum
1144 2009 1206 2059 pen-

677 2063 759 2112 sanda
782 2074 846 2113 sunt
869 2079 918 2113 nec
937 2064 1022 2122 aliter,
1046 2074 1071 2114 et
1094 2063 1207 2123 utinam,

676 2134 718 2182 vel
734 2133 772 2183 sic
787 2133 866 2199 digne
881 2134 986 2199 pensari
1001 2134 1123 2199 possint!
1139 2134 1208 2185 Vide

671 2203 768 2268 ¹qualia
780 2219 875 2269 passus
889 2214 938 2255 est.
953 2205 1059 2254 Etenim
1073 2221 1134 2254 cum
1146 2204 1208 2268 gla-

678 2274 732 2323 diis
747 2280 772 2324 et
783 2274 906 2340 fustibus
925 2280 1049 2340 tanquam
1064 2275 1101 2323 ad
1121 2274 1208 2324 latro-

678 2359 735 2395 nem
757 2345 882 2395 exierunt
895 2344 1114 2409 comprehendere
1127 2358 1189 2392 eum
1200 2361 1207 2407 ;

678 2416 800 2475 traditus,
812 2427 904 2481 captus
917 2426 966 2475 est,
979 2415 1086 2480 ligatus,
1096 2416 1207 2473 velatus,

678 2498 834 2551 consputus,
849 2486 934 2552 alapis
943 2496 969 2537 et
979 2487 1099 2552 colaphis
1113 2502 1207 2544 caesus,

678 2568 833 2620 accusatus3
850 2558 889 2608 .in
914 2569 987 2609 veste
1008 2559 1068 2608 alba
1094 2558 1208 2617 illusus,

678 2629 834 2694 flagellatus,
848 2645 966 2695 purpura
983 2631 1011 2680 in
1026 2628 1202 2695 opprobrium

678 2700 799 2759 indutus,
812 2700 899 2764 spinis
912 2711 1062 2763 coronatus,
1076 2701 1207 2750 arundine

679 2789 727 2840 pro
757 2785 860 2839 sceptro
886 2775 1048 2840 insignitus,
1075 2783 1101 2823 et
1124 2773 1214 2838 capite¹

680 2861 828 2911 percussus,
841 2848 970 2898 derisorie
983 2847 1108 2897 adoratus
1119 2856 1145 2896 et
1162 2860 1206 2896 sa·
1248 2841 1252 2853 ’

679 2920 787 2978 lutatus,
802 2935 831 2970 ac
847 2920 940 2970 multis
954 2920 1015 2970 aliis
1034 2917 1208 2968 illusionibus
1238 2976 1242 2986 Ι

678 3000 704 3039 et
731 2991 903 3040 contumeliis
917 2989 1034 3051 affectus,
1055 2999 1080 3039 et
1096 2990 1208 3039 demum

679 3061 750 3110 cruci
769 3071 809 3110 est
823 3060 927 3110 affixus.
952 3061 993 3109 Ad
1015 3075 1208 3110 consumman-

678 3131 740 3180 dam
760 3129 859 3196 quippe
876 3129 998 3180 hominis
1016 3129 1208 3189 humilitatem,

678 3200 803 3251 universa
835 3201 863 3250 in
891 3216 954 3251 eum
981 3201 1206 3251 contumeliarum

678 3287 775 3338 genera
786 3273 984 3323 exercebantur.
997 3273 1048 3322 Sed
1058 3271 1120 3337 quis
1130 3271 1205 3322 novit
1277 3309 1279 3313 Α

678 3354 777 3410 quanta
791 3359 884 3409 passus
899 3344 952 3393 est?
970 3344 1112 3394 Credimus
1134 3342 1207 3393 enim

678 3427 781 3467 sanctos
792 3415 973 3481 Evangelistas
982 3415 1118 3465 brevitatis
1129 3429 1208 3464 causa

677 3486 835 3538 irrisionum
863 3498 967 3536 tantum
1001 3485 1124 3551 speeies,
1153 3501 1207 3536 non

677 3558 757 3609 etiam
777 3572 920 3607 numerum
946 3557 1117 3622 expressisse.
1141 3555 1209 3617 Quis

677 3629 749 3680 enim
761 3628 837 3689 scire,
853 3629 917 3694 quis
938 3643 1044 3678 narrare
1064 3626 1207 3686 sufficeret,

676 3709 743 3766 quot
754 3713 780 3750 et
791 3699 895 3765 quoties
906 3699 1016 3748 intanta
1027 3697 1207 3759 multitudine,

676 3788 738 3837 quae
753 3782 817 3822 tunc
834 3771 871 3821 ibi
890 3781 956 3833 erat,
970 3787 1032 3822 eum
1048 3768 1207 3821 irriserunt?

677 3844 706 3894 ln
727 3854 903 3908 augmentum
925 3843 1005 3893 etiam
1026 3840 1161 3891 irrisionis
1182 3849 1208 3889 et
