2626 4328
182 261 361 322 QUOMODO
379 259 539 311 DOMlNUS
554 257 655 310 JFSUS
672 258 850 310 APPARUIT
867 261 979 312 MATRI
999 263 1087 315 SUAE.
1144 265 1198 319 665

86 375 236 427 dulcedinis
257 381 319 436 tuae,
344 380 393 426 etc.
416 374 450 424 Et
476 372 549 423 istud
576 380 617 423 est

84 458 256 515 unguentum
283 448 373 497 Mariae
405 447 529 509 solome,
556 459 616 511 quae

84 520 135 571 fuit
151 518 207 568 filia
228 518 335 567 Salome
357 534 426 568 uxor
443 515 573 580 Zebedaei,
589 525 616 567 et

82 600 168 641 mater
186 589 279 639 iacobi
307 588 426 653 Maioris,
445 597 471 638 et
492 585 614 638 loannis.

84 663 133 713 Per
145 660 275 710 iacobum
300 660 439 722 majorem,
453 656 615 724 intelligitur

83 732 175 784 totalis
190 731 385 795 supplantatio,
400 729 442 780 vel
464 729 614 780 mortifica-

83 803 120 854 tio
135 801 256 853 hominis
270 800 425 863 exterioris3
440 815 487 865 per
498 800 614 860 salome,

83 873 245 939 intelligitur
259 872 352 922 deifica
366 873 540 934 conservatio,
555 887 615 939 quae

86 963 142 997 non
163 955 204 996 cst
222 945 274 993 nisi
291 944 319 993 in
339 945 450 995 homine
462 945 528 996 bene
543 943 615 994 intra

83 1032 112 1068 se
130 1016 281 1084 pacificato.
299 1015 350 1064 Per
363 1014 505 1077 loannem,
521 1015 615 1067 caritas

83 1086 250 1152 intelligitur,
267 1086 330 1151 quia
349 1097 404 1136 erat
419 1102 474 1152 prae
493 1086 616 1136 ceterisa

84 1159 192 1211 Christo
203 1158 326 1220 dilectus;
338 1158 383 1208 sed
390 1174 437 1223 per
446 1158 614 1218 zebedeum,

84 1231 132 1296 qui
154 1230 346 1295 interpretatur
376 1231 473 1296 fluxio,
499 1229 614 1296 intelligi

84 1311 173 1366 potest
200 1301 291 1350 divina
321 1301 451 1362 dulcedo,
476 1315 528 1366 qua
554 1300 615 1350 talis

84 1372 175 1422 anima
189 1371 258 1432 fluit,
274 1382 300 1422 et
314 1373 400 1422 affluit
414 1371 516 1422 deliciis
530 1369 614 1420 inter-

84 1443 137 1494 nis.
160 1444 251 1508 ltaque
278 1443 406 1508 quaelibet
436 1442 536 1502 anima,
564 1457 614 1508 pro

85 1523 156 1564 statu
170 1529 220 1564 suo
234 1514 314 1564 debet
328 1515 392 1563 istas
408 1512 535 1563 mulieres
549 1512 615 1562 imi-

87 1582 148 1646 tari,
161 1593 188 1634 et
205 1600 269 1633 cum
289 1584 348 1633 istis
363 1583 510 1648 unguentis
522 1583 614 1633 lesum

87 1670 208 1720 quaerere
226 1666 252 1706 et
273 1671 382 1720 ungere,
403 1665 433 1706 ut
449 1655 553 1707 scilicet
570 1655 614 1706 in-

86 1734 188 1776 stanter
201 1726 387 1791 poenitentiam
403 1725 489 1786 faciat,
504 1725 615 1779 viriliter

86 1799 262 1849 tentationem
287 1799 426 1859 sustineat,
450 1798 557 1864 pacifice
580 1801 613 1851 ad

86 1870 242 1933 proximum
269 1887 298 1920 se
327 1871 433 1920 habeat.
463 1870 515 1920 Ista
541 1871 614 1921 enim

86 1940 146 2000 tria,
160 1951 190 1992 ut
208 1942 245 1992 ait
262 1941 431 2005 Bernardus,
446 1941 547 1992 faciunt
564 1959 614 2010 ap-

86 2026 177 2077 parere
189 2013 291 2072 lesum,
307 2024 332 2064 et
345 2013 455 2063 cuilibet
465 2015 614 2066 secundum

84 2093 184 2135 statum
200 2102 290 2136 suum.

116 2158 222 2220 4Qum
252 2174 279 2207 ru
309 2173 389 2208 sensu
417 2175 518 2209 nonunt
548 2175 626 2209 nnus.

85 2245 150 2280 tsnn
164 2246 295 2280 nonianus
312 2246 456 2290 eoauuour
472 2239 613 2282 thouara!

86 2329 116 2339 -
130 2301 274 2365 Moraliter,
297 2318 344 2367 per
361 2302 431 2356 istas.
445 2311 498 2354 tres
514 2304 613 2354 mulie-

86 2386 138 2429 res,
161 2370 303 2436 signantur
326 2373 354 2421 in
386 2374 457 2438 justo
481 2373 612 2440 quolibet,

87 2456 173 2502 mens,
193 2443 295 2508 lingua,
311 2460 427 2494 manus:
441 2459 502 2510 quae
514 2445 613 2496 habent

87 2512 165 2562 valde
194 2514 309 2575 pretiosa
340 2525 486 2580 unguenta.
516 2516 613 2566 Mentis

86 2592 222 2647 unguenta
236 2594 299 2635 sunt
310 2585 360 2634 tria
376 2601 382 2634 τ
396 2584 533 2646 contritio,
544 2602 616 2637 com·

86 2653 184 2717 passio,
207 2664 233 2704 et
246 2655 368 2718 devotio;
392 2657 520 2722 primum,
539 2657 615 2708 ecili-

87 2731 127 2772 cet
139 2725 320 2784 contritionis,
338 2725 477 2777 conficitur
489 2743 520 2777 ex
535 2727 615 2778 vilis-

87 2792 166 2843 simis
176 2795 326 2859 speciebus,
337 2796 439 2848 scilicet
449 2813 480 2848 ex
489 2798 614 2863 peccatis,

86 2878 147 2929 quoe
159 2876 284 2915 crescunt
297 2867 326 2917 in
342 2877 434 2917 nostro
455 2868 535 2918 horto
550 2885 615 2934 pro-

86 2934 159 3000 prio;
174 2937 332 2998 secundum,
344 2939 446 2989 scilicet
457 2940 617 3004 compassio-

87 3006 139 3066 nis,
157 3007 297 3058 conficitur
315 3025 347 3059 ex
360 3010 537 3060 amarissimis
552 3027 615 3077 spe-

87 3078 197 3140 clebus,
229 3081 331 3131 scilicet
364 3097 396 3131 ex
430 3082 615 3146 proximorum

87 3148 215 3213 miseriis,
241 3167 301 3216 quae
330 3161 452 3202 crescunt
477 3153 506 3201 in
536 3154 615 3203 horto

85 3222 193 3286 alien03
208 3225 328 3285 tertium,
342 3225 443 3275 scilicet
456 3226 615 3288 devotionis,

88 3294 228 3345 conficitur
256 3313 288 3347 ex
315 3297 441 3362 pretiosis
465 3299 615 3364 speciebus,

87 3366 188 3416 scilicet
208 3382 239 3417 ex
261 3368 362 3418 Christi
391 3369 533 3434 beneficiis,
555 3386 616 3437 quae

87 3446 209 3486 crescunt
224 3437 251 3487 in
277 3439 355 3488 horto
378 3439 531 3492 Dominico.
547 3442 616 3492 Lin-

88 3523 147 3572 guae
158 3521 298 3576 unguenta
309 3520 374 3560 sunt
388 3511 458 3561 tria:
474 3512 560 3564 oratio
574 3513 617 3564 de·

86 3590 159 3642 vota,
175 3583 309 3633 confessio
330 3583 443 3649 integra,
462 3587 616 3650 praedicatio

86 3669 167 3717 vera3
195 3655 324 3720 primum,
346 3656 448 3706 scilicet
473 3658 615 3721 orationis,

87 3724 229 3775 conficitur
249 3726 275 3776 in
292 3726 394 3786 herbis,
409 3742 471 3793 quae
493 3738 557 3779 sunt
570 3729 617 3780 in-

87 3796 173 3845 tentio
192 3807 270 3856 recta,
285 3796 396 3846 attentio
411 3797 498 3859 firma,
511 3799 616 3851 affectio

87 3866 148 3930 pia;
164 3868 331 3926 secundum,
348 3867 452 3919 scilicet
470 3867 621 3924 confessio-

672 369 724 431 nis,
740 370 878 423 conficitur
897 389 932 424 cx
944 375 1047 440 herbis,
1062 392 1122 442 quae
1135 392 1201 432 sunt

670 441 759 508 pudor
776 442 925 504 commissi,
946 445 1023 496 dolor
1042 447 1148 509 amissi,
1163 451 1201 500 ti-

670 528 732 564 mor
763 514 889 580 supplicii
899 530 907 578 ς
938 516 1073 582 tertium,
1100 519 1201 573 scilicet

669 583 875 650 praedicationis,
894 586 1035 638 conficitur
1048 605 1080 639 ex
1096 589 1197 654 herbis,

670 673 730 725 quae
761 667 825 708 sunt
847 656 908 710 fidei
924 658 1076 722 instructio,
1090 678 1202 716 morum.

670 729 843 792 informatio,
880 729 1007 782 vitiorum
1042 733 1199 802 increpatio.

668 803 765 853 Manus
778 813 924 868 unguenta,
939 815 1005 854 sunt
1019 816 1121 872 septem
1144 810 1200 860 mi-
1256 839 1260 846 ·

669 875 820 928 sericordiae
830 891 919 942 opera,
934 877 967 928 de
980 879 1081 945 quibus
1096 891 1136 933 est
1147 882 1199 935 iste

668 961 761 998 versus
772 963 781 997 ι

668 1091 787 1158 Colligo,
803 1095 879 1160 poto,
899 1090 968 1154 cibo,
988 1092 1100 1156 redimo,
1125 1099 1198 1158 tego,

986 1159 1088 1226 [virita
1103 1163 1196 1214 condo.

669 1302 722 1362 Qui
745 1312 835 1353 autem
855 1301 914 1352 vult
929 1301 1054 1366 praedicta
1071 1311 1192 1351 aromata

667 1382 696 1422 et
721 1381 859 1438 unguenta
893 1371 1006 1434 habere,
1033 1380 1138 1435 oportet
1164 1385 1195 1420 ea

668 1457 764 1492 emere.
787 1441 834 1491 llle
854 1440 927 1492 enim
950 1441 998 1506 qui
1013 1441 1090 1501 emit,
1105 1442 1151 1491 dat
1164 1441 1199 1491 de

669 1529 718 1564 suo
738 1523 764 1563 et
778 1512 875 1578 accipit
888 1512 921 1561 de
935 1512 1031 1572 alieno,
1046 1511 1126 1562 sicin
1139 1527 1201 1579 ope-

668 1584 744 1634 ribus
758 1582 888 1634 virtuosis
901 1592 1007 1648 oportet
1025 1583 1128 1649 aliquid
1147 1599 1199 1650 po-

668 1672 731 1707 nere
743 1657 777 1706 de
791 1649 892 1714 nostro,
905 1655 1008 1705 scilicet
1022 1656 1200 1720 voluntatem,

668 1738 694 1780 et
712 1725 818 1793 aliquid
838 1724 988 1790 reciperen
1008 1725 1074 1786 Deo,
1094 1726 1198 1778 scilicet

668 1798 797 1866 operandi
822 1796 978 1848 facultatem
985 1812 994 1859 ;
1022 1799 1073 1858 vel,
1104 1813 1119 1848 a
1141 1797 1198 1848 Deo

668 1870 815 1937 recipimus
840 1869 953 1936 gratiam
979 1869 1197 1934 praevenientem,

667 1945 701 1993 de
727 1952 821 1994 nostra
844 1942 1009 2008 apponimus
1029 1944 1198 1993 voluntatem

667 2017 889 2081 subsequentem.
907 2013 1038 2074 Quamvis
1053 2029 1116 2078 ergo
1131 2015 1199 2064 mul-

667 2095 702 2136 tae
715 2086 774 2136 aliae
789 2083 917 2134 mulieres
935 2082 1083 2132 Dominum
1099 2097 1198 2147 seque-

667 2167 770 2222 rentur,
784 2157 841 2207 istae
856 2166 945 2206 tamen
960 2154 1096 2220 praecipue
1113 2169 1197 2204 vene-

666 2239 740 2290 runt,
760 2228 825 2294 quia
848 2226 959 2289 Christo
983 2226 1044 2290 plus
1070 2225 1197 2290 obligatae

667 2310 740 2350 erant
753 2315 785 2350 ex
799 2313 832 2349 eo
846 2297 919 2362 quod
934 2296 1011 2361 plura
1026 2293 1154 2344 beneficia
1164 2293 1198 2344 ab

666 2387 699 2422 eo
713 2379 875 2434 receperant.
890 2366 973 2417 Maria
994 2366 1068 2416 enim
1086 2365 1198 2432 Magda-

666 2445 727 2495 lena
740 2445 855 2493 multum
868 2441 977 2492 Christo
986 2440 1125 2490 tenebatur
1136 2425 1201 2504 quia

667 2517 700 2567 ab
711 2532 741 2566 ea
752 2526 855 2582 septem
864 2514 998 2564 daemonia
1006 2513 1129 2578 ejeceram
1141 2512 1201 2562 Ma-

667 2591 707 2642 ria
720 2599 809 2642 autem
822 2588 922 2654 iacobi,
938 2598 964 2638 et
979 2586 1104 2638 similiter
1118 2585 1200 2636 Maria

667 2663 774 2715 Salome
798 2661 906 2714 Christo
929 2661 1047 2710 multum
1071 2657 1201 2708 teneban-

659 2743 733 2784 tur:
749 2742 808 2783 tum
824 2732 889 2798 quia
911 2745 996 2796 nepos
1020 2743 1114 2778 earum
1133 2735 1197 2779 erat,

668 2813 727 2854 tum
746 2803 811 2870 quia
826 2803 898 2854 filios
912 2816 976 2850 suos
994 2797 1151 2855 cardinales,
1171 2793 1199 2844 id

668 2884 709 2926 est
723 2873 870 2938 Apostolos
884 2871 993 2921 fecerat.

701 2944 716 2995 5
734 2944 794 2994 Cun
807 2944 838 2994 B.
856 2943 947 2992 Minna
964 2941 1051 2990 V1noo
1066 2951 1100 2987 so
1114 2951 1196 2986 nouu-

668 3031 778 3069 uauruu
790 3031 843 3067 uos
854 3012 955 3064 vestr?
969 3039 1000 3049 -
1013 3008 1067 3059 Sed
1095 3007 1197 3058 mitum

666 3089 771 3138 videtur
785 3085 857 3152 quod
873 3084 949 3134 beata
963 3081 1046 3146 Virgo
1057 3095 1121 3129 cum
1137 3077 1199 3128 istis

668 3156 829 3210 mulieribus
852 3155 885 3205 ad
905 3159 1114 3202 monumentum
1137 3163 1194 3198 non

669 3228 727 3289 ivit,
741 3227 788 3278 sed
803 3224 878 3275 domi
889 3222 1027 3274 remansit.
1047 3222 1136 3286 Super
1147 3219 1201 3268 hoc

668 3309 759 3350 autem
775 3305 889 3364 possunt
904 3305 958 3346 tres
973 3308 1059 3344 causae
1076 3292 1200 3357 assigna-

669 3370 702 3421 ri.
731 3369 800 3433 Una,
827 3367 891 3434 quia
913 3367 998 3416 Mater
1019 3362 1198 3428 sepulchrum

669 3439 731 3492 Filii
746 3438 805 3488 sine
818 3451 917 3504 magno
930 3434 1026 3485 dolore
1040 3432 1131 3494 videre
1145 3447 1201 3482 non

669 3511 811 3579 potuisset,
828 3519 854 3559 et
870 3507 987 3558 maxime
1012 3515 1132 3555 recenter
1156 3519 1202 3555 se-

670 3582 749 3650 pulti.
775 3581 804 3632 Si
833 3580 907 3632 enim
938 3577 1114 3643 sepulchrum
1139 3574 1202 3626 Filii

668 3655 791 3716 vidisset,
806 3653 884 3719 quasi
898 3651 1002 3702 doloris
1017 3650 1124 3717 gladius
1142 3647 1204 3698 ani-

671 3745 744 3781 mam
758 3727 817 3792 eius
828 3725 999 3793 perforasset.
1018 3725 1052 3774 Et
1064 3723 1130 3773 satis
1144 3724 1205 3786 pro*

670 3800 760 3852 babile
784 3807 824 3850 est
849 3797 923 3864 quod
949 3795 972 3846 si
994 3795 1034 3846 ire
1062 3790 1202 3848 voluisset,

670 3873 789 3925 loannes
804 3870 863 3936 ejus
883 3877 973 3920 custos
994 3867 1045 3918 hoc
1071 3878 1126 3914 non
1140 3874 1202 3927 per-
