2626 4328
372 114 572 168 CONCLuslo
589 113 683 166 LIBRI
702 113 748 166 ΕΤ
761 115 928 168 SIGNATlO
951 119 1040 172 EIUS.
1205 121 1257 173 825
1286 151 1290 156 -

143 240 191 288 Per
206 250 291 303 quam
299 234 379 285 nobis
394 235 543 301 redemptio

144 314 235 372 Datur,
247 320 272 360 et
285 310 333 360 Dei
349 309 431 361 nisio.

174 457 265 505 iesum
279 470 376 505 omnes
388 455 534 522 agnoscite,

144 531 273 578 Amorem
288 528 344 593 ejus
358 528 476 593 poscite3

143 601 234 650 Jesum
245 599 366 649 ardenter
382 600 506 666 quaerite
543 629 549 641 ι

144 669 296 728 Quaerendo
309 669 480 722 inardescite.

175 809 219 860 Sic
229 820 365 862 amantem
378 810 493 877 diligite,

144 881 253 931 Amoris
267 881 358 932 vicem,
368 883 487 948 reddite3

145 952 174 1001 ln
189 953 263 1002 hunc
279 954 390 1007 odorem
404 954 511 1018 uiuite,

146 1024 179 1074 Et
194 1035 255 1075 vota
269 1026 339 1077 votis
354 1027 466 1079 reddite.

177 1172 250 1232 Jesu,
264 1178 358 1220 auctor
371 1168 529 1229 clementie,

147 1242 244 1292 Totius
254 1254 314 1305 spes
323 1240 433 1305 letitie,

146 1312 271 1361 Dulcoris
284 1310 346 1361 fons
357 1320 384 1362 et
398 1312 490 1377 gretie

147 1385 223 1435 Verae
236 1384 325 1434 cordis
333 1384 447 1436 deltciae.

179 1528 191 1576 J
194 1541 241 1576 esu
256 1526 294 1576 mi
304 1527 384 1587 bone,
394 1526 510 1576 sentiam

149 1598 201 1647 Tui
212 1598 331 1648 dulcoris
344 1597 450 1664 copioso
466 1613 475 1661 ;

148 1669 187 1718 Da
201 1668 269 1717 mihi
285 1683 331 1734 per
347 1669 514 1734 presentiam

148 1742 246 1803 Tuam,
262 1736 484 1808 videre'gloriam.

180 1884 250 1934 Cum
264 1883 431 1952 digneloqui
447 1899 580 1952 nequeam

150 1957 188 2006 De
203 1965 239 2015 te,
252 1964 342 2006 tamen
358 1972 414 2006 non
424 1956 531 2021 sileam

149 2029 234 2076 Amor
243 2026 307 2077 facit
319 2036 353 2078 ut
364 2029 487 2093 audentia

151 2097 219 2146 Cum
234 2098 266 2148 de
278 2105 304 2147 te
313 2099 372 2148 solo
386 2099 527 2164 geudeam.

181 2238 249 2298 Tua,
263 2239 469 2301 Jesu-‚dilectio

151 2309 231 2359 Grata
244 2310 342 2359 mentis
355 2309 476 2372 reiectio,

150 2380 268 2445 Replens
282 2379 343 2431 sine
350 2380 470 2443 fastidio,

151 2451 222 2500 Dans
235 2449 335 2501 famem
351 2450 495 2503 desiderio.

182 2593 236 2653 Qui
246 2602 271 2644 te
281 2603 403 2658 gustant,
414 2594 548 2654 esuriunt,

152 2663 205 2722 Qui
223 2663 558 2730 bibunt,.adhucsitinnt;

153 2733 309 2785 Desiderare
324 2734 461 2795 nesciunt,

153 2803 212 2853 Nisi
227 2804 329 2866 lesum,
345 2820 429 2871 quem
436 2805 566 2872 diligunt.

185 2949 272 3009 Quem
285 2960 348 3001 tuus
363 2966 439 3001 amor
458 2952 551 3011 ebriat,

154 3021 235 3071 Novit
244 3022 311 3087 quid
320 3023 397 3072 Jesus
412 3022 505 3087 sapiat.

154 3091 243 3151 Quam
257 3090 322 3142 felix
336 3101 378 3142 est
386 3108 468 3158 quem
481 3093 569 3155 satiat,

157 3164 218 3214 Non
232 3173 273 3214 est
282 3165 352 3215 ultra
365 3164 438 3231 quod
452 3163 557 3231 cupiat!

186 3309 259 3370 Jesu,
273 3308 356 3359 decus
371 3306 534 3374 angelicum,

156 3381 187 3430 ln
197 3395 264 3431 aure
276 3379 356 3430 dulce
370 3379 518 3442 canticum,

157 3449 186 3498 ln
198 3465 247 3501 ore
259 3451 314 3502 mel
326 3449 484 3513 mirificum,

157 3521 187 3570 ln
202 3523 282 3573 eorde
295 3532 385 3574 nectar
396 3521 534 3575 coelicum!

189 3666 318 3718 Desidero
331 3677 357 3719 te
372 3667 481 3729 millies,

159 3736 220 3788 Jesu
237 3737 288 3802 rni;
301 3739 410 3805 quando
422 3735 539 3788 venies?

731 234 773 284 Me
787 234 879 301 laeturn
894 237 1003 301 quando
1014 236 1113 289 facies?

707 376 710 383 ἱ
731 306 773 355 Me
785 305 818 356 de
827 316 854 356 te
863 307 974 373 quando
983 308 1080 360 saties?

708 431 710 497 j
761 430 847 480 Amor
855 440 922 482 tuus
932 433 1085 495 continuus,

708 502 710 509 ’
731 499 798 550 Mihi
814 502 928 568 languor
938 503 1074 565 assiduus,

708 569 710 575 ’
731 570 798 620 Mihi
813 570 918 624 fructus
933 573 1093 637 mellifluus,

731 641 779 692 Est
791 650 817 691 et
830 644 893 696 vitae
901 653 1057 711 perpetuus.

761 769 833 829 Jesu,
844 783 952 820 summa
966 768 1129 837 benignitas,

732 840 801 891 Mira
810 840 899 891 cordis
907 840 1070 906 jucunditas,

630 943 634 949 «
732 911 958 978 incomprehensa
969 913 1086 972 bonitas,

732 983 792 1033 Tua
806 997 849 1032 me
865 982 976 1050 stringit
986 984 1090 1036 caritas.

764 1130 870 1179 Bonum
885 1127 952 1178 mihi
967 1128 1079 1195 diligere

731 1202 834 1261 Jesum‚
849 1198 887 1249 nil
902 1201 972 1250 ultra
988 1214 1123 1265 quaerere:

732 1270 802 1321 Mihi
816 1285 927 1335 prorsus
943 1269 1063 1329 deficere,

733 1341 770 1391 Ut
784 1340 824 1390 illi
839 1355 936 1405 queam
951 1340 1049 1391 vivere.

765 1465 789 1516 O
803 1465 866 1515 Jesu
881 1462 919 1534 mi
933 1462 1101 1522 dulcissime,

733 1538 800 1602 Spes
820 1535 984 1601 suspirantis
996 1535 1102 1595 anima,
1200 1536 1205 1546 “

734 1610 774 1659 Te
787 1617 914 1674 quaerunt
925 1607 980 1673 pit
988 1608 1123 1673 huyne,

735 1681 774 1731 Te
788 1681 890 1731 clamor
902 1679 1001 1745 ruentis
1016 1679 1130 1728 intimae.

768 1806 938 1872 Quocunque
949 1805 1012 1856 loco
1026 1803 1114 1862 fuero,

736 1881 827 1931 Meum
844 1881 938 1932 lesum
951 1878 1082 1932 desidero.

737 1955 824 2016 Quam
839 1956 927 2016 laetus,
943 1969 1007 2006 curn
1018 1951 1166 2007 invenero!

737 2026 826 2087 Quam
839 2026 913 2088 felix,
930 2042 991 2077 cum
1008 2022 1138 2076 tenuero!

770 2172 849 2221 Tunc
860 2169 1012 2234 amplexus,
1024 2165 1199 2223 uinceseula.

739 2243 805 2303 Quae
817 2241 931 2291 vincunt
943 2238 1032 2290 mellis
1046 2237 1142 2304 pocula

738 2309 894 2377 Tuncfelix
909 2308 1012 2360 Christi
1025 2307 1139 2374 copule}

738 2383 791 2433 Sed
808 2381 836 2431 in
850 2379 895 2430 his
909 2393 990 2444 parva
1007 2377 1121 2427 morula.

770 2525 829 2575 Jam
844 2523 920 2590 quod
932 2520 1055 2589 qunivi,
1064 2519 1157 2578 video,

741 2596 821 2656 Quod
836 2591 978 2660 concupivi
990 2601 1088 2655 terrene

740 2668 841 2718 Amore
854 2665 916 2716 Jesu
930 2665 1056 2729 langueo,

742 2738 775 2788 Et
785 2735 866 2787 corde
880 2744 954 2787 totus
968 2733 1058 2784 ardeo.

773 2883 850 2932 Jesus
862 2893 925 2928 cum
939 2875 979 2926 sic
992 2873 1126 2938 diligitur,

742 2952 794 3002 Hic
804 2964 881 3001 arnor
896 2963 951 2997 non
967 2941 1157 3008 exstinguitur,

743 3023 805 3073 Non
818 3018 940 3086 tepescit,
957 3029 1005 3065 nec
1016 3011 1148 3073 moritur;

738 3096 808 3148 Plus
822 3091 916 3145 crescit
929 3099 954 3140 et
968 3085 1131 3139 accenditur.

776 3235 828 3286 Hic
840 3248 918 3284 amor
930 3231 1004 3281 ardet
1018 3227 1125 3294 jugiter,

743 3306 881 3362 Dulcessit
893 3301 1065 3366 mirabilitu,

744 3379 821 3448 Sapit
832 3374 1033 3433 delectabiliter,

745 3450 866 3505 Delectat
878 3456 904 3498 et
917 3443 1040 3512 feliciter.

778 3590 830 3646 ffic
842 3603 920 3641 amor
934 3584 1035 3637 mneos
1048 3581 1163 3640 emlinus,

748 3664 841 3717 lieret
851 3660 923 3713 mihi
937 3657 1106 3730 medullitus,

749 3735 870 3787 Mentem
882 3728 1003 3782 incendit
1018 3727 1134 3794 penitus,
