2626 4328
137 204 189 254 520

134 345 166 355 -
179 316 220 379 Et,
237 322 374 383 coeperunt
386 328 516 367 accusare
529 329 592 364 eum
602 312 667 362 false

133 387 166 437 in·
190 387 294 447 multis,
321 386 356 436 de
377 386 477 451 quibus
502 385 592 434 solum
617 382 669 433 tria

134 460 333 525 exprimuntur,
348 473 408 524 quae
421 459 506 507 Lucas
521 455 606 522 ponit,
625 455 669 504 di-

133 548 211 583 cens:
224 533 255 582 H
257 526 306 583 u'nc
318 530 466 582 invenimus
479 530 669 580 subvertentem

133 610 239 671 gottern
264 610 394 664 nostram,
432 601 533 651 scilicet
562 601 670 651 Judoeo·

136 693 207 737 rum,
230 677 333 727 acultu
354 675 442 740 Legis,
456 673 552 724 falsam
570 671 670 723 doctri-

138 765 200 798 nam
233 747 412 808 seminando;
443 751 471 795 et
490 744 671 810 prohibentem

137 819 200 869 dari
221 818 350 868 tributum
366 816 482 878 Caesori,
498 826 524 866 et
542 816 580 865 sic
595 813 671 880 quasi

139 884 232 939 contra
246 888 334 953 ipsum
350 886 511 936 seditionem
533 885 671 946 faciend03

139 958 299 1008 atdiceutem
313 971 343 1007 se
352 956 487 1006 Christum
495 957 597 1021 Regem
606 968 673 1015 esse,

139 1029 216 1094 quasi
227 1029 320 1078 volens
331 1028 382 1078 sibi
394 1043 508 1094 regnum
520 1028 674 1077 Judaeorum

140 1114 278 1164 usurpare.
294 1098 412 1149 Nomine
432 1097 534 1148 Christi
545 1112 620 1162 reges
633 1098 675 1147 Ju-

141 1173 261 1222 daeorum
278 1172 489 1237 appella-bantur,
510 1180 620 1236 propter
628 1186 676 1220 un·

140 1243 267 1303 ctionem,
282 1246 328 1294 sed
353 1245 486 1294 addebant
505 1245 616 1309 Regem,
631 1243 675 1292 di-

141 1317 227 1367 cendo
264 1317 401 1367 Christum
438 1318 556 1382 Regm,
592 1315 676 1380 gratia

140 1387 351 1453 explanationis3
369 1387 433 1453 quia
445 1387 548 1437 Pilatus
561 1386 677 1436 Gentilis

140 1466 204 1517 erat,
223 1457 343 1507 Gentiles
356 1472 420 1507 vero
441 1472 519 1522 reges·
538 1472 602 1506 suos
621 1471 675 1506 non

141 1527 281 1592 ungebant
300 1526 369 1574 sicut
387 1526 472 1575 Judaei
494 1526 636 1586 faciebant,
651 1535 676 1576 et

141 1601 201 1649 ideo
216 1599 239 1649 si
252 1599 276 1648 ei
295 1599 369 1664 quod
383 1609 423 1648 ost
438 1599 583 1661 Christum,
599 1599 626 1648 id
637 1610 676 1649 est

142 1679 264 1727 unctum,
294 1684 347 1717 non
373 1668 540 1718 addidissent
562 1670 675 1733 Regem,

144 1740 244 1789 Pilatus
261 1755 317 1788 non
339 1739 523 1790 intellexisset.
538 1740 589 1789 Sed
604 1739 676 1790 falsae

143 1822 220 1861 erant
240 1811 429 1861 accusationes.
446 1812 527 1862 Unde
538 1827 593 1862 non
609 1812 677 1862 bene

143 1883 267 1932 dicebant
293 1883 448 1945 invenimus,
467 1884 532 1949 quia
551 1884 624 1949 quod
652 1884 676 1934 ei

145 1953 319 2018 imponebant
341 1969 395 2002 non
424 1965 480 2003 erat
506 1954 547 2004 rei¹
571 1955 676 2013 veritas,

145 2024 192 2072 sed
217 2024 341 2072 lrumana:
360 2022 432 2072 fictio
461 2033 488 2073 et
513 2023 676 2075 adinventio.

145 2093 208 2142 Non
220 2093 292 2142 enim
307 2093 438 2142 subvertit
451 2104 558 2158 gentem
572 2095 677 2160 aLege,

146 2165 213 2230 <pria
223 2180 276 2215 non
291 2165 362 2215 uertit
384 2165 490 2215 solvere
503 2167 610 2232 degon,
631 2169 679 2217 sed

146 2237 294 2302 adimplere
299 2255 310 2300 ,·
330 2253 379 2286 nec
394 2238 533 2302 subvertit,
548 2240 594 2288 sed
615 2255 679 2289 con-

145 2307 233 2366 vertit,
250 2323 320 2373 quos
334 2307 425 2357 docuit
439 2307 469 2356 in
487 2308 605 2359 veritate.
625 2310 681 2360 Nec

145 2377 288 2443 prohibuit
303 2378 404 2427 tributa
426 2378 524 2429 Caesari
545 2379 612 2440 dari,
633 2381 680 2430 sed

145 2449 214 2498 dixit
234 2466 247 2498 z.
260 2449 377 2500 Reddite
398 2465 458 2516 quae
481 2457 546 2501 sunt
558 2451 680 2502 Caesaris

146 2520 263 2579 Censori,
279 2527 307 2570 et
316 2536 378 2586 quae
389 2528 451 2572 sunt
462 2523 514 2572 Dei
525 2523 602 2586 Dao;
612 2524 680 2574 etli-

146 2591 193 2639 ber
207 2590 344 2651 atributa,
360 2607 395 2640 ne
409 2594 606 2654 scandalizaret,
624 2595 681 2645 sol-

145 2659 328 2709 uittn'butum
340 2676 388 2724 pro
402 2676 430 2711 se
440 2671 467 2712 et
483 2665 568 2714 Petro.
583 2665 682 2716 Dicens

147 2746 257 2797 quoque
284 2747 316 2781 se·
334 2731 478 2782 Christum·
499 2735 600 2800 Regem
614 2753 681 2801 esse,

145 2816 240 2853 verum
260 2802 340 2862 dixit,
362 2802 427 2852 licet
446 2819 561 2869 regnum
582 2806 609 2855 in
631 2807 683 2858 hoe

148 2873 252 2922 mundo
266 2872 364 2923 habere
374 2873 471 2935 nollet3
485 2875 620 2940 quianam
631 2878 683 2944 ipsi

147 2943 249 2993 vellent
268 2958 331 2993 eum
347 2958 438 3009 regem
456 2943 550 3006 iacere,
565 2946 643 3014 fugit,
658 2960 685 3000 et

150 3030 266 3080 regnum,
283 3015 393 3081 respuit.
406 3015 499 3081 Igitur,
508 3027 540 3067 ut
547 3018 584 3069 ait
597 3021 683 3082 Beda,

149 3097 299 3152 argutmtur
319 3087 464 3153 irnpietatis
484 3089 585 3151 Judaei,
612 3094 685 3158 quod

150 3160 498 3220 accusantesSalvatorem,
507 3170 535 3211 et
547 3160 615 3212 falso
629 3163 687 3228 qui-

151 3229 223 3288 dem,
245 3246 298 3280 nec.
316 3231 420 3297 aliquid
444 3234 591 3285 uerisimile
612 3237 685 3301 quod

152 3298 176 3347 ei
201 3300 316 3365 objicere
341 3301 447 3366 possint
472 3303 623 3356 inueniunt.
647 3306 686 3356 De

151 3370 238 3435 prima
258 3372 343 3438 igitur
362 3377 541 3438 accusatione,
558 3387 686 3445 tanquam

149 3440 244 3491 trivola
268 3455 294 3492 et
320 3445 354 3493 ad
383 3459 449 3494 eum
469 3462 525 3497 non
552 3460 688 3514 spectante

149 3511 252 3561 Pilatus
272 3529 369 3578 parum
389 3516 508 3578 curabat,
524 3519 590 3584 quia
612 3521 693 3570 enim.

148 3592 208 3632 enat
219 3584 307 3635 homo.
318 3586 443 3647 Gentilis,
459 3604 519 3640 noir
531 3593 643 3643 curabat
654 3594 693 3643 de.

148 3655 337 3708 observatione
357 3673 409 3708 seu
422 3659 569 3713 uiolatione
584 3665 687 3715 mosai-

150 3741 188 3776 cae
214 3727 306 3794 Legis;
332 3739 358 3779 et
382 3731 528 3782 secundam
557 3745 687 3802 tanquam

151 3795 252 3846 falsam.
268 3808 295 3849 et
314 3800 478 3852 mendosam
494 3803 688 3870 parvipendens

430 199 606 252 SECUNDAE
622 196 746 247 PARTIS
759 197 877 249 CAPUT
891 198 957 249 LXI.

722 313 826 363 nullam
848 314 996 378 reputabat,
1021 312 1086 376 quia
1112 310 1183 361 forte
1210 324 1259 377 per

722 383 911 434 revelationem
926 383 1145 433 audieratlesum
1156 381 1259 435 diune
1305 388 1307 399 '

722 453 866 518 aliquando
882 470 888 503 ι
904 453 1019 504 Reddite
1039 467 1099 518 quae
1115 458 1180 503 sunt
1196 452 1259 503 coes

724 524 798 573 saris
827 523 942 585 Caesari,
972 530 998 573 et
1026 538 1085 589 quoe
1116 529 1181 573 sunt
1207 523 1259 575 Dei

724 594 783 644 Deo
788 610 798 655 ;
813 594 885 644 unde
898 594 996 644 transit
1010 595 1043 644 ad
1064 594 1183 654 tertiam,
1199 608 1259 659 quie

724 666 812 732 magis
828 667 953 733 tangebat
968 682 1040 728 eum,
1061 677 1087 716 et
1103 667 1259 718 Romanum

724 737 879 802 imperium,
895 746 922 787 et
936 737 1078 788 videbatur
1091 748 1186 788 contra
1202 738 1259 795 Im·-

726 809 862 876 peratoris-
879 809 1031 872 honorem,
1057 809 1159 861 scilicet
1185 812 1258 877 quod

727 882 831 933 dicebat
858 896 889 932 se
914 897 973 932 esse
996 882 1140 945 christun,
1167 882 1197 933 i'd
1220 892 1260 933 est

727 963 847 1012 unctum,
868 953 925 1003 sive
942 954 1055 1019 Regem,
1075 969 1142 1003 nam·
1158 953 1260 1004 directe

726 1033 818 1074 contra
837 1024 1028 1088 Imperatorem
1042 1033 1097 1074 erat
1116 1024 1260 1090 quodni?-

727 1095 790 1161 quis
810 1108 839 1144 se
856 1109 917 1144 esse·
933 1109 1023 1159 regem
1038 1094 1201 1145 ludaeorum
1216 1096 1260 1147 dii·

728 1174 806 1225 ceret,
826 1164 874 1231 qui
894 1164 1049 1229 Imperatori
1067 1166 1192 1216 Romano
1211 1166 1261 1217 snb

728 1236 832 1286 tributo
852 1236 880 1285 in
895 1234 1004 1300 signum
1019 1236 1262 1300 subjectionis-sm

727 1308 844 1360 viebant.
859 1310 970 1374 Propter
986 1309 1060 1374 quod
1074 1309 1197 1360 Romani·
1211 1325 1262 1361 no·

729 1397 790 1432 men
812 1381 916 1447 regium
933 1381 967 1430 ab
986 1381 1029 1430 eis
1044 1381 1220 1444 abstulerant,
1233 1392 1263 1433 ut

728 1469 822 1504 eorum
837 1453 996 1519 superbiam
1004 1453 1166 1519 frangerent,
1178 1464 1262 1506 etr&

730 1524 849 1574 bellandi
866 1524 1033 1574 occasionem
1050 1526 1185 1576 tollerent:

764 1613 801 1647 10-
813 1598 879 1657 Quo·
906 1613 987 1648 sensu
1017 1613 1126 1648 nsanos
1151 1599 1262 1650 Cantent

730 1684 783 1718 uon
803 1683 851 1716 esa
867 1685 901 1717 na
921 1684 972 1718 aon
994 1684 1095 1718 nunno.
1112 1697 1143 1707 —
1164 1670 1201 1720 Et
1217 1669 1263 1720 iu-

729 1749 803 1788 trans
815 1738 925 1788 Pilatus
944 1739 974 1788 in
989 1739 1159 1803 pretorium,
1174 1748 1207 1791 ut
1225 1740 1262 1790 ibi

730 1809 871 1859 ilhristum
891 1809 978 1874 magis
996 1809 1105 1874 pacifice
1123 1821 1150 1861 et
1167 1811 1264 1878 exqui-

729 1882 779 1930 site
796 1881 960 1932 examinaret
979 1892 1053 1932 extra
1072 1884 1223 1934 tumultum
1239 1894 1264 1934 et

728 1951 872 2016 strepitum
889 1951 902 2000 J
906 1952 1052 2012 udaeorum,
1073 1953 1125 2019 qui·
1139 1969 1197 2004 non
1215 1970 1265 2005 au·

730 2023 829 2072 debant
847 2022 946 2072 intrare
962 2023 1135 2088 praetorium,
1147 2026 1265 2091 interro·

731 2095 893 2160 gaviteum,
905 2095 996 2145 dicens
1010 2111 1018 2143 .·
1035 2096 1077 2145 Tu
1090 2110 1122 2146 es
1133 2098 1199 2148 Rex
1214 2098 1266 2149 Ju-

733 2165 880 2217 daeorunr?
906 2167 989 2225 Quasi
1015 2167 1115 2218 diceret
1146 2185 1153 2218 ε
1186 2170 1267 2220 Estne

732 2239 784 2288 hoc
812 2252 905 2287 verum
932 2238 1004 2303 quod
1026 2239 1077 2288 tibi
1101 2239 1267 2305 imponitur,

733 2309 834 2359 scilicet
863 2309 936 2374 quod
968 2309 1039 2360 velis
1063 2310 1114 2360 tibi
1138 2326 1269 2377 usurpare

732 2396 854 2446 regnum,
875 2380 916 2430 vel
936 2381 1009 2447 quod
1030 2382 1069 2431 sis
1082 2383 1139 2432 Rea
1158 2383 1269 2434 Judaeo-

733 2467 804 2510 rum,
819 2451 968 2501 secundum
989 2453 1063 2517 quod
1084 2452 1267 2505 aemmantte't

734 2522 877 2581 Quoerebat
889 2532 984 2571 utrum.
998 2532 1067 2572 esset
1084 2538 1130 2573 rex
1148 2524 1182 2573 de
1202 2524 1267 2589 jure,

735 2595 800 2661 quia
818 2596 852 2645 de
868 2595 936 2645 facto
959 2595 1099 2645 constabat
1118 2595 1211 2661 ipsum
1224 2611 1268 2647 te-

735 2682 797 2731 gem
811 2681 865 2714 non
882 2681 949 2715 esse.
965 2667 1006 2725 E't,
1021 2667 1168 2716 secundum
1186 2666 1270 2718 Theo

734 2737 851 2802 plu'lum,
877 2737 928 2786 hoc
954 2736 1129 2803 interrogavit
1160 2737 1269 2798 Pilatus,

737 2817 922 2872 contemptum
936 2809 1032 2873 objecti
1047 2808 1170 2858 criminis
1185 2819 1212 2860 et
1225 2824 1271 2861 ac-

737 2879 1062 2930 cusationemludaeorum
1070 2881 1272 2932 subsannando.

739 2952 823 3013 Quasi
836 2953 954 3003 diceret:
968 2954 1011 3004 Tu
1026 2969 1136 3019 pauper,
1145 2954 1272 3017 humilis,

739 3023 837 3082 nudus,
850 3023 892 3073 cui
907 3025 1003 3074 nullus
1012 3026 1127 3090 adjutor,
1140 3026 1273 3077 &cumnis

739 3096 772 3145 de
795 3093 872 3160 regni
888 3095 1046 3156 ambitione,
1065 3095 1099 3144 ad
1117 3097 1196 3162 quod
1207 3110 1275 3163 opus

739 3176 781 3216 est
798 3165 948 3215 multorum
967 3167 1120 3230 adjutorum
1146 3176 1176 3216 et
1197 3181 1274 3218 mm-

741 3247 847 3301 ptuum.
872 3236 914 3299 Et,
942 3237 1083 3301 respondit
1111 3237 1196 3287 Jesus
1219 3239 1274 3289 rai

741 3309 880 3374 temetipso
902 3309 953 3358 hoc
971 3310 1049 3372 dicis,
1069 3310 1121 3360 hoc
1140 3319 1183 3360 est
1202 3309 1276 3377 quod

741 3388 771 3429 tu
794 3378 921 3439 aestimes,
936 3379 986 3446 qui
1008 3396 1149 3447 nunquam
1170 3397 1217 3433 me
1233 3382 1277 3434 vi·

741 3449 805 3499 disti
822 3449 926 3499 talibus
936 3450 1073 3502 intendere
1081 3469 1092 3516 ς
1106 3467 1144 3502 an
1161 3453 1215 3503 olii
1230 3452 1278 3504 nti

742 3522 872 3572 dixerunt
893 3522 925 3572 de
944 3524 1008 3574 mei
1022 3525 1055 3574 Et
1069 3534 1134 3574 tuna
1148 3536 1279 3590 cognosce

720 3614 723 3619 ¹
742 3591 857 3642 radicem
883 3593 964 3654 dicti,
984 3610 1019 3644 er
1036 3610 1091 3660 quo
1112 3595 1224 3645 nullum
1238 3593 1280 3645 si·

742 3678 827 3728 gnum
847 3663 914 3714 talia-
926 3665 1105 3715 accusationis
1122 3665 1151 3715 in
1171 3680 1217 3717 me
1229 3680 1282 3716 m-

720 3770 723 3775 ·
742 3751 824 3801 quam
846 3737 948 3788 vidisti.
969 3738 1126 3803 Respondit·
1140 3739 1252 3789 Piketia
1271 3752 1281 3789 t

744 3807 882 3874 Numquid
897 3822 949 3874 ego
962 3809 1076 3860 Judaeus
1096 3809 1184 3860 sum?
1197 3810 1280 3871 Quasi
