2626 4328
203 249 250 300 DE
267 249 431 302 SECUNDO
448 248 715 313 COMPLETORIO,
732 251 768 303 IN
789 251 957 304 PASSIONE
970 252 1097 305 DOMINI
1161 255 1212 322 627
1274 239 1278 244 ’

507 709 675 780 CAPUT
703 710 816 779 LXVI

198 986 251 1058 De
273 989 420 1058 secundo
441 988 691 1080 Complatorio,
714 989 751 1058 in
771 990 940 1059 Passione
957 992 1114 1064 Domini.

316 1237 458 1300 Matthaei
473 1258 545 1320 cap.
565 1258 617 1324 27,
633 1237 734 1300 Marci
753 1257 820 1320 cap.
849 1241 898 1314 15,
917 1239 1011 1301 Lucae

403 1364 471 1427 cap.
488 1347 527 1407 23
549 1356 579 1406 et
599 1343 731 1407 ioannis
751 1364 823 1426 cap.
849 1366 902 1427 19.

130 1608 139 1641 1
158 1593 307 1641 inunotrun
328 1606 362 1640 nr
381 1591 630 1641 ruvonv1run‘coa·

91 1678 142 1713 aus
161 1662 282 1712 Camsm.
308 1689 338 1698 -
364 1662 437 1711 Hora
462 1661 629 1727 completorii

90 1732 226 1799 cogitabis
249 1732 392 1782 dolorosus
410 1742 436 1782 et
450 1732 544 1792 tristis,
560 1748 630 1799 qua-

91 1805 165 1869 liter,
185 1805 309 1855 tardante
336 1805 411 1864 hora,
427 1814 502 1871 rogat
514 1806 630 1855 Joannes

91 1876 256 1938 Dominam,
282 1884 312 1924 ut
333 1875 470 1940 permittat
492 1875 576 1939 aptari
603 1885 630 1925 et

92 1943 204 2012 sepeliri
219 1959 317 2009 corpus
332 1944 443 1993 Domini
467 1943 561 2008 nostri,
579 1959 630 1994 an-

94 2026 207 2084 tequam
232 2016 311 2067 intret
331 2016 495 2077 sabbatum,
517 2017 546 2066 in
574 2033 629 2083 quo

95 2105 153 2140 non
168 2089 231 2139 licet
244 2088 307 2138 talia
324 2089 438 2153 operari,
463 2099 488 2139 et
501 2105 533 2140 eo
556 2090 629 2155 quod

94 2169 208 2227 propter
245 2159 358 2209 nimiam
389 2175 493 2209 moram
520 2170 630 2225 possent

93 2246 110 2281 a
137 2230 240 2281 Judaeis
269 2229 323 2295 pati
354 2230 525 2281 calumniam.
555 2230 630 2280 Tan-

92 2301 157 2351 dem
192 2299 311 2350 Domina
341 2309 470 2366 tanquam
499 2310 573 2366 grata
605 2308 630 2349 et

94 2370 225 2435 discreta,
257 2379 282 2420 et
321 2369 442 2435 cogitans
476 2371 548 2437 quod
577 2369 629 2435 ipsi

93 2442 193 2493 ioanni
225 2451 295 2492 esset
336 2457 383 2506 per
414 2442 516 2492 Filium
553 2458 630 2493 com-

95 2514 200 2576 missa,
228 2513 345 2579 amplius
383 2515 542 2566 contendere
578 2529 631 2564 no·

95 2587 158 2648 luit,
171 2603 201 2638 ac
215 2587 325 2653 signans
347 2597 372 2638 et
396 2587 555 2638 benedicens
569 2602 631 2637 cor—

96 2674 160 2725 pus,
179 2667 210 2709 ut
239 2658 365 2709 volebant
387 2659 471 2723 aptari
500 2659 631 2726 permisit.

95 2731 177 2780 Tunc
192 2739 329 2780 unxerunt
343 2745 449 2795 corpus,
472 2736 498 2780 et
512 2730 632 2781 involve-

95 2808 162 2853 runt
175 2802 245 2853 iliud
262 2802 288 2853 in
304 2803 415 2854 sindone
430 2803 537 2865 mtotda,
549 2819 631 2870 quam

94 2873 198 2938 loseph
222 2883 337 2937 emerat3
355 2879 381 2924 et
395 2873 550 2938 ligaverunt
564 2874 632 2924 iilud

95 2944 189 2996 linteis
207 2945 287 2995 etiam
304 2945 375 3006 aliis,
392 2945 510 2996 scilicet:
524 2945 631 2996 sudario

95 3019 171 3084 quod
195 3017 275 3083 capiti
295 3019 482 3078 adhibebatur,
498 3028 524 3068 et
551 3017 632 3068 insti-

96 3089 135 3139 tis
150 3104 198 3138 seu
211 3087 311 3150 fasciis,
325 3089 426 3154 quibus
439 3098 526 3140 totum
537 3104 634 3155 corpus

96 3157 275 3224 alligabatur3
296 3174 358 3225 quae
376 3159 469 3209 omnia
494 3159 574 3210 etiam
601 3160 633 3210 de

96 3231 158 3283 lino
171 3242 258 3292 erant,
274 3241 309 3293 et,
324 3242 354 3282 ut
373 3232 500 3293 creditur,
517 3232 634 3283 Nicode-

98 3317 164 3352 mus
180 3304 316 3366 attulerat;
341 3318 371 3354 ac
394 3302 550 3354 etiamtum
568 3317 634 3354 aro·

96 3371 227 3435 mationa,
243 3372 315 3424 sicut
330 3387 392 3424 mos
407 3379 447 3423 est
468 3373 576 3424 Judaeis
589 3386 634 3422 se-

93 3442 186 3510 pelire
201 3442 303 3493 scilicet
315 3457 442 3508 personas
451 3441 616 3494 venerabiles
628 3459 635 3492 ι

96 3515 152 3565 hoc
176 3513 251 3564 enim
277 3524 436 3580 acceperunt
464 3529 480 3566 a
514 3513 636 3581 patribus

96 3586 158 3638 suis
172 3596 200 3638 et
225 3586 390 3637 senioribus.
416 3587 530 3638 Domina
546 3597 636 3637 tamen

96 3671 209 3724 semper
222 3658 330 3709 tenebat
343 3668 424 3723 caput
437 3658 524 3724 ipsius
538 3657 567 3708 in
582 3673 638 3724 gre·

99 3727 159 3778 mio
190 3743 259 3790 suo,
297 3729 369 3795 quod
409 3728 461 3779 sibi
496 3728 639 3780 reservavit

97 3803 262 3868 aptandum;
273 3814 300 3853 et
312 3803 466 3869 Magdalena
477 3803 556 3869 pedes
569 3803 639 3868 apud
656 3860 658 3864 ¹

97 3892 173 3943 quos
188 3876 401 3931 misericordiam
422 3887 463 3929 est
482 3887 640 3940 consecuta,

683 1592 790 1642 tandem
807 1608 870 1643 vero
891 1594 1045 1658 Magdaiena
1073 1596 1154 1661 pedes
1175 1597 1216 1648 la·

684 1664 784 1730 erynnis
796 1663 895 1730 rigatos
907 1664 1000 1716 devote
1012 1667 1149 1732 abstergit,
1163 1683 1216 1719 am-

684 1735 814 1799 piexatun
844 1735 986 1795 osculatur,
1010 1747 1035 1787 et
1056 1736 1177 1798 involvit,
1192 1749 1217 1790 et

684 1814 757 1869 aptat
769 1804 891 1864 fideliter,
906 1821 988 1871 quam
1014 1807 1111 1858 melius
1133 1808 1216 1859 novit.

684 1876 728 1926 Sic
753 1892 826 1942 ergo,
851 1886 941 1943 aptato
961 1878 1066 1944 reliquo
1095 1895 1215 1946 corpore,

684 1947 832 2013 respiciunt
864 1949 897 1998 ad
926 1948 1081 2013 Dominam,
1106 1961 1135 2001 ut
1161 1952 1218 2019 ipsa

683 2018 829 2084 compleat;
848 2029 874 2070 et
888 2035 983 2070 omnes
998 2021 1135 2087 planctum
1151 2023 1218 2073 rein·

684 2091 796 2157 cipiunt.
818 2093 921 2143 Omnes
946 2092 1019 2142 enim
1045 2094 1083 2143 sic
1103 2094 1216 2144 amaris-

684 2163 753 2213 sime
772 2163 881 2223 flebant,
903 2174 933 2214 ut
944 2163 990 2214 vix
1008 2165 1153 2230 quisquam
1168 2180 1216 2214 eo-

684 2251 745 2285 rum
756 2237 829 2301 loqui
845 2247 944 2302 posset.
960 2235 1093 2286 Videbant
1105 2237 1217 2287 Matrem

685 2305 761 2355 omni
791 2306 886 2356 solatio
909 2306 1079 2368 destitutam
1095 2316 1121 2356 et
1136 2321 1217 2372 super

685 2376 757 2425 iilam
800 2377 899 2427 dabant
928 2377 1019 2442 potius
1058 2378 1216 2442 planctum,

685 2461 768 2512 quam
791 2462 872 2512 super
894 2447 1055 2497 exstinctum
1069 2447 1218 2498 Dominum

684 2531 775 2566 suum.
802 2516 932 2582 Reincipe
946 2516 1028 2567 etiam
1043 2527 1069 2567 et
1088 2528 1117 2567 tu
1136 2517 1215 2583 plan-

686 2595 770 2646 ctum,
786 2586 809 2637 si
824 2586 893 2636 forte
902 2586 1042 2638 dimiseras
1055 2603 1127 2638 eum.
1140 2589 1218 2638 Tunc

685 2656 801 2708 Domina
827 2657 921 2708 videns
939 2657 1011 2724 quod
1031 2657 1149 2724 amplius
1163 2657 1220 2708 dif-

686 2729 754 2781 ferre
770 2747 824 2781 non
840 2730 934 2796 possit,
948 2731 1026 2797 ponit
1040 2732 1145 2782 vultum
1171 2747 1220 2781 su-

686 2817 734 2867 per
759 2800 854 2852 faciem
877 2801 949 2857 Filii,
970 2813 997 2852 et
1010 2816 1042 2851 ex
1062 2801 1220 2851 inundantia

687 2874 866 2938 lacrymarum
886 2872 974 2922 multo
998 2875 1084 2937 magis
1101 2871 1165 2921 lavit
1178 2870 1190 2919 f
1204 2897 1219 2908 ·

687 2943 775 3003 ciem,
812 2959 894 3010 quam
932 2942 1088 3008 Magdaiena
1123 2941 1219 3006 pedes;

687 3013 815 3080 abstergit
839 3024 929 3063 autem
955 3024 982 3062 et
1005 3011 1163 3062 deosculans
1190 3027 1221 3062 os

687 3085 755 3150 ejus,
770 3084 799 3133 in
815 3085 932 3150 quodam
951 3081 1060 3132 sudario
1074 3081 1220 3148 ipsumin-

687 3154 780 3214 volvit,
802 3165 828 3204 et
844 3153 988 3219 diligenter
1007 3160 1088 3218 aptat,
1106 3152 1221 3202 iterum·
1291 3188 1296 3205 1

689 3242 742 3295 que
769 3225 901 3277 benedicit
922 3241 994 3288 eum,
1017 3235 1043 3275 et
1070 3224 1165 3290 signat.
1189 3225 1222 3276 Et

689 3308 753 3348 tunc
769 3312 865 3347 omnes
877 3297 1028 3358 adorantes,
1049 3294 1125 3344 flexis
1142 3294 1221 3361 geni-

690 3373 749 3432 bus,
765 3381 792 3422 et
814 3372 895 3438 pedes
915 3371 972 3436 ejus
995 3369 1223 3430 osculantesac-

690 3443 794 3509 cipiunt
818 3451 844 3493 et
866 3450 974 3508 portant
993 3455 1055 3490 eum
1074 3441 1106 3490 ad
1121 3455 1223 3490 monu-

692 3523 826 3574 mentum,
850 3513 923 3579 quod
949 3527 965 3562 a
987 3521 1077 3563 monte
1097 3510 1224 3562 Caivariae

692 3586 773 3636 distat
799 3586 923 3652 passibus
937 3583 1151 3651 quinquaginta:
1168 3583 1223 3632 Do-

693 3658 768 3709 mina
786 3659 893 3710 tenebat
917 3667 1005 3725 caput,
1019 3668 1045 3708 et
1068 3655 1224 3722 Magdalena

693 3730 789 3796 pedes;
805 3729 903 3797 reliqui
917 3745 980 3780 vero
994 3738 1070 3780 erant
1081 3727 1109 3777 in
1124 3725 1223 3775 medio.

695 3803 773 3855 Unde
796 3804 958 3856 AnseImus:
973 3821 987 3850 a
1001 3804 1118 3869 Sequere
1140 3807 1169 3849 et
1194 3805 1223 3847 tu

695 3875 921 3944 pretiosissimum
936 3874 997 3927 coeli
1018 3881 1149 3936 terraeque
1162 3866 1224 3918 the-
