2626 4328
375 221 596 289 oenomaus
611 221 778 281 rasarone
792 226 935 282 nonius..
968 272 976 282 .
1046 218 1050 225 ’

93 358 201 402 motam
226 345 343 399 luissent
362 342 463 410 operati
487 342 625 397 nudatam

91 419 179 472 deaie
189 417 332 482 diligenter
341 414 535 467 ratiocinantur
548 413 620 468 tEx

92 489 217 545 colantes
235 488 368 548 culicem,
387 486 516 538 annulum
539 491 631 538 autem,

91 559 249 627 glutientes.
263 556 491 625 appropinquant
497 570 563 623 erga
576 554 627 621 ipsi

93 630 195 685 armati
210 645 273 682 cum
288 627 379 681 furore
394 637 421 680 et
433 624 550 691 strepitu
567 640 627 678 ma-

93 719 172 770 gna,
194 712 222 753 et
244 701 365 754 uidentes
393 699 509 751 latrones
538 697 626 751 adhuc

91 775 196 832 vivere,
212 771 341 839 frangunt
363 768 403 821 eis
415 784 501 829 crura,
514 777 541 822 et
554 767 629 821 occi-

91 846 168 899 dunt
185 857 216 895 ac
235 843 385 907 deponunt.
405 850 430 890 et
458 839 487 891 in
509 838 631 909 aliquam

90 916 200 969 foueam
212 913 387 981 projiciendo,
402 926 435 963 ne
449 912 629 977 oleanasepe·

90 989 174 1040 liunt
187 987 250 1039 Duo
262 985 363 1037 milites
374 982 526 1052 fregerunt
544 994 628 1035 nuta

90 1059 177 1113 unius
193 1057 316 1116 latronis,
339 1066 365 1107 et
378 1058 432 1106 duo
455 1053 586 1116 alterium
602 1060 628 1101 et

92 1129 133 1183 sic
157 1128 241 1181 simul
265 1136 396 1179 venerunt
410 1126 448 1178 aa
468 1127 559 1178 lesum
581 1121 633 1191 qui.

92 1210 151 1255 erat
171 1200 287 1253 medius.

137 1290 170 1330 12
197 1275 250 1328 Sao
286 1273 394 1325 Canrsrr
424 1285 514 1323 rarus.
534 1285 629 1322 uam-

92 1362 159 1400 rtnt.
182 1373 213 1387 ω
242 1343 428 1396 Redeuntibus
452 1352 545 1393 autem-
573 1339 629 1392 illis

92 1414 360 1472 versus.Dominum,
376 1419 404 1465 at
425 1413 547 1463 viderunt
570 1425 627 1464 eum

86 1490 150 1555 jam
168 1493 306 1541 mortuum
324 1503 333 1535 .·
353 1500 387 1535 eo
404 1483 478 1550 quod
494 1482 628 1535 acerbiora

93 1557 230 1627 supplicia
246 1571 327 1622 quam
347 1555 470 1605 latrones.
484 1552 628 1621 pertulerat

92 1632 137 1685 tcl
150 1630 221 1701 quia.
237 1628 307 1681 fonte
321 1639 382 1679 ante
397 1626 467 1677 alios
480 1640 627 1693 suspensus

94 1702 156 1763 fuit,
185 1702 228 1753 vel
251 1699 315 1766 quia
333 1704 493 1767 potestatem
510 1695 628 1765 ponendi

93 1774 214 1827 animam
227 1786 303 1824 utam
326 1769 436 1832 habui13
457 1783 508 1819 non
523 1767 626 1836 frage-

93 1849 163 1902 rttttt'
175 1845 236 1912 ejus
246 1856 335 1902 crura,
354 1840 417 1908 quia
436 1839 487 1890 hoc
508 1854 564 1890 non
584 1837 628 1890 fie-

95 1919 150 1977 bat,
163 1915 218 1970 nisi
234 1913 266 1965 ad
287 1913 338 1964 hoc
354 1911 427 1978 quod
442 1911 556 1963 evadere.
572 1925 627 1962 non

94 1996 206 2055 possent
220 1983 334 2050 depositi
346 1985 378 2034 de
394 1981 629 2051 patibulis‚;utim·

92 2062 216 2127 piaretur
230 2056 400 2111 consecutive
410 2055 563 2121 Scriptura,
575 2069 629 2120 qua

94 2135 200 2191 dieitur·
215 2132 243 2183 in
263 2131 355 2183 Exodo
371 2146 377 2179 ι
392 2130 430 2181 Os
447 2144 499 2181 aon
520 2128 629 2182 conane}

94 2206 182 2262 tractis
202 2218 239 2255 ex
260 2216 299 2261 eo,
319 2200 436 2260 scilicet,
452 2215 482 2253 ex
506 2198 627 2252 Paschali

95 2291 174 2342 agno,
191 2273 347 2340 quiverunt
362 2272 470 2336 agnum
482 2270 544 2329 Det„
553 2269 628 2321 scili.-

95 2355 135 2400 cet
160 2344 323 2403 Christum,
350 2339 558 2407 praefigurabat„
580 2339 627 2406 qui

96 2425 221 2469 moratus
239 2415 293 2479 iam
312 2422 404 2463 coctus
424 2411 456 2460 ad
471 2427 550 2464 esum
562 2409 628 2464 fide-

97 2487 163 2541 lium
186 2495 252 2539 erat.
276 2485 336 2538 ldeo
366 2482 440 2535 enim
462 2481 628 2536 ordinatione

97 2557 192 2611 ataine.
204 2556 380 2609 constitutum
396 2563 437 2603 est
448 2563 478 2605 ut
492 2568 552 2607 ossa
565 2554 627 2620 agni

99 2629 233 2680 Paschalis
255 2643 311 2676 non
339 2625 535 2692 frangerentur,
564 2625 631 2692 quia>

98 2700 156 2755 teti.
167 2699 240 2767 Agni
255 2712 316 2749 ossa
337 2696 363 2748 in
383 2711 464 2749 cruce.
478 2694 559 2749 fracta
572 2711 627 2747 non

98 2779 167 2835 sunt,
179 2780 212 2824 ut
223 2769 264 2824 sic
277 2768 362 2834 ligura
375 2779 401 2819 et
414 2767 511 2820 veritas
524 2782 628 2820 corres-

98 2845 255 2910 pondetent.
281 2841 337 2895 Sed
363 2850 393 2891 ut
421 2839 629 2893 certificatentur

99 2917 130 2971 dt
143 2924 233 2970 morte
253 2913 321 2977 ejus,
338 2926 405 2963 untes
419 2912 545 2976 militem,
553 2913 630 2965 Lon-

99 2989 187 3061 gituus
199 2988 320 3045 nomine,
340 2995 404 3037 tunc
424 2985 527 3049 impius
539 2994 567 3039 at
582 3001 629 3036 su-

99 3065 216 3128 perbus,
247 3071 308 3127 post
336 3074 400 3110 vero
431 3073 575 3110 conversus
604 3067 631 3109 et

99 3135 199 3201 llartyr
222 3133 316 3192 factus,
341 3130 482 3196 porrigens
512 3130 631 3183 lanceam

99 3205 131 3258 de
141 3205 232 3270 longe,
247 3218 354 3255 sacrum
379 3202 449 3251 latus
471 3201 541 3267 ejus,
555 3201 630 3254 scili-

98 3283 140 3327 cet
155 3273 269 3327 Domini
290 3273 353 3324 lesu
374 3273 500 3323 dextrum
520 3271 631 3324 vulnere

98 3346 193 3411 grandi
211 3345 319 3410 aperuit
339 3361 347 3394 s
367 3349 396 3396 ut
408 3344 562 3409 impleretur
574 3343 631 3393 alia

96 3415 252 3482 Scriptura,
265 3429 320 3479 qua
336 3429 382 3477 per
394 3413 552 3466 Zachaniam
561 3413 631 3465 dici-

96 3498 156 3550 tut3
187 3487 313 3539 videbunt
337 3487 363 3536 in
383 3501 457 3551 quem
482 3486 632 3551 transfixa-

96 3565 180 3623 rtmt,·
201 3559 230 3613 in
246 3574 300 3624 qua
319 3558 468 3622 prophetia,
484 3558 632 3609 secundum

94 3630 295 3696 Augustinum,
318 3627 469 3694 promissus
489 3637 530 3679 est
550 3627 638 3679 Chri--

95 3710 158 3753 stus
174 3701 202 3751 in
217 3716 246 3753 ea
265 3716 319 3766 qua
341 3699 481 3751 crucifixus
502 3709 542 3750 est
555 3714 632 3751 carne

95 3786 240 3831 venturus.
256 3776 288 3826 Et
309 3785 371 3825 nota
386 3775 459 3840 quod
483 3774 534 3827 iste
553 3773 631 3827 milet

94 3848 164 3904 feeit
185 3847 237 3903 hoc
249 3848 282 3899 ad
297 3846 517 3913 complacentiam
528 3845 632 3899 ludaeos

1157 224 1208 275 613

681 357 752 405 rum,
766 343 800 396 de
831 351 918 396 morte
944 341 1049 396 Christi
1071 343 1209 397 certificari

680 411 843 469 volentium..
860 413 891 465 ln
912 413 1060 479 quaenam
1080 426 1151 480 patet
1163 418 1208 470 ni-

681 483 737 534 mia
749 483 871 548 ipsorum
893 483 1045 549 crudelitas,
1067 486 1207 551 quianon

680 554 767 608 satiati
775 556 861 624 poenis
867 570 934 620 quas
947 555 1162 610 Christoviventi
1171 560 1208 611 in·

680 625 810 687 fluerunt,
823 628 904 681 etiam
919 639 1055 697 mortuum
1068 632 1208 685 tulnerare

681 699 772 751 conati
787 709 860 752 suat.
875 699 919 750 Sic
935 710 961 753 et
975 700 1056 751 hodie
1065 701 1204 756 Christum

680 772 763 826 semel
782 771 941 826 crucifixum
969 784 1081 824 conatur
1113 791 1211 829 rursus

679 845 835 902 vulnerare,
850 843 896 909 qui
916 843 980 894 sine:
989 843 1085 896 timore
1099 862 1206 911 peccare

680 914 829 980 praesumit,
842 914 883 966 vel
899 915 932 965 de
946 926 1051 980 peceato
1063 932 1091 968 se
1102 919 1205 984 jactate.

680 986 758 1039 Unda
787 984 976 1053 Theophilus:
999 1005 1013 1034 a
1033 988 1070 1040 Ut
1108 989 1216 1043 Judaeis·

679 1061 876 1141 cpmplaceant,
900 1060 1022 1114 lanceant
1056 1065 1205 1127 Christum,

679 1146 748 1183 circa
775 1146 871 1196 corpus
894 1132 1015 1183 exanime
1031 1139 1210 1191 contumelias

680 1201 833 1252 inferentes.
854 1221 868 1249 n
889 1202 966 1256 Unde
991 1212 1017 1254 et
1040 1204 1211 1273 Chrysam.

680 1288 739 1327 mast
754 1291 763 1324 :
781 1291 795 1320 a
816 1274 982 1338 Apetuctant
1018 1275 1080 1339 ejus
1107 1289 1207 1330 costam

680 1345 781 1403 lancea,
797 1353 904 1395 mortuo
916 1345 1021 1409 corpori
1044 1346 1077 1397 de
1102 1347 1211 1414 reliquo.

680 1415 870 1474 convitiantes,
888 1430 950 1468 nam
974 1416 1045 1467 etin
1068 1429 1206 1472 mortuum

679 1485 818 1538 convitiari
842 1501 938 1550 corpus
966 1485 1096 1548 militem,
1121 1490 1209 1541 minito

680 1556 796 1608 deterius
811 1556 871 1619 fuit,
887 1573 968 1623 quant
984 1558 1113 1625 crucifigi.
1128 1579 1145 1606 »1
1154 1560 1208 1620 Qui

679 1639 770 1680 autent
794 1644 857 1681 eum
889 1629 1034 1689 lanceavit.
1059 1647 1124 1681 cum
1153 1631 1207 1683 fere

679 1702 837 1767 caligassent
846 1701 916 1755 oculi
930 1702 987 1765 eius
1001 1717 1058 1768 prae.
1065 1714 1207 1765 senectute,

679 1783 705 1823 et
720 1788 793 1833 casu,
809 1775 851 1825 val
867 1772 959 1839 potius
971 1783 1043 1826 nutu.
1053 1774 1156 1833 diuino,
1169 1775 1211 1826 si-

680 1854 724 1897 cut
738 1855 764 1896 et
774 1844 913 1904 lanceavit,
925 1845 988 1897 licet
1001 1845 1133 1904 nesciens,
1142 1861 1210 1898 san-

680 1919 766 1984 guine.
776 1917 877 1969 Christi
890 1932 937 1982 pet
949 1918 1066 1967 lanceam
1077 1917 1209 1970 defluente

680 1991 773 2043 oculos
778 1997 907 2055 tangeret,
915 1988 1044 2039 continuo
1055 1989 1124 2039 clare
1132 1989 1214 2048 vidm.

680 2071 708 2113 et
718 2059 839 2126 protinus
854 2058 1022 2111 illuminatus
1032 2058 1060 2107 in
1069 2057 1209 2110 Christum

680 2134 801 2199 credidit.
823 2133 898 2185 Unde
923 2141 951 2183 et
977 2131 1082 2181 militiae
1105 2134 1210 2192 cedens,

681 2206 828 2258 instructus
844 2204 877 2255 ab
892 2201 1041 2268 Apostolis,
1067 2201 1095 2253 in
1117 2203 1208 2255 Coeta·

681 2291 729 2326 rea.
739 2273 912 2340 Cappadociae
930 2272 1040 2337 triginta
1056 2272 1210 2324 octoannis

681 2347 868 2399 eremiticam
894 2343 977 2394 vitam
1003 2341 1094 2401 duxit,
1125 2352 1151 2393 et
1179 2343 1208 2395 in

681 2418 757 2472 omni
782 2416 918 2471 sanctitate
942 2428 1111 2478 permanens,
1126 2415 1213 2466 serbo

681 2501 707 2540 et
731 2489 852 2553 exemplo
881 2485 982 2537 multos
1008 2484 1041 2535 ad
1068 2483 1209 2535 Christum

681 2561 821 2613 convertit.
836 2561 875 2611 oe
889 2573 920 2608 eo
934 2572 1043 2623 quoque
1067 2557 1132 2609 dicit
1153 2559 1210 2610 lsi-

682 2633 793 2684 dorut:
819 2631 954 2680 «Lancea
973 2627 1114 2694 Longinus
1138 2629 1209 2680 latus

681 2702 824 2755 Salvatoris
846 2701 958 2766 aperuit,
973 2709 999 2750 et
1024 2715 1080 2749 non
1106 2708 1209 2751 tanturn

679 2773 787 2827 veniam
815 2771 934 2830 inuenit,
970 2770 1019 2820 sed*
1041 2769 1214 2835 episcopatus

680 2845 813 2897 honoaam
823 2853 850 2895 ct
864 2840 986 2906 martyrii·
998 2854 1126 2890 coronam
1141 2855 1206 2904 pro-

681 2917 788 2971 meruit.
804 2935 819 2963 n
836 2915 896 2965 Non
927 2911 1031 2963 suffecit
1054 2910 1154 2961 ludaeis
1183 2920 1210 2960 ct

681 2987 743 3039 aliis
767 2986 839 3052 quod
867 2983 1007 3035 Christum
1035 2979 1207 3039 occiderunt,

683 3059 729 3111 sed
743 3057 822 3108 etiam
833 3062 1017 3120 postmortem
1031 3048 1217 3099 diversimode

683 3127 841 3182 deriserunt.
859 3123 931 3174 Istud
950 3122 1015 3172 olim
1032 3120 1084 3171 fuit
1100 3120 1128 3169 in
1150 3120 1210 3169 nb-

683 3204 759 3254 salon
773 3208 977 3266 praeostensum,
1000 3209 1081 3260 quem
1095 3191 1213 3257 legimus

684 3274 713 3324 in
729 3273 829 3325 arbore
850 3281 1028 3331 suspensum
1050 3273 1078 3315 et
1099 3264 1217 3317 veniens.

683 3346 758 3404 Joab‚
774 3354 826 3394 tres
842 3343 944 3393 lanceas
956 3340 984 3389 in
1005 3338 1083 3389 corde
1098 3337 1157 3402 eius
1173 3335 1213 3386 fi-

684 3415 733 3475 xit,
750 3424 777 3465 et
791 3411 916 3477 armigeri
928 3411 993 3461 loab
1010 3408 1105 3475 gladiis
1120 3408 1211 3474 ipsum

684 3484 825 3537 crudeliter
842 3483 1005 3533 invaserunt.
1021 3479 1065 3530 Sic
1085 3488 1115 3530 ct
1129 3478 1213 3529 Chri-

685 3568 742 3610 stus
756 3557 784 3607 in
801 3571 877 3606 cruce
893 3557 981 3605 lancea
995 3553 1099 3614 militis,
1120 3562 1146 3603 et
1166 3552 1213 3601 in-

685 3644 765 3695 super
780 3627 868 3677 tribus
890 3624 999 3684 lanceis,
1017 3624 1099 3675 idest
1124 3622 1213 3672 tribus

685 3698 822 3751 doloribus
843 3706 883 3747 est
889 3694 1010 3747 confixus
1021 3712 1027 3744 :
1037 3685 1153 3761 quotun't
1162 3691 1220 3757 pri··

686 3786 761 3821 mum
776 3767 871 3820 habuit
886 3783 918 3816 ex
940 3767 1109 3833 propriarum
1127 3775 1215 3828 poena·

686 3859 746 3896 rum
769 3839 971 3908 magnitudine;
995 3837 1153 3895 secundum,
1181 3846 1216 3883 eu
