2626 4328
330 238 378 288 DE
392 237 517 297 sexta,
532 234 566 285 IN
584 233 754 286 Pnsstonl:
767 234 904 286 DOMINI.

55 358 171 412 taroer'n
191 356 304 415 Christi,
321 355 370 406 ubi
391 354 466 405 stetit
484 353 594 419 ligatus,

55 429 166 500 qmudo
187 427 389 494 preparabant
405 440 480 484 oux,
492 423 520 474 in
538 437 594 489 qua

54 501 169 552 debebat
188 497 273 564 affigi.
291 498 326 547 Et
345 506 408 546 nota
424 493 499 561 quod
514 493 593 544 Jeru-

56 575 140 625 salem
163 570 259 622 civitas
279 569 327 620 Dei
350 568 460 627 summi,
482 566 591 616 domina

55 643 162 703 mundi,
176 642 278 708 deque
292 641 440 690 dictasunt
456 647 481 688 et
493 637 591 687 dicun-

55 728 97 767 tur
113 714 247 782 gloriosa,
267 712 319 763 sita
332 722 373 761 est
390 709 418 760 in
437 707 531 759 declivi
549 709 592 757 ln-

55 800 109 839 tere
120 787 227 838 montis
237 784 380 851 dupliciter
393 791 437 832 :et
447 782 481 831 ab
491 782 592 830 Austro

54 858 180 909 videlieet
197 865 225 906 et
244 855 278 906 ab
296 854 451 905 Occidente.
469 851 511 901 nh
531 850 591 900 Au-

54 937 110 979 stro
125 926 242 995 quidem
259 925 311 975 sita
327 933 368 975 est
383 923 410 973 in
423 925 504 973 latere
515 935 592 970 mon·

55 998 89 1049 tis
98 998 179 1058 Sion,
189 1007 217 1047 et
228 996 290 1046 inde
303 993 438 1045 descendit
449 991 592 1058 longitudo

54 1072 111 1137 ejus
124 1080 222 1121 eontm
238 1068 413 1134 Aquilonem3
427 1076 454 1116 et
467 1066 500 1116 ab
516 1063 593 1115 Occi·

54 1142 135 1193 dente
158 1141 241 1192 habet
260 1151 378 1190 montem
398 1139 473 1197 Sion,
492 1145 519 1186 et
541 1136 591 1186 de-

54 1213 153 1279 pendet
167 1211 204 1261 ab
221 1210 281 1276 ipso
296 1209 353 1273 ejus
366 1209 480 1261 latitudo
497 1215 592 1257 contra

55 1286 211 1344 Orientem,
226 1298 312 1349 usque
329 1283 361 1332 ad
373 1290 520 1332 torrentem
537 1279 590 1329 Ce-

55 1357 134 1416 dron,
155 1353 215 1404 sire
235 1354 332 1403 vallem
355 1353 492 1418 iosaphat.
515 1350 590 1400 Situs

54 1441 118 1492 ergo
149 1423 266 1476 civitatis
295 1424 329 1473 ab
348 1424 447 1472 Austro
469 1430 510 1471 est
534 1419 591 1470 ele-

55 1506 152 1556 vatus,
181 1494 308 1544 similiter
321 1509 380 1564 per
404 1503 492 1543 totum
521 1492 590 1542 latus

56 1565 235 1628 Occidentis;
265 1574 291 1614 et
317 1563 346 1614 in
371 1575 445 1629 parte
472 1562 590 1613 Orientis

54 1634 170 1695 omniuo
183 1645 225 1685 est
241 1633 383 1694 demissus,
399 1634 435 1683 ita
453 1643 485 1684 ut
497 1632 591 1682 sordes

55 1706 181 1766 civitatis,
205 1714 327 1770 tempore
351 1704 457 1771 pluviae,
476 1704 590 1754 descen-

55 1779 121 1830 dant
134 1792 184 1844 per
196 1787 302 1842 portam
316 1774 481 1842 sterquilinii
495 1774 525 1824 in
538 1783 591 1824 tor·

55 1858 161 1899 rentem
180 1846 296 1910 Cedron.

87 1918 101 1970 3
119 1918 218 1968 Darna
230 1916 349 1968 Cunisro
364 1931 448 1967 nunu
462 1930 515 1966 cun
529 1929 592 1964 ear.-

56 2006 90 2041 ιι
103 2003 219 2040 meua.
237 2016 267 2025 -
289 1988 367 2038 Nunc
383 2003 447 2053 ergo
466 1984 593 2052 conspice

55 2059 196 2128 operarios
215 2059 301 2110 malos
323 2058 444 2125 undique
467 2057 591 2124 nequiter

55 2132 171 2200 operari.
187 2132 294 2182 intuere
312 2128 454 2197 diligenter
464 2129 589 2195 singula,

55 2220 117 2273 quae
130 2203 204 2256 fiunt
223 2213 316 2254 contra
334 2203 483 2253 Dominum
501 2212 589 2262 tuum,

54 2288 82 2327 et
100 2289 165 2345 que
185 2274 326 2336 dicuntum
342 2285 367 2323 et
389 2289 449 2340 quae
469 2272 537 2324 fiunt
556 2273 591 2323 ab

55 2346 126 2414 ipso,
153 2354 182 2397 et
208 2361 256 2412 per
278 2345 384 2410 ipsum,
415 2353 440 2395 et
466 2343 511 2395 his
533 2352 590 2394 toto

56 2415 157 2467 mentis
175 2415 288 2466 intuitui
306 2414 404 2464 exhibe
425 2424 451 2464 te
471 2429 590 2480 praesen-

1123 235 1174 287 565

645 351 776 402 dederunt
789 353 816 402 in
830 367 918 404 ercam
932 365 1016 404 meam
1028 351 1074 418 sel
1081 370 1091 415 ;
1110 359 1137 404 el
1149 354 1177 407 itt

644 422 694 472 sili
713 436 773 474 mea
791 429 953 489 potaverunt
976 436 1018 472 me
1039 429 1129 486 eoeto;
1149 433 1175 474 et

643 493 709 559 quia
723 494 791 545 sslud
805 496 879 562 quod
894 494 1032 547 modictim
1048 504 1096 557 est,
1113 511 1177 560 qua·

643 563 668 613 si
686 563 756 614 nihil
771 576 918 630 reputantr,
933 565 995 616 ideo
1008 565 1061 616 hoc
1076 565 1177 617 dicitur

643 636 716 702 quod
726 651 777 688 nou
788 639 898 704 aceepit,
910 638 1012 688 scilicet
1021 639 1054 688 ad
1062 638 1181 703 perfecte

644 710 801 770 bibendum,
825 711 890 777 quia
915 711 1020 762 felleam
1043 712 1177 763 amaritu-

643 780 735 830 dinem
760 781 921 832 hominibus
936 782 1024 833 dulor
1040 788 1066 832 el
1085 789 1177 833 rectus
1256 806 1258 812 v

643 851 777 903 Dominus·
792 868 931 918 nunquam
951 853 1105 920 acceptavit.
1116 854 1176 914 Vel,

643 935 703 972 cum
716 928 863 989 gustasset,
876 922 904 971 id
923 932 962 972 est
976 923 1016 972 ori
1032 924 1177 990 apposuis-

644 1001 694 1054 set,
717 993 804 1043 noluit
827 992 924 1055 bibere,
950 1004 1059 1060 propter
1085 996 1139 1044 duo
1168 1011 1176 1044 :

643 1061 741 1127 primo,
769 1071 801 1112 ut
826 1063 1011 1114 ostenderetur
1042 1065 1176 1130 iniquitas

643 1133 723 1182 talem
736 1143 830 1199 potum
846 1133 1063 1199 propinantium3
1083 1151 1176 1186 secun·

643 1204 688 1266 do,
703 1213 737 1255 ut
752 1204 948 1271 significaretur
971 1207 1098 1256 velocitas
1121 1208 1177 1257 Re-

643 1278 818 1329 surrectionis
843 1278 937 1345 ipsius.
963 1279 1040 1329 Unde
1064 1280 1177 1345 Grego-

642 1351 721 1402 rius:
736 1369 750 1398 e
765 1351 893 1402 Gestavit
909 1351 1013 1412 vinum,
1029 1352 1075 1402 sed
1090 1351 1176 1403 noluit

643 1421 738 1482 bibere,
754 1423 819 1489 quia
839 1423 936 1474 mortis
955 1422 1176 1483 amaritudinem,
1225 1462 1230 1468 .

641 1506 724 1557 qoam
757 1502 912 1560 gustaturus
938 1503 996 1544 erat
1025 1502 1177 1543 momenta-

641 1579 720 1614 neam
737 1574 763 1615 et
776 1565 829 1616 cito
843 1566 872 1616 in
887 1565 1056 1617 dulcedinem
1069 1581 1177 1616 conver-

641 1635 747 1685 tendam
763 1635 942 1702 significabat3
959 1637 1036 1687 tertia
1048 1636 1121 1687 enim
1132 1635 1178 1686 die

642 1715 839 1756 resurrecturus
857 1716 920 1756 erat.
936 1725 951 1753 »
965 1706 1044 1757 Unde
1064 1715 1090 1756 et
1103 1706 1175 1756 Hie—

641 1791 794 1843 ronymus:
811 1795 825 1824 n
844 1778 901 1828 Hoc
923 1789 997 1828 aceto
1018 1793 1115 1828 succus
1134 1778 1176 1827 lt-

642 1847 725 1897 tltalis
739 1847 812 1913 pomi
830 1848 993 1914 abstergitur
998 1863 1006 1912 ;
1022 1858 1049 1899 et
1062 1864 1118 1898 non
1132 1863 1178 1898 ac·

643 1919 712 1987 cepit
732 1920 759 1970 id
780 1937 829 1986 pro
850 1938 905 1988 quo
926 1922 1036 1988 patitur,
1050 1922 1122 1972 unde
1143 1921 1177 1971 de

643 2008 675 2043 eo
697 1991 795 2043 dicitur
815 2010 822 2043 t
843 1994 910 2055 Quoe
928 2009 980 2045 non
1004 1993 1092 2060 rapui,
1114 2000 1177 2044 tunc

643 2061 826 2113 exsolvebam.
847 2082 861 2110 n
881 2065 983 2114 Vinum
1004 2063 1175 2128 myrrhatum

642 2133 760 2182 Domino
774 2133 908 2199 propinat,
925 2133 972 2200 qui
991 2133 1106 2183 haereses
1122 2133 1174 2182 sub

643 2202 724 2268 pallio
743 2203 862 2254 veritatis
881 2204 964 2254 docet.
981 2204 1092 2253 Acetum
1112 2218 1174 2252 curn

642 2272 704 2324 felle
717 2273 833 2324 mixtum
851 2274 968 2324 Domino
981 2273 1114 2338 propinat,
1126 2273 1174 2338 qui

642 2343 676 2394 de
693 2344 764 2394 male
784 2343 923 2409 acquisitis
941 2343 1058 2392 Domino
1073 2342 1175 2392 sacrifi-

643 2426 692 2466 cat.
712 2416 770 2466 Hoc
790 2416 870 2466 etiam
890 2415 963 2476 lacit,
985 2415 1175 2482 qui-membra

55 2497 122 2538 tem.
146 2485 247 2537 Videas
275 2485 357 2551 igitur
380 2484 464 2534 oculis
492 2485 591 2535 mentis
614 2504 621 2556 p
642 2491 700 2555 ejus
714 2489 941 2540 amaritudinibus
952 2489 1056 2555 affligit.
1069 2489 1102 2539 Et
1116 2489 1176 2540 uni-

54 2556 125 2608 alioa
136 2572 200 2608 cum
213 2556 346 2608 vidissent
358 2573 421 2607 eum
440 2555 589 2622 fatigatum,

56 2630 108 2681 sibi
130 2630 196 2680 dare
216 2624 305 2680 vinum
329 2628 509 2696 mirrhatum,
534 2627 590 2678 sive

55 2714 114 2752 cerm
132 2700 206 2767 selle
226 2699 356 2762 mixtum,
381 2699 410 2748 in
434 2699 486 2749 hoc
509 2699 589 2749 etiam

56 2772 186 2824 interiora
208 2771 359 2822 dulcissimi
381 2770 491 2821 Domini
514 2786 591 2822 ama-

56 2843 140 2895 ricare
151 2843 282 2902 volentes,
293 2853 320 2892 et
337 2857 414 2893 suam
430 2842 590 2893 amaritudi-

57 2928 121 2964 nem
141 2913 319 2988 declprantes3
336 2912 419 2978 quod,
442 2913 590 2962 secundum

56 2985 227 3043 Matthaeum,
251 2998 309 3035 cum
336 2989 483 3049 gustasset,
506 2983 592 3034 noluit

56 3055 153 3117 bibere,
182 3055 256 3121 quia,
279 3063 309 3104 ut
332 3054 397 3104 dicit
421 3054 590 3121 Chrysorro-

56 3140 126 3190 πω,
136 3124 207 3176 nibil
216 3123 296 3173 distat
307 3123 464 3190 simpliciter
475 3134 590 3189 gustare,

56 3207 82 3248 et
101 3212 159 3247 non
180 3195 348 3258 bibere3sed
371 3210 456 3244 unum
480 3193 592 3260 quidem

56 3277 83 3318 et
102 3266 178 3317 idem
198 3263 359 3329 significant.
381 3264 424 3326 Et,
441 3264 590 3314 secundum

57 3338 196 3396 Marcum,
221 3349 274 3384 non
295 3335 405 3398 accepit,
422 3334 449 3383 id
475 3344 591 3385 estnon

57 3406 137 3467 bibit,
159 3405 205 3456 vel
224 3419 280 3453 non
302 3404 402 3455 scilicet
424 3404 536 3470 perfecte
560 3414 591 3456 ut

56 3479 179 3543 biberet3
199 3479 273 3545 quod
291 3479 363 3529 enim
380 3487 592 3564 gristamusssnon

58 3553 227 3620 accipimus,
256 3552 320 3618 quia
357 3567 413 3601 non
445 3552 593 3618 trajicimus

59 3622 124 3676 illud
142 3625 173 3676 in
195 3640 302 3691 corpus,
320 3623 366 3675 sed
390 3624 481 3675 statim
504 3623 593 3689 rejici-

60 3711 130 3750 mus.
150 3697 264 3766 Aliquid
283 3713 345 3765 ergo
367 3698 466 3766 accepit
486 3698 520 3749 ad
540 3714 592 3764 gu-

61 3771 186 3823 mudum
205 3771 352 3832 modicum,
377 3781 408 3822 ut
430 3772 503 3838 quod
523 3770 594 3823 scri-

64 3850 136 3905 ptum
151 3853 207 3923 erat
222 3843 388 3909 impleretur,
407 3843 508 3896 scilicet
526 3861 534 3894 τ
555 3842 596 3894 Er

642 2560 777 2612 versaliter
800 2561 895 2611 vinum
921 2560 1104 2627 myrrhatum,
1132 2559 1175 2610 vel

643 2647 706 2683 cum
720 2631 783 2682 felle
796 2631 921 2692 mixtum,
933 2642 974 2682 est
988 2632 1091 2681 bonurn
1106 2644 1176 2696 opus

643 2720 706 2754 cum
724 2705 802 2771 culpa
815 2703 925 2765 factum,
939 2704 1004 2770 quia
1022 2704 1092 2754 sicut
1112 2717 1175 2751 mo·

643 2775 734 2826 dicum
753 2775 881 2840 myrthae,
902 2776 944 2825 vel
968 2773 1047 2834 fellis,
1070 2773 1175 2822 bonum

643 2845 739 2895 vinum
750 2844 910 2910 corrumpit;
923 2843 962 2893 sic
973 2842 1109 2892 modicum
1122 2840 1176 2890 cul·

643 2931 683 2981 par
706 2915 828 2966 mortalis
861 2924 949 2965 totum
973 2914 1077 2963 bonum
1106 2924 1175 2976 opus

642 2989 764 3040 destruit.

675 3074 694 3123 4
707 3061 850 3110 Seounrro
863 3057 1176 3112 Crustumerium,

642 3145 800 3181 nocentem
816 3144 850 3178 ax
866 3139 1008 3186 renerus
1022 3139 1176 3175 contonan-

644 3217 730 3252 utonis
744 3215 779 3250 ar
792 3215 899 3249 onnrto.
912 3224 943 3236 -
953 3195 1051 3247 Videas
1066 3205 1092 3245 et
1108 3193 1176 3245 alios

643 3288 759 3340 quaeque
785 3271 817 3321 ad
844 3270 896 3320 hoc
928 3280 996 3334 opus
1027 3266 1176 3318 necessaria

642 3345 795 3411 disponere,
819 3352 846 3392 et
872 3341 939 3391 alios
962 3340 1053 3406 ipsum
1080 3337 1178 3404 spolia·

647 3432 684 3468 re.
696 3415 831 3482 Spoliatur
849 3413 939 3479 itaque
963 3410 1020 3462 suia
1045 3409 1177 3469 vestibus,

644 3496 671 3537 et
690 3487 724 3537 ad
740 3483 852 3550 pudoris
867 3483 1014 3533 tumultum
1032 3481 1114 3532 etiam
1135 3478 1177 3530 ie-

628 3556 804 3614 .moralibus,
819 3564 850 3604 ut
867 3553 955 3604 ventis
973 3561 999 3602 et
1017 3550 1111 3617 frigori
1128 3564 1178 3598 en-

645 3637 760 3695 ponatur
779 3627 888 3677 nudus.
921 3624 1056 3691 Spoliatus
1087 3631 1177 3672 autem

644 3716 707 3753 cum
722 3699 841 3751 maximo
855 3699 956 3758 dolore,
971 3705 998 3747 et
1015 3703 1179 3746 renovantur

646 3771 675 3823 in
700 3786 732 3822 eo
754 3770 895 3831 fracturoe3
919 3766 984 3834 quia
1004 3765 1089 3816 vestis
1112 3764 1179 3813 inte·

647 3842 711 3902 tior,
725 3849 834 3908 propter
845 3837 1005 3904 sanguinem
1017 3832 1178 3899 flagellatio-
