2626 4328
217 162 387 213 retrosus
403 163 590 215 homiuem
609 164 781 218 Passionis
798 152 844 220 ai
859 170 949 221 Laus
962 170 1095 224 caucis.
1167 173 1219 244 ⁶47

106 276 195 326 brians
217 293 324 328 omnem
350 289 457 339 terram,
485 295 533 330 nec
558 279 632 330 inani

104 347 246 411 splendore
260 349 381 411 seducat;
396 365 444 400 nec
463 349 528 400 falsa
540 350 633 400 dulce-

104 417 168 466 dine
189 418 310 469 inebriet.
331 420 397 469 Tuae
427 434 536 487 quoque
551 419 635 470 viviti-

104 503 141 537 cae
164 489 267 547 mortis,
293 489 423 549 Domine,
451 489 566 555 effigiem
594 489 606 538 f
621 517 634 527 ·

104 572 157 608 cres
192 575 220 607 m
259 574 301 608 me
338 574 443 609 servum
479 570 576 620 tuum,
604 571 635 609 ut

105 630 205 679 moriar
228 631 338 695 quidem
358 641 463 696 peccato
487 633 634 682 secundum

102 717 222 763 carnem,
244 702 331 752 vivam
352 712 441 753 autem
461 704 570 768 justitiae
590 719 634 754 se·

102 773 222 822 cundum
253 774 389 838 spiritum.
410 775 445 825 Ut
473 785 562 825 autem
595 775 634 825 in·

101 854 202 907 tegram
237 844 363 895 Crucifixi
396 845 541 912 imaginem
569 859 633 911 por·

100 923 155 965 tare
185 932 229 966 me
261 917 377 982 glorier,
415 917 487 969 illius
524 934 633 984 quoque

100 988 171 1052 quod
209 998 269 1052 post
306 1001 420 1039 mortem
451 1001 524 1040 tuam
558 991 633 1041 insa-

103 1058 204 1109 tiabilis
234 1059 336 1109 malitia
369 1061 515 1127 impiorum
548 1063 576 1112 in
607 1072 633 1112 te

105 1129 230 1189 exercuit,
247 1129 316 1179 hanc
328 1130 354 1179 in
366 1147 412 1181 me
425 1132 632 1183 similitudinem

104 1203 231 1268 exprime.
249 1203 378 1254 Vulneret
394 1221 542 1256 cormeum
555 1204 633 1256 vivus

101 1284 128 1324 et
147 1274 238 1324 efficax
253 1290 341 1325 sermo
358 1287 429 1335 tuus,
445 1276 633 1344 penetrabilior

101 1348 177 1398 omni
201 1348 289 1398 lancea
311 1350 475 1408 acutissima,
490 1360 515 1400 et
537 1349 633 1416 pertin-

101 1433 167 1482 gens
194 1433 280 1483 usque
314 1420 345 1470 ad
374 1420 501 1470 interiora
535 1419 632 1470 animae

102 1506 190 1554 meae3
219 1492 346 1556 producat
379 1508 411 1543 ex
444 1509 474 1544 ea
504 1503 631 1560 tanquam

101 1576 117 1611 a
147 1561 240 1611 dextro
274 1563 354 1615 latere
386 1579 447 1614 meo
479 1563 538 1614 vice
571 1578 632 1614 san·

103 1630 194 1696 guinis
222 1641 248 1681 et
275 1648 364 1698 aquae,
395 1648 514 1684 amorem
544 1644 630 1696 tuum,

102 1701 226 1765 Domine,
245 1712 271 1752 et
293 1702 405 1754 fratrum
428 1720 559 1756 meorum.
581 1705 633 1754 Po·

101 1782 201 1823 stremo
220 1775 321 1823 munda
347 1775 460 1825 sindone
476 1775 569 1840 primoe
581 1785 633 1835 sto

100 1842 133 1892 1ae
150 1842 275 1908 spiritum
296 1859 385 1894 meum
402 1845 515 1904 involve,
537 1844 563 1894 in
579 1859 632 1911 qua

101 1914 265 1979 requiescam
295 1915 450 1980 ingrediens
481 1915 514 1966 ad
548 1926 573 1965 te
604 1914 631 1964 in

100 1985 185 2035 locum
215 1987 379 2037 tabernaculi
404 1987 631 2049 admirabilis,....

100 2063 126 2107 et
139 2058 289 2108 abscondas
305 2071 345 2107 me
361 2058 443 2109 donec
458 2064 632 2124 pertranseat

95 2129 180 2193 furor
205 2135 274 2179 tuus,
290 2129 340 2179 Die
362 2139 451 2180 autem
472 2130 550 2180 tertio
572 2139 632 2196 post

102 2197 173 2247 diem
195 2197 303 2258 laboris,
329 2209 389 2265 post
409 2199 480 2248 diem
501 2198 631 2264 simplicis

100 2270 202 2336 gloriae,
227 2285 306 2320 mane
325 2270 412 2336 prima
435 2270 547 2330 sabbati,
568 2285 631 2336 per-

101 2351 181 2406 petuo
196 2341 265 2392 inter
280 2342 351 2391 filios
367 2352 428 2391 tuos
445 2357 488 2391 me
501 2341 632 2407 indignis-

101 2414 203 2462 simum
217 2414 358 2477 resuscita;
378 2425 409 2464 ut
431 2415 460 2464 in
479 2428 557 2463 carne
573 2429 631 2464 mea

100 2482 208 2533 videam
230 2483 374 2534 claritatem
395 2493 478 2547 tuam,
495 2491 522 2533 et
544 2483 632 2532 adim-

102 2553 176 2617 plear
190 2553 282 2603 laetitia
295 2555 386 2604 vultus
401 2553 441 2604 tui
457 2570 464 2603 ι
480 2570 493 2600 u
509 2553 567 2603 haec
579 2555 632 2604 An-

103 2623 211 2674 selmus.
510 2638 512 2641 ’

133 2713 148 2762 7
164 2697 292 2747 Tarouuu
316 2698 450 2747 Passionis
469 2696 568 2747 Dourrvr
582 2710 632 2745 uv-

100 2782 181 2817 srrce.
203 2796 233 2805 —
254 2767 400 2832 Imaginem
423 2768 512 2832 itaque
537 2764 632 2817 Cruci-

101 2837 146 2887 fixi
162 2839 309 2888 secundum
326 2838 437 2887 modum
452 2837 631 2902 praemissum,

103 2921 210 2974 portans
224 2911 252 2960 in
268 2922 302 2970 te,
318 2925 365 2960 ora
381 2919 408 2960 et
422 2924 518 2961 conare
531 2917 561 2959 ut
575 2907 631 2974 spi-

689 282 757 334 ritus
783 292 844 335 tuus
870 284 1019 337 involvatur
1041 290 1142 341 munda
1160 291 1218 342 sin-

689 355 756 404 done
780 355 904 421 puritatis
936 368 961 408 et
990 358 1162 421 innocentiae,
1190 363 1218 412 in

689 439 742 490 qua
764 426 912 476 absconsus
936 427 1030 478 mundi
1053 429 1217 482 vanitatibus

689 497 825 562 sepeliaris
837 498 863 548 in
878 510 978 550 secreto
996 501 1094 552 mentis
1109 512 1169 562 tuae,
1191 514 1218 554 et

688 568 727 618 ibi
748 569 898 634 requiescas
913 571 941 621 in
956 572 1129 624 meditatione
1152 576 1217 625 Pas-

689 639 774 688 sionis
788 640 953 706 Dominicae;
971 654 1093 693 mortuus
1105 645 1215 711 quidem

689 709 809 769 mundo,
841 720 867 760 et
892 712 983 762 vivens
1010 713 1075 763 Deo.
1103 716 1136 764 Et
1163 715 1214 766 hoc

688 789 777 845 aperte
803 780 937 846 signatum
960 793 1009 843 est,
1032 784 1080 833 ubi
1108 784 1214 846 dicitur,

688 850 760 916 quud
777 851 863 915 pretio
885 851 1024 917 sanguinis
1038 853 1139 905 Christi
1154 871 1215 904 em-

688 930 751 985 ptus
773 930 813 970 est
830 935 892 986 ager
910 920 995 986 figuli,
1009 923 1035 973 in
1053 925 1215 988 sepulturam

683 991 889 1056 peregrinorum
897 1008 906 1055 ;
932 992 979 1042 ubi
1005 993 1069 1043 dicit
1100 995 1211 1057 Glosse,

688 1062 761 1128 quod
786 1063 923 1128 sepultura
950 1063 1051 1114 Christi
1078 1066 1148 1115 nihil
1176 1076 1216 1116 est

687 1134 759 1183 aliud
792 1148 873 1199 quam
911 1134 1016 1200 requies
1048 1134 1214 1197 Christiani,

687 1215 713 1254 et
735 1215 797 1255 tunc
819 1220 864 1256 cor
885 1205 962 1255 debet
986 1204 1096 1270 sigillari
1124 1206 1214 1270 sigillo

689 1277 823 1329 Passionis
843 1277 954 1337 Christi,
980 1287 1006 1327 et
1029 1277 1149 1327 clausum
1173 1289 1215 1328 te-

688 1348 744 1397 neri
757 1363 786 1397 ac
800 1348 939 1398 custodiri.
956 1347 1059 1397 Deinde
1070 1347 1108 1397 sic
1121 1349 1215 1413 sepul-

686 1430 730 1469 tus
747 1418 776 1469 in
790 1429 891 1470 secreto
906 1419 1005 1468 mentis
1019 1428 1071 1468 tuae
1083 1419 1117 1468 ab
1129 1420 1216 1470 omni-

687 1490 738 1540 bus
750 1489 922 1549 vanitatibus,
936 1489 1082 1554 gloriosum
1093 1489 1214 1540 triduum

687 1559 783 1609 mortis
807 1559 906 1610 Christi
930 1574 1040 1625 peragas
1066 1576 1073 1609 :
1099 1575 1215 1626 quorum

687 1632 791 1699 primus
803 1632 870 1692 dies,
883 1631 1035 1682 afflictionis
1047 1642 1072 1682 et
1086 1632 1215 1696 poeniten-

686 1703 738 1763 tiae,
753 1713 784 1753 ut
801 1718 849 1768 pro
864 1701 991 1752 omnibus
1005 1701 1159 1751 commissis
1172 1702 1214 1753 vel

687 1774 796 1825 omissis
811 1775 866 1825 Deo
882 1775 1031 1825 voluntarie
1050 1773 1211 1837 satisfacias3

686 1846 820 1896 secundus
833 1846 891 1896 dies
905 1855 945 1896 est
959 1844 1106 1911 quietionis
1121 1855 1146 1894 et
1159 1859 1215 1910 gra-

686 1917 740 1978 tiae,
754 1927 785 1967 ut
803 1916 831 1966 in
846 1917 903 1968 solo
924 1917 979 1966 Deo
994 1916 1112 1983 requiem
1134 1930 1215 1966 men·

686 1987 721 2036 tis
750 2001 853 2052 ponas,
877 1986 941 2052 quia
965 1985 994 2035 in
1020 2001 1051 2036 eo
1076 1986 1133 2036 solo
1164 2001 1214 2051 pax

686 2056 823 2107 invenitur
848 2066 874 2106 et
896 2055 1091 2122 tranquillitas;
1121 2056 1214 2105 tertius

686 2126 744 2176 dies
755 2137 795 2177 est
808 2125 1001 2193 praemiationis
1019 2136 1045 2176 et
1063 2126 1163 2191 gloriae,
1184 2135 1214 2175 ut

687 2198 743 2262 eius
769 2195 986 2262 conjunctionem
1009 2206 1034 2246 et
1051 2196 1214 2261 amplexum,

686 2267 803 2318 fervente
823 2266 966 2325 desiderio,
992 2265 1089 2331 jugiter
1114 2279 1215 2314 concu-

688 2338 782 2403 piscas.
802 2337 908 2396 Quibus
923 2335 1074 2396 transactis,
1089 2334 1117 2384 in
1136 2349 1215 2384 mane

687 2408 773 2473 prima
796 2406 908 2467 sabbati,
933 2405 984 2455 hoc
1011 2414 1051 2455 est
1073 2405 1100 2454 in
1124 2403 1214 2454 futura

686 2477 740 2528 vita
754 2486 887 2542 perpetua,
903 2474 974 2526 inter
991 2473 1062 2524 filios
1078 2483 1103 2524 et
1118 2474 1214 2524 electos

687 2547 734 2598 Dei
746 2547 861 2613 gloriose
874 2545 1039 2596 resusciteris
1053 2562 1060 2596 :
1076 2556 1102 2596 et
1114 2545 1143 2595 in
1155 2561 1215 2596 car-

688 2637 720 2671 ne
734 2630 779 2670 tua
794 2620 884 2670 videas
898 2620 1043 2685 gloriosam
1058 2618 1215 2671 humanita-

686 2703 739 2742 tem
755 2689 865 2751 Christi,
888 2690 917 2740 in
932 2689 1029 2755 spiritu
1045 2699 1133 2740 autem
1152 2689 1215 2739 bea-

686 2762 756 2814 tifice
785 2762 974 2828 contempleris
997 2760 1214 2812 inestimabilem

685 2833 833 2884 claritatem
855 2832 914 2892 Dei,
942 2841 968 2882 et
990 2847 1036 2898 per
1058 2832 1109 2880 hoc
1124 2830 1214 2880 adim·

688 2905 784 2972 plearis
797 2914 924 2972 perpetua
941 2903 1032 2954 laetitia
1045 2903 1135 2953 vultus
1147 2900 1214 2964 eius.

589 3207 724 3259 ORATIO

131 3432 249 3482 Domine
269 3434 331 3484 lesu
358 3432 473 3494 Christe,
495 3433 542 3499 qui
564 3447 612 3499 pro
632 3428 816 3495 redemptione
838 3423 933 3477 mundi
949 3422 1070 3474 miserias
1090 3430 1115 3502 et
1127 3434 1214 3502 angu-

102 3502 176 3563 stias,
199 3504 344 3570 opprobria
366 3513 393 3554 et
411 3503 534 3568 convitia,
553 3501 699 3554 calumnias
713 3514 737 3550 et
756 3497 876 3564 iniurias,
893 3509 985 3562 poenas
998 3502 1025 3544 et
1045 3491 1213 3576 afflictiones,

104 3576 259 3627 Passionem
281 3587 307 3628 et
331 3586 446 3627 mortem
469 3577 601 3643 patienter
621 3575 688 3625 ferre
711 3571 831 3632 voluisti,
855 3579 884 3620 tu
907 3565 1035 3650 Per.l.¹.ae⁶
1049 3580 1141 3615 omma
1155 3579 1214 3648 quae

102 3658 211 3713 propter
226 3656 330 3715 peccata
347 3658 437 3698 nostra
454 3647 597 3714 pertulisti,
611 3662 626 3696 a
640 3644 753 3711 peccatis
767 3641 894 3692 omnibus
908 3649 934 3690 et
945 3647 1027 3698 vitus,
1042 3638 1075 3688 ab
1089 3636 1216 3687 omnibus

103 3716 185 3782 huius
201 3719 284 3770 seculi
300 3718 436 3785 periculis,
449 3728 475 3770 et
488 3717 665 3769 infernalibus
679 3714 774 3783 poenis,
788 3728 804 3763 a
819 3710 956 3762 subitanea
968 3717 994 3759 et
1007 3717 1107 3759 aeterna
1121 3714 1215 3767 morte,

166 3885 236 3936 Vrsa
250 3885 314 3937 lesu
328 3884 447 3948 Caursr'r,
458 3901 544 3938 sortus
563 3885 608 3936 lV.

1091 3872 1120 3924 13
