2626 4328
326 268 372 317 DE
389 269 530 330 Tertiis,
549 270 584 320 lN
603 272 771 325 PASSIONE
787 275 922 326 Dor-itui.

58 386 234 446 homterunt,
257 385 303 435 sed
330 384 497 436 interficiunt
519 401 591 447 eum,

58 471 105 522 pro
118 455 224 523 quibus
238 464 393 522 oportuerat
408 456 594 509 adorare..Se·

58 529 177 580 orndum
202 528 397 594 Augurum,
409 529 512 579 Pilatus
536 545 594 579 nou

59 598 151 651 timuit
165 599 266 664 Legem
281 614 394 659 corum,
409 609 440 650 ut
451 600 591 661 occideret,

58 672 119 739 qnia
132 671 288 737 alienigena
298 682 364 732 erat,
378 683 404 722 et
418 673 518 738 Legem
539 689 593 723 non

58 743 237 805 oiscwabat3
259 743 307 792 sed
327 743 414 809 magis
429 742 524 794 timuit
544 743 593 794 Fi-

57 816 124 867 lium
134 814 187 866 Dei
200 829 236 864 ne
250 815 390 865 occideret.
406 816 482 866 Prius
503 815 594 866 timuit

58 886 179 937 occidere
200 886 392 944 innocentem,
413 903 486 937 nunc
508 885 594 952 magis

59 957 134 1008 timet
159 957 282 1008 occidere
308 957 358 1007 Dei
386 957 531 1010 Virtutem.
562 958 597 1009 Et

57 1025 117 1079 ideo
130 1029 228 1080 volens
240 1028 276 1078 de
290 1027 341 1077 hoc
356 1031 486 1080 secretius
499 1028 597 1096 inqui-

57 1117 114 1154 rere
147 1117 204 1151 non
232 1099 352 1165 amplius
382 1100 558 1167 interrogavit
586 1116 596 1149 .·

58 1174 129 1238 Qpid
152 1170 272 1230 fecisti?
296 1171 352 1221 Sed
382 1171 525 1238 ingressus
554 1178 595 1223 est

58 1247 154 1297 ueram
169 1242 335 1310 pretorium
362 1257 421 1292 eron
455 1244 531 1305 Jesu,
565 1252 595 1293 ut
624 1274 627 1287 ·

19 1324 24 1339 ¹
56 1319 198 1370 veritatem
220 1315 307 1382 magis
321 1326 413 1381 posset
433 1331 593 1382 cognoscere

57 1402 130 1444 em
142 1391 292 1441 tumultum
302 1389 467 1449 ludaeorum,
481 1396 509 1440 et
518 1389 593 1439 dixit

55 1464 92 1514 ad
110 1476 172 1515 arm
190 1460 291 1511 :Unde
310 1474 341 1510 es
361 1460 593 1511 tuPidestuude

56 1531 594 1598 duxiutioriginemtperlrocqnaerebat,

55 1616 151 1659 utrum
164 1614 236 1655 esset
244 1606 325 1667 Deus,
342 1605 477 1670 originem
490 1605 593 1655 habeus

55 1679 242 1741 divinam3vel
251 1676 591 1744 homonaoensoriginem

55 1757 199 1801 mmm
222 1749 305 1799 lesus
327 1755 418 1798 autem
444 1764 498 1800 nort
518 1748 592 1799 dedit

56 1821 277 1885 dmponsum,
299 1820 416 1887 implens
436 1821 503 1870 illud
525 1837 591 1886 pro·

56 1892 200 1958 plueticum
216 1907 223 1940 ε
238 1891 317 1942 Sient
340 1893 399 1942 ovis
420 1893 592 1958 nonaprrur't

55 1977 86 2014 os
111 1977 199 2023 suun,
214 1970 246 2012 ut
267 1961 348 2012 nobis
359 1963 436 2012 daret
455 1963 590 2028 patientiae

54 2033 222 2099 exemplum.
243 2032 314 2092 Quia
327 2033 402 2082 enim
429 2034 529 2086 Pilatus
549 2035 590 2084 sl-

56 2103 253 2169 nmquoesirit
264 2103 452 2169 qrraestionetn,
468 2121 524 2155 non
539 2121 590 2156 su-

56 2175 128 2226 disit
152 2175 388 2241 responsionem:
409 2193 471 2227 nam
501 2178 591 2228 dirius

56 2247 195 2312 prumtis
209 2245 310 2298 infideli
322 2258 348 2299 et
360 2249 501 2300 incredulo
509 2250 592 2316 expli·

57 2318 141 2368 ands
154 2333 211 2367 non
228 2329 294 2378 erar,
312 2330 339 2370 et
355 2319 420 2386 quit
433 2336 510 2372 suem
526 2322 591 2372 Pas-

55 2388 163 2441 n'onem
186 2388 320 2455 impedire
337 2391 462 2453 nolebat,
479 2408 541 2444 cum
556 2394 591 2443 ad

57 2461 110 2511 hoc
122 2461 260 2522 venisset,
274 2463 347 2529 quod
369 2479 418 2528 pro
439 2464 519 2515 uobis
536 2465 590 2531 pati

57 2530 146 2581 vellet.
165 2530 251 2581 Dixit
268 2544 336 2597 ergo
351 2531 378 2583 ei
391 2532 510 2598 Pilatus,
523 2551 591 2600 pro-

55 2616 157 2653 trusus
169 2617 233 2652 eum
248 2602 457 2669 anteponunt
468 2607 590 2673 aliquod„

56 2688 104 2796 {Z
111 2674 405 2812 ,wilm
411 2678 592 2801 {m

55 2815 92 2866 de
105 2815 168 2881 eius
188 2815 385 2878 taciturnitate,
400 2834 462 2868 cum
478 2830 547 2871 esset
560 2821 591 2871 irr

54 2896 158 2953 puncto
171 2887 356 2948 liberationis,
371 2891 413 2940 vel
425 2892 592 2942 condemna-

55 2956 142 3008 tionis
162 2971 227 3008 suae.
249 2957 312 3008 ldeo
332 2959 455 3024 sequitur
469 2978 477 3011 ε
491 2962 592 3013 Nescis

52 3028 120 3092 μὴ
142 3034 304 3094 potestatem
324 3029 407 3081 tabeo
428 3031 592 3097 crucifigere

54 3103 97 3161 n,
113 3103 141 3148 a
155 3105 321 3164 potestatem
350 3101 435 3152 babeo
455 3101 592 3154 dimitto-e

53 3169 107 3221 te?
134 3170 221 3231 Quasi
248 3171 348 3223 dioeret
370 3190 378 3223 ι
401 3173 470 3224 Mihi
496 3175 591 3226 saltem

55 3241 169 3293 deberes
193 3244 365 3309 respondere.
391 3245 465 3310 Tua,
491 3246 591 3308 Pilate,

56 3330 120 3366 uoce
146 3317 360 3383 constringeris5
387 3329 434 3370 tun
459 3320 592 3372 sententia

55 3384 207 3437 manetis.
222 3387 252 3438 si
267 3387 343 3438 enim
364 3388 394 3440 in
408 3399 436 3440 re
450 3399 540 3442 totum
552 3401 592 3442 est

54 3455 188 3520 positum,
198 3472 281 3523 quare
295 3457 478 3521 innocentem,
492 3461 592 3527 inquo

57 3525 163 3577 nnllam
177 3541 288 3577 causam
303 3526 420 3592 invenis,
431 3545 486 3580 uon
498 3530 592 3580 absol-

58 3597 120 3649 tis?
139 3599 195 3649 Pro
217 3609 348 3665 potestate
368 3616 447 3665 ergo,
467 3618 521 3652 non
542 3620 592 3670 pro

58 3667 187 3733 territare
207 3668 419 3735 crucifigendum
442 3671 592 3724 Dourinum

58 3737 158 3802 πτὼξ
190 3754 239 3806 pet
269 3750 430 3806 potestatem
460 3742 593 3795 latronem

59 3807 186 3870 thaisis,
199 3810 345 3861 Auctorem
357 3826 421 3862 vero
431 3810 494 3864 vitae
506 3812 593 3865 inter-

60 3876 126 3933 litis.
144 3879 259 3948 thuia
271 3879 401 3947 gloriatin
418 3883 522 3937 desua
541 3901 593 3953 po-

1127 281 1184 351 549

646 397 761 450 testate,
783 391 845 442 ideo
874 394 1014 457 respondit
1038 397 1121 447 ¹Iesus
1144 399 1178 449 ad

646 461 849 526 reprimendum
866 465 923 529 ejus
936 466 1090 530 jactantiam
1100 480 1126 520 et
1137 479 1179 521 tu·

647 550 760 595 morem,
774 537 868 588 dicens
881 554 887 586 :
902 540 965 591 Non
978 541 1090 592 liaberet
1097 551 1179 608 pote-

647 610 741 654 statem
759 607 902 658 adversurn
913 624 953 660 me
971 611 1070 674 ullam,
1089 629 1178 679 quan-

647 676 838 741 tulamcunque
852 679 951 740 habes,
964 681 1017 730 nisi
1027 682 1078 732 lroc
1088 684 1177 748 ipsum

647 746 781 812 quidquid
803 751 917 808 esttibi
936 759 1005 803 esset
1029 754 1130 815 datum,
1152 767 1178 807 et

647 831 805 868 concessum
822 820 947 888 desupn,
969 824 1098 876 sciliceta
1114 827 1181 879 Cae-·

648 901 715 948 sese,
731 898 756 938 et
778 890 892 941 ulterius
912 895 1076 957 permissum
1090 912 1105 947 a
1120 899 1177 950 Deo

648 957 695 1023 qui
710 969 751 1009 est
763 970 878 1025 potestas
894 965 1035 1029 superior,
1050 977 1077 1017 et
1091 983 1105 1017 a
1120 986 1176 1035 quo

648 1031 788 1082 estomnis
803 1043 928 1098 potestas.
944 1037 976 1085 Et
985 1052 1017 1087 ex
1028 1038 1080 1088 hoc
1089 1041 1177 1106 arguit

648 1099 705 1163 eius
724 1112 880 1166 peccatum,
895 1105 1031 1170 quianon
1045 1123 1178 1176 acceperat

648 1180 836 1232 potestatema
850 1173 956 1224 Caesare
967 1186 993 1226 et
1008 1193 1024 1228 a
1039 1178 1095 1230 Deo
1110 1197 1177 1232 con-

648 1241 794 1292 demnandi
806 1244 941 1303 innoxios,
956 1247 1002 1296 sed
1016 1250 1102 1314 magis
1112 1251 1179 1302 libe-

647 1312 723 1361 randi
738 1329 793 1364 eos.
809 1315 841 1364 Et
859 1315 924 1381 quia
946 1316 1049 1367 Pilatus
1063 1319 1181 1374 Gentilis

647 1392 711 1442 erat,
728 1394 754 1434 et
767 1387 914 1451 superioris
929 1390 1066 1453 potestatis
1080 1391 1178 1445 timore

645 1455 801 1519 angebatur,
814 1457 880 1507 dicit
893 1474 957 1508 eum
966 1459 1058 1510 minus
1071 1476 1177 1525 peccare

645 1538 727 1588 quam
741 1527 856 1587 Judaeos,
872 1529 921 1594 qui
936 1530 1033 1596 Legem
1048 1546 1178 1587 noverant

645 1605 672 1645 et
685 1595 785 1648 invidia
795 1600 981 1652 movebantur.
999 1620 1013 1649 a
1028 1603 1091 1653 Plus
1103 1605 1178 1657 enim

621 1716 624 1723 ,
645 1679 742 1732 peccet,
755 1680 786 1720 ut
804 1671 841 1721 ait
858 1674 1040 1738 Augustinus,
1061 1676 1108 1740 qui
1126 1693 1176 1743 po-

644 1741 731 1790 testati
754 1741 927 1793 innocentem
942 1745 1117 1797 occidendum
1138 1749 1176 1798 li-

643 1825 707 1861 vore
733 1813 831 1874 tradit,
857 1831 941 1880 quem
970 1826 1086 1881 potestas
1118 1819 1177 1885 ipsa

645 1881 667 1931 si
682 1897 745 1932 eum
762 1885 859 1936 timore
878 1886 987 1937 alterius
1000 1889 1109 1953 majoris
1124 1907 1176 1955 po-

644 1952 749 2002 testatis
762 1953 867 2005 occidit.
892 1956 947 2006 Nec
967 1957 1087 2008 timendo
1111 1959 1176 2025 qui-

644 2026 717 2086 dem,
731 2027 879 2091 praesertim
892 2028 1074 2092 innocentem,
1092 2033 1176 2083 homo

644 2094 784 2145 hominem
807 2097 886 2148 debet
903 2099 1041 2163 occidere3
1064 2102 1110 2151 sed
1136 2112 1176 2152 ta-

645 2180 706 2214 men
717 2165 745 2214 id
760 2167 870 2216 zelando
883 2167 979 2229 farere,
990 2171 1077 2220 multo
1092 2171 1179 2236 magis

645 2239 749 2289 malum
766 2250 806 2290 est
824 2256 906 2306 quem
929 2243 1050 2292 timendo
1068 2260 1075 2291 ι
1090 2263 1104 2291 n
1120 2245 1176 2294 haec

644 2311 824 2376 Augustinus.
855 2313 890 2362 Et
911 2314 1039 2364 similiter
1063 2316 1176 2366 traditor

645 2385 706 2450 plus
719 2385 845 2450 peccavit,
860 2386 907 2451 qui
924 2402 972 2451 pro
987 2398 1093 2452 qurestu
1113 2404 1176 2439 eum

643 2455 744 2506 udaie
771 2456 889 2507 tradidit.
917 2458 1005 2522 Maius
1028 2474 1091 2525 ergo
1120 2469 1178 2510 erat

643 2537 781 2594 peccatum
795 2529 870 2580 Judae
879 2539 908 2580 et
920 2531 1178 2599 nonnumquam

646 2599 747 2650 Pilati:
763 2600 828 2666 quie
841 2601 877 2650 ecl
889 2601 1053 2653 occisionem
1074 2604 1177 2655 Christi

644 2673 727 2724 ludas
740 2673 794 2724 ont
807 2685 897 2725 motus
911 2676 1057 2741 cupiditate
1066 2716 1078 2739 ,
1090 2677 1178 2728 iudei

645 2757 735 2796 autern
749 2761 859 2798 rancore
867 2762 879 2811 ;‚
888 2749 937 2798 sed
950 2749 1051 2800 Pilatus
1057 2750 1178 2801 humano

644 2811 766 2870 timore'

677 2887 710 2938 25
746 2891 798 2940 Suu
825 2890 976 2940 honorus
1011 2905 1178 2941 aimerus

645 2974 790 3020 marrus,
802 2975 853 3008 sno
872 2975 1016 3009 serronem
1029 2975 1177 3010 rueretru-

645 3044 696 3078 πως
718 3029 898 3079 serim-Et
910 3029 1028 3089 exinde,
1042 3029 1070 3077 id
1090 3038 1179 3082 estex

645 3101 695 3151 hm:
714 3116 815 3160 causa,
827 3110 855 3151 et
868 3110 975 3166 propter
987 3101 1062 3165 hoc,
1075 3100 1180 3154 scilicet

646 3187 681 3221 ne
701 3180 839 3237 peoca-ret,
860 3180 888 3220 et
906 3179 1044 3236 peccatum
1068 3171 1179 3223 haberet

644 3243 793 3294 occidendo
817 3244 999 3304 innocentem,
1014 3254 1040 3295 et
1062 3244 1110 3294 Dei
1129 3245 1179 3296 Fi-

645 3314 727 3375 lium,
751 3314 887 3381 querebat
903 3314 1019 3364 Pilatus
1046 3315 1183 3366 dimittere

643 3400 704 3437 eum
729 3385 908 3449 ahsolutum,
933 3385 1062 3451 quamuis
1088 3386 1182 3437 minus

646 3467 716 3508 esset
729 3473 841 3524 peccans
860 3471 943 3522 quem
962 3457 1012 3507 alii
1030 3458 1078 3524 qui
1092 3458 1182 3508 trodi-

642 3529 743 3579 derunt
756 3527 929 3578 illum:non
943 3529 1017 3593 quod
1041 3529 1182 3594 tuncpri-

646 3615 723 3649 mum
738 3599 897 3664 conciperet,
910 3599 956 3649 sed
967 3599 993 3649 si
1015 3599 1092 3665 prius
1104 3599 1180 3651 vole-

649 3675 704 3738 bat,
722 3675 804 3724 modo
827 3675 977 3740 querebat.
996 3675 1084 3740 Supra
1103 3673 1179 3725 enirn

647 3746 766 3796 tentabat
790 3746 883 3798 lesum
908 3745 1058 3808 dimittere;
1078 3745 1129 3797 sed
1146 3759 1180 3796 ex

647 3829 716 3869 tuoe
736 3818 856 3879 omnino
879 3827 907 3868 et
927 3818 1066 3869 constanti
1088 3816 1180 3867 animo

648 3888 785 3956 querebat
804 3887 857 3940 hoc
877 3887 972 3944 licere.
989 3887 1077 3940 ludet
1088 3895 1178 3939 eutem
