2626 4328
205 215 251 264 na
267 212 524 271 assuuprrour,
542 211 589 262 sr
604 209 722 262 tauns
738 213 867 263 asara
884 192 1046 264 VlRGlNIS.

62 334 96 383 ab
128 330 406 397 intemperantissime
433 328 507 379 inore
536 328 596 377 leo-

64 419 156 454 num:
181 419 236 452 non
259 402 393 452 servanda
403 399 491 450 'Maria
513 399 597 449 tantis

63 476 152 524 dotata
164 473 271 523 meritis
285 471 440 523 uirtutum?
456 471 520 520 Haec
528 484 596 534 ergo

64 556 159 596 cuncta
175 559 236 610 quae
248 545 380 603 diximus,
392 543 457 609 quia
472 551 596 592 naturam

65 617 199 667 servantia
217 632 272 665 non
287 614 489 680 cognoscimus,
504 612 533 661 in
550 611 598 661 in·

63 689 185 754 tegritate
207 703 317 752 quoque
337 686 431 736 Mariae
451 686 512 750 plus
536 697 598 750 gra·

64 760 129 809 tiam
151 773 234 823 quam
250 767 378 806 ‘naturam
395 756 518 822 potuisse
542 769 597 804 non

66 830 233 880 dubitamus.
247 831 287 878 Ac
302 844 349 893 per
367 828 418 878 hoc
431 828 537 878 videtur
547 826 598 877 lae-

67 900 116 950 tari
144 899 228 948 Maria
256 899 348 948 anima
378 907 403 948 et
425 913 543 964 corpore
569 897 598 947 in

67 973 178 1037 proprio
193 971 274 1031 Filio,
289 986 337 1020 nec
351 970 436 1020 ullam
445 971 546 1021 debere
561 984 598 1020 se·

67 1045 114 1110 qui
135 1042 317 1108 corruptionis
332 1056 492 1102 aerumnam,
512 1052 615 1108 quum·

68 1114 143 1163 nulla
158 1123 247 1163 secuta
263 1122 312 1172 est,
337 1121 443 1162 tantum
469 1111 598 1178 pariendo

67 1185 169 1234 Filium
193 1183 357 1249 integritatis
378 1183 517 1249 corruptio
539 1200 546 1232 ε
568 1192 600 1232 ut

67 1256 103 1306 sit
124 1269 229 1319 semper
247 1254 412 1319 incorrupta,
429 1269 511 1320 quarn
526 1262 600 1304 tanta

68 1325 186 1391 permrdit
207 1325 308 1391 gratia,
332 1325 367 1374 sit
388 1325 533 1390 integriter
551 1324 600 1374 'vi-

66 1412 140 1457 vens,
167 1412 228 1463 quae
246 1397 377 1446 omnium
395 1396 532 1462 :integram
550 1411 598 1461 ge-

67 1471 128 1520 nuit
141 1470 233 1520 uitam.
249 1470 356 1533 Siergo
373 1469 440 1528 dixi,
455 1477 486 1519 ut
493 1469 578 1518 debui
592 1486 598 1520 :

66 1541 194 1606 approba,
208 1539 324 1598 Christe,
337 1549 367 1588 tu
382 1548 408 1587 et
424 1538 464 1588 tui
477 1553 485 1601 ;
496 1538 543 1588 sin
558 1553 602 1588 au-

64 1623 118 1661 tern
138 1620 170 1662 ut
192 1626 246 1660 non
262 1609 361 1671 debui;
381 1609 504 1674 ignosce,
518 1610 601 1660 obse-

70 1697 124 1741 cre,
143 1692 182 1746 tu,
198 1692 224 1732 et
237 1681 278 1731 tui
289 1698 299 1730 .:
315 1701 329 1728 n
344 1682 402 1731 haec
419 1682 601 1746 Augustinus.

99 1753 114 1803 3
131 1755 242 1804 Gconra
251 1767 444 1802 nssuuarrours
454 1753 484 1801 Bt
495 1753 601 1801 Maura.

68 1853 98 1861 -
124 1824 169 1874 Sic
194 1839 257 1889 ergo
285 1839 342 1872 non
371 1832 412 1872 est
437 1823 602 1873 credendum

66 1897 139 1962 quod
153 1896 238 1945 Maria
250 1905 358 1945 mortua
375 1911 434 1945 non
448 1895 539 1956 fuerit,
555 1894 611 1946 sed'

66 1977 173 2016 mortua
189 1975 238 2026 est,
253 1976 385 2016 attamen
400 1981 462 2015 caro
471 1965 534 2028 ejus
545 1981 600 2014 non

62 2039 241 2103 computruit.
267 2038 368 2088 Anima
389 2039 534 2103 conjuncta
560 2047 601 2088 est

74 2120 157 2160 tereto
183 2112 288 2177 corpori
306 2121 427 2175 mortuo,
450 2121 477 2161 et
497 2111 535 2162 ita
553 2126 599 2161 as-

64 2191 174 2246 sumpta
188 2192 228 2232 est
239 2183 271 2231 in
285 2184 392 2242 cmlum,
410 2197 472 2232 cum
487 2197 598 2247 torpore

64 2251 220 2315 glorificato.
240 2252 310 2302 Vera
326 2262 415 2302 autem
435 2262 461 2303 et
481 2251 598 2302 'indubi-

64 2330 118 2371 tata
137 2322 240 2387 deeius
257 2322 446 2388 assumptione
462 2321 599 2372 sententia

65 2394 122 2443 haec
146 2409 206 2444 esse
230 2396 368 2460 probatur,
393 2404 433 2454 ut,
449 2394 598 2444 secundum

64 2470 234 2532 Apostolum,
255 2470 316 2520 siue
338 2471 368 2519 in
389 2483 513 2533 corpore,
538 2469 599 2518 sive

64 2546 147 2590 extra
179 2555 276 2608 corpus
304 2542 460 2608 ignorantes
490 2556 598 2598 assum-

64 2619 147 2674 ptam,
175 2620 266 2661 tamen
295 2622 321 2661 et
349 2611 490 2661 exaltatam
515 2625 598 2676 super

63 2698 159 2733 omnes
183 2683 281 2733 choros
310 2683 477 2750 Angelorum
493 2684 598 2751 'meda-

63 2770 134 2805 mus.
164 2756 242 2806 Unde
265 2756 481 2824 Hieronymus:
503 2773 516 2802 ι(
529 2755 597 2805 ilaec

64 2836 104 2876 est
117 2826 175 2878 dies
191 2828 327 2892 praeclara,
350 2828 379 2877 in
396 2842 550 2893 qualisque
565 2827 598 2878 ad

64 2899 598 2950 thronicelsitudinemintemerataMa-

62 2978 104 3017 ter
125 2978 156 3018 et
183 2970 267 3035 Virga
293 2969 435 3035 processit,
459 2979 541 3035 atque
569 2968 598 3018 in

63 3040 139 3104 regni
149 3041 218 3091 solio
230 3042 375 3092 sublimata
382 3051 446 3107 post
455 3041 597 3092 Christum

63 3110 180 3173 gloriosa
203 3113 311 3163 resedit.
323 3112 371 3162 ¹Sic
385 3112 479 3178 itaque
496 3111 599 3178 ubique

63 3180 229 3232 coruidenter
239 3184 276 3233 >de
284 3183 342 3233 'illa
355 3193 449 3235 sancta
462 3183 512 3232 Dei
527 3181 600 3232 canit

64 3251 191 3313 Ecclesia,
214 3254 288 3319 quod
312 3254 347 3304 de
368 3254 444 3304 nuilo
459 3253 514 3303 alio
528 3254 599 3303 San-

63 3330 171 3372 ctarum
194 3322 237 3373 ias
260 3335 301 3374 est
328 3325 443 3384 credere,
472 3333 502 3373 ut
529 3323 600 3372 ultra

63 3392 231 3456 Angelorum
247 3394 290 3443 uel
299 3393 532 3459 Archangelorum
547 3406 601 3442 ma·

63 3463 115 3514 rita
128 3467 335 3528 transcenderit,
355 3467 423 3532 quia
444 3466 495 3517 etsi
518 3465 599 3516 simi-

62 3535 150 3587 litudo
177 3539 356 3604 promittitur,
372 3538 481 3589 Sanctis
502 3538 601 3590 verita

63 3608 222 3674 denegatur.
235 3611 278 3660 Ad
292 3611 370 3675 cuius
388 3609 507 3675 profecto
518 3624 600 3661 'exse-

64 3679 153 3744 quias,
181 3691 315 3747 quantum
339 3680 380 3730 fas
410 3691 451 3731 est
482 3682 598 3742 credere,

63 3754 266 3804 tumulabuntur
287 3753 395 3819 angeli,
413 3762 440 3803 et
465 3753 600 3805 universae

65 3825 124 3876 coeli
149 3825 406 3892 congratulabantur
419 3825 512 3887 carita,
536 3825 600 3893 quia

1126 215 1179 283 ,79³

649 327 813 378 credendum
837 337 878 378 est
900 328 1029 378 militiam
1053 329 1183 381 coelorum

649 415 711 449 cum
726 400 784 450 suis
797 401 955 466 agminibus
964 400 1184 454 ¹iustineobuiam

649 471 759 521 venisse
778 472 909 522 Genitriei
933 471 993 531 bei,
1012 487 1126 538 eamque
1134 473 1186 523 lin-

650 545 1187 613 gentilismiuecircumfulsisse,etusque

650 617 682 666 ad
703 617 849 678 thronum,
860 617 932 668 oiim
951 617 1007 668 sibi
1031 617 1189 670 etia-munte

650 688 874 739 constitutionem
909 688 1007 738 mundi
1042 698 1183 755 paratum,

650 776 712 810 curn
725 760 854 811 laudibus
870 770 897 811 et
907 759 1022 811 canticis
1033 760 1187 826 spirituali-

651 833 702 882 bus
716 832 899 898 perduxissee.
911 833 987 882 Nulli
1001 832 1116 883 dubium
1129 849 1187 883 om-

652 920 715 955 nem
747 905 821 955 iilam
852 906 992 955 *caelestem
1020 907 1183 968 Jerusalem,

650 987 716 1026 tunc
738 977 886 1026 exsultasse
914 975 1043 1026 ineffabili
1072 975 1183 1038 ltetitia,

651 1057 716 1096 tunc
733 1045 905 1110 iucundatam
922 1061 982 1097 esse
1000 1047 1183 1098 inestimabili
1209 1097 1214 1106 ,

651 1117 770 1180 caritate,
786 1127 908 1183 tuncque
921 1133 982 1167 cum
994 1119 1074 1169 omni
1089 1127 1183 1186 gratu·

651 1188 752 1239 latione
779 1188 919 1254 jubilasse.
942 1188 1082 1248 Quoniam
1105 1188 1184 1239 festi-

652 1260 720 1309 vitas
747 1260 806 1310 haec
837 1274 897 1325 que
925 1257 1005 1308 nobis
1037 1257 1185 1309 revolvitur

652 1345 752 1391 annua,
764 1329 824 1380 illis
833 1328 967 1378 omnibus
980 1327 1047 1378 iacta
1064 1336 1186 1378 estcon-

653 1399 737 1451 tinua.
751 1400 806 1450 Nec
826 1399 983 1450 immerito:
1000 1398 1117 1448 creditur
1130 1408 1187 1449 ete·

654 1471 709 1520 nim
736 1471 809 1537 quod
830 1471 957 1528 Salvator
974 1469 1099 1520 omnium
1120 1470 1187 1535 ipse,

654 1553 788 1610 quantum
813 1544 897 1594 alatur
924 1542 1055 1608 bitalligi,
1083 1557 1132 1607 per
1159 1556 1193 1592 se*

655 1624 727 1665 totos
741 1613 852 1666 festivus
865 1614 990 1674 occurrit,
1007 1623 1107 1663 etcum
1117 1608 1188 1680 gau-

655 1686 701 1736 dio
714 1701 774 1736 eam
792 1701 883 1736 secum
900 1686 933 1735 in
950 1685 1051 1735 throno
1069 1686 1187 1735 colloca·

654 1756 702 1807 vit.
715 1757 798 1816 ,Quod
817 1756 842 1807 si
867 1755 997 1822 gaudium
1016 1754 1047 1805 fit
1070 1755 1099 1805 in
1113 1755 1192 1806 coelis·

654 1829 687 1879 de
715 1829 838 1896 quolibet
853 1837 1008 1894 ‘peccatore
1035 1841 1187 1890 conseruo,

655 1901 742 1950 multo
767 1899 857 1966 magis
882 1899 1037 1965 putandum
1059 1908 1109 1958 est,
1133 1903 1187 1964 pro

653 1979 734 2021 tantae
745 1970 865 2036 Virginis
879 1968 1076 2020 exaltationem
1090 1967 1186 2034 gloria

652 2041 725 2106 quoti
738 2041 885 2091 exsultatio
896 2039 929 2089 fit
938 2039 966 2088 in
977 2037 1184 2104 supernisiCu·

651 2112 693 2175 jus
706 2110 837 2161 nimirum
851 2109 984 2160 festivitas
994 2109 1119 2158 omnium
1134 2124 1184 2160 su-

651 2198 798 2247 pernorum
822 2190 862 2232 est
883 2179 1018 2246 gloriatio,
1045 2180 1184 2229 coelicola-

650 2269 767 2319 rumque
797 2251 1007 2318 congratulatio,
1030 2250 1183 2315 prasertim

650 2323 714 2390 quia
733 2325 792 2388 eius
808 2322 961 2382 celebritas,
976 2323 1035 2371 laus
1062 2330 1087 2380 et
1109 2321 1184 2371 favor

650 2406 690 2445 est
712 2394 866 2444 Sabratoria.
892 2394 971 2444 Unde
989 2392 1138 2452 credimus,
1149 2401 1184 2442 ‘ut

650 2481 731 2531 supra
755 2464 856 2515 dictum
881 2475 931 2523 est,
946 2463 1019 2530 quod
1037 2479 1092 2513 non
1107 2463 1184 2513 bunc

648 2546 754 2585 tantum
768 2535 842 2586 diem
851 2535 1006 2585 solemnem
1017 2535 1126 2584 »ducunt
1136 2549 1185 2600 pro

649 2609 706 2673 eius
723 2623 815 2658 amore
829 2622 963 2668 annuum,
984 2622 1078 2656 aerum
1094 2606 1185 2656 nonti-

650 2697 737 2730 nuum
754 2681 835 2731 etiam
847 2690 875 2732 et
884 2691 1018 2731 aternum
1029 2679 1185 2746 jucundita-

649 2752 685 2802 tis
693 2746 840 2811 etltetitia'e,
852 2751 1034 2803 venerationis
1043 2749 1184 2814 obsequio,

649 2843 711 2877 cum
726 2827 803 2877 omni
814 2827 938 2892 tripudio
957 2825 1058 2874 amoris
1072 2833 1102 2873 ¹et
1118 2837 1185 2888 gau-

650 2895 699 2946 dii.
724 2897 778 2946 Nec
802 2896 940 2946 immerito
955 2894 1046 2943 omnis
1065 2893 1112 2942 illa
1127 2907 1183 2941 cce-

650 2967 724 3018 lestis
734 2967 828 3017 obitas
843 2965 1042 3032 congratulatur
1062 2973 1088 3012 et
1101 2977 1184 3031 uene7

651 3047 725 3088 ratur
739 3038 861 3100 Matrem,
877 3036 955 3100 cujus
965 3049 1076 3099 semper
1092 3034 1185 3083 adorat

652 3109 749 3160 Filium
764 3109 884 3175 Regem3
898 3117 1051 3173 antequem
1059 3112 1185 3157 tremunt

652 3180 808 3239 Potestates,
824 3188 850 3228 et
859 3186 991 3228 curvatur
1002 3191 1088 3227 «omne
1100 3190 1183 3242 genu.

652 3251 739 3310 Quam
761 3249 788 3300 si
809 3248 952 3315 diligenter
966 3247 1093 3313 aspicias,
1113 3244 1184 3296 nihil

651 3323 758 3374 uirtutis
768 3332 817 3384 est,
832 3323 902 3372 nihil
911 3319 1101 3388 speciositatis,
1111 3318 1190 3369 nihil-

652 3395 804 3460 splendoris
824 3406 850 3445 et
868 3395 973 3460 glorie,
987 3392 1066 3459 ¹quoti
1081 3407 1141 3442 non
1156 3387 1184 3440 in

651 3481 682 3517 ea
708 3466 885 3532 resplendeat.
915 3463 948 3514 Et
970 3463 1031 3515 ideo
1053 3462 1077 3513 si
1100 3462 1186 3528 placet

651 3536 712 3588 talis
723 3548 749 3589 et
767 3548 840 3588 tanta
853 3535 947 3603 Virgo,
957 3537 1061 3602 placeat
1080 3545 1186 3600 etopus

651 3607 770 3673 v'irtutis,
793 3609 869 3674 cuj-us
888 3609 944 3657 vita
958 3607 1084 3657 omnium
1099 3604 1196 3656 disci-¹

652 3681 727 3747 plina
737 3691 786 3741 est,
799 3681 876 3745 cujus
886 3694 978 3729 moras
987 3679 1115 3730 instituta
1122 3683 1188 3726 sunt

652 3755 777 3804 omnium
787 3752 981 3814 'Ecclesiarum
988 3767 1050 3818 quae
1061 3747 1191 3818 praece'llit·

652 3827 764 3884 cunctis,
779 3825 962 3892 supereminet
971 3822 1112 3875 uniuersis.
1124 3821 1189 3870 Pro-
