2626 4328
298 213 345 264 DE
361 211 565 271 utrumvis,
583 210 620 260 IN
640 209 808 261 PASSIONE
822 208 959 259 DOMINI.

56 340 85 389 in
113 349 198 386 carne
219 331 323 384 venisse
351 340 456 398 negant.
483 329 596 390 Tertio,

57 405 211 458 secundum
236 402 417 468 Gregorinm,
446 401 474 451 in
502 399 596 450 faciem

57 475 163 528 Christi
186 483 359 539 conspuunt,
386 472 432 538 qui
457 472 544 537 justos
571 479 598 520 et

57 556 165 600 sanctos
185 546 214 595 in
233 544 357 610 praesenti
378 543 432 593 vita
448 541 597 601 confutant,

58 621 125 673 etin
143 634 242 671 eorum
258 617 437 668 contumelias
455 616 528 666 fluxa
541 630 598 666 ver-

60 693 100 753 ba,
118 689 201 758 quasi
225 688 341 739 fluentes
360 687 455 738 salivas
475 685 596 736 mittunt.

10 816 17 829 ,
60 763 164 823 Quarto
188 769 276 826 potest
298 758 361 817 dici,
380 759 452 824 quod
473 757 505 807 ad
522 756 596 806 litte-

60 850 116 886 ram
126 833 272 885 Christum
285 831 314 880 in
328 831 421 881 faciem
434 837 595 896 conspuunt,

61 906 105 974 qui
118 903 325 956 Eucharistiam
343 902 453 968 indigne
466 910 594 963 sumunt;

61 977 218 1044 quicunque
231 973 306 1024 enim
319 975 421 1039 polluta
434 971 596 1023 conscientia

61 1048 167 1114 Corpus
188 1045 293 1096 Christi
317 1044 345 1094 in
370 1061 400 1095 os
424 1061 505 1095 suum
527 1042 596 1094 acci-

15 1132 19 1137 ·
62 1119 151 1184 piunt,
165 1117 194 1167 hi
209 1116 291 1166 saliva
306 1131 354 1166 sua
368 1125 474 1182 peccato
489 1113 595 1173 inlecta,

62 1197 260 1240 sacramentum
282 1187 451 1253 contingunt,
477 1185 595 1236 madela-

61 1259 135 1310 ciunt
154 1268 181 1309 et
196 1258 359 1324 deglutiunt,
377 1272 407 1307 ac
427 1272 474 1322 per
494 1257 545 1307 hoc
567 1255 595 1305 in

62 1331 153 1382 faciem
176 1330 280 1382 Christi
308 1340 470 1396 conspuunt.
494 1329 596 1388 Quinto

10 1432 16 1443 ·
62 1402 88 1453 in
110 1401 209 1454 faciem
231 1400 335 1451 Christi
360 1408 521 1466 conspuunt,
548 1399 595 1465 qui

10 1490 13 1515 ³
62 1477 184 1543 praelatos
214 1491 279 1527 suos
302 1485 488 1525 contemnunt.
512 1475 596 1533 Item,

62 1557 135 1599 sexto
156 1547 185 1597 in
206 1545 302 1597 faciem
322 1545 423 1596 Christi
446 1544 597 1610 despective

10 1668 12 1680 ,
62 1626 221 1684 conspuunt,
234 1616 283 1683 qui
298 1616 395 1682 gratias
409 1616 465 1665 Deo
481 1616 513 1664 de
526 1631 597 1682 quo-

10 1684 12 1707 *
63 1689 127 1740 libet
144 1689 198 1739 sibi
218 1687 281 1738 dato
303 1703 413 1738 munere
432 1703 487 1737 non
502 1698 595 1753 agunt.

10 1792 16 1801 ·
64 1762 269 1813 -Secundum
291 1761 483 1811 documentum
503 1771 551 1820 est,
566 1768 597 1809 ut

10 1838 12 1843 '
65 1849 113 1885 nos
136 1834 188 1885 ista
208 1843 288 1900 sputa
310 1833 478 1900 turpissima,
498 1842 524 1882 et
546 1831 597 1883 alia

15 1940 18 1945 -
64 1904 128 1956 facta
144 1904 343 1972 exprobrabilis
359 1903 493 1955 Passionis
513 1903 597 1954 Chri-

64 1978 106 2042 sti,
120 1978 201 2028 nobis
210 1978 243 2029 ad
256 1993 382 2044 magnam
393 1977 506 2044 gloriam
521 1992 597 2042 repu-

19 2086 22 2091 .
64 2057 159 2100 temus.
176 2049 255 2100 Unde
273 2048 485 2114 Chrysostomus
499 2065 507 2098 :
523 2065 537 2093 n
553 2047 597 2096 At-

65 2122 140 2171 tende
149 2119 225 2186 quod
234 2118 411 2184 Evangelista,
418 2134 480 2169 curn
491 2131 597 2168 summa

65 2191 202 2257 diligentia
216 2205 247 2240 ea
261 2205 322 2256 quae
337 2189 463 2240 videntur
476 2205 533 2240 esse
550 2204 596 2238 ex-

65 2259 268 2325 probratissima
282 2260 401 2326 exponit,
419 2259 488 2310 nihil
505 2259 596 2310 occul-

66 2341 121 2384 tans
131 2332 175 2385 vel
190 2331 329 2394 omittens,
343 2341 389 2381 aut
401 2331 596 2388 verecundans,

67 2403 108 2452 sed
126 2401 242 2470 gloriam
268 2401 426 2452 existimans
450 2402 596 2452 max-imam

68 2472 267 2523 Dominatorem
293 2472 367 2522 orbis
391 2482 522 2522 terrarum
548 2488 597 2538 pro

69 2542 144 2594 nobis
164 2542 229 2594 talia
252 2543 395 2593 sustinere.
419 2544 482 2593 Haec
506 2553 596 2593 autem

68 2613 183 2681 legamus
195 2613 334 2674 continue,
345 2614 402 2663 haec
415 2623 514 2664 nostrae
525 2629 598 2664 men-

68 2688 86 2738 ti
107 2689 307 2747 inscribamus,
331 2699 356 2739 et
380 2689 408 2737 in
430 2688 474 2738 his
492 2689 597 2754 glorie-

70 2774 125 2811 mur
143 2777 151 2810 :
172 2778 186 2807 n
209 2759 267 2810 haec
286 2759 505 2824 Chrysostomus.
521 2759 557 2809 Et
574 2759 597 2810 si

70 2829 174 2895 quidem
198 2829 272 2880 istud
296 2830 487 2880 documentum
512 2829 598 2896 possit

70 2902 154 2955 referri
176 2903 210 2954 ad
232 2903 340 2968 singula
359 2912 457 2968 puncta
470 2903 597 2953 Domini-

70 2975 274 3035 certissimis,
296 2976 429 3043 praecipue
455 2986 545 3027 tamen
565 2977 597 3027 ad

70 3046 136 3097 istud
162 3046 237 3113 quod
260 3045 298 3096 sic
328 3047 597 3113 exprobratissimum

70 3116 123 3170 fuit.
137 3118 179 3169 nd
199 3116 423 3168 conformandum
438 3134 466 3168 se
478 3119 541 3168 huic
555 3134 599 3168 ar-

70 3190 155 3251 ticulo,
171 3189 272 3241 formet
293 3190 376 3240 homo
398 3189 424 3240 in
446 3201 535 3241 mente
550 3205 599 3241 sua

70 3260 221 3320 Christum,
244 3269 301 3310 tam
325 3260 491 3311 horribiliter
511 3261 599 3327 sputis

70 3333 93 3380 ln
104 3330 173 3382 facie
194 3331 377 3397 deturpatum,
392 3342 418 3382 et
440 3332 600 3399 regratietur

71 3402 116 3454 tibi
136 3418 187 3470 pro
203 3418 303 3470 magna
316 3404 402 3470 gloria
423 3413 522 3455 nostra.
543 3406 598 3455 Re-

69 3473 164 3540 cogitet
186 3474 269 3525 etiam
296 3474 403 3541 quoties
424 3474 480 3540 ipse
504 3474 598 3526 faciem

70 3540 137 3595 illem
161 3544 389 3612 speciosissimam
409 3546 438 3596 in
459 3546 599 3597 eonscien-

70 3613 305 3683 tissuapollui13
329 3617 403 3678 item,
425 3618 531 3684 quoties
555 3618 599 3668 in·

70 3685 143 3755 digne
157 3690 385 3741 communicando
396 3690 469 3756 sputi
483 3690 524 3740 sui
537 3706 599 3741 con·

71 3765 147 3811 tractu
166 3759 310 3811 Christum
324 3760 508 3811 sordidaverit.
522 3762 596 3823 Jesu,

71 3829 109 3892 nri
117 3829 265 3882 immundis
275 3832 432 3883 Judaeorum
445 3832 531 3899 sputis
539 3833 597 3898 pul·

140 3945 212 3997 Vrrn
233 3945 297 3996 Jrsu
318 3946 437 4005 Cnatsrr,
455 3961 543 3997 tonus
558 3946 601 3998 lV.

1133 206 1182 258 503
1230 260 1233 266 ,

650 326 811 377 cherrimanr
830 325 935 390 faciem
959 331 1032 374 ruam
1053 323 1186 375 maculari

650 397 767 460 voluisti,
788 398 823 446 da
837 396 903 445 mihi
918 401 970 445 tuae
986 395 1116 460 imaginis
1131 395 1184 460 sa-

650 470 716 521 ciem
735 470 815 520 inme
833 483 968 534 nunquam
978 468 1051 521 atreis
1065 467 1185 518 sordidis

649 542 767 605 actibus,
789 548 838 591 aut
860 539 1071 607 cogitationibus
1094 538 1184 605 inqui-

650 612 720 663 nari.

685 701 715 735 12
737 685 858 734 Vscnrro
880 700 966 734 rietur
988 685 1107 743 Cnnrsm,
1130 699 1183 734 nuo

649 770 807 805 DOCUMENTA
825 770 858 803 Ex
873 771 916 814 EA,
930 770 1013 804 news
1030 769 1184 804 CONFORMA·
1268 780 1271 785 ·

649 844 737 878 riorus
757 843 789 876 rr
811 842 919 877 nanno.
938 856 967 864 -
986 828 1045 878 Alii
1061 827 1183 877 velabant
1199 821 1203 832 ’

643 898 748 963 faciem
767 898 834 964 ejus,
853 899 926 963 quod
948 898 1070 948 velamen
1094 906 1184 947 manet

649 985 736 1036 usque
757 969 839 1019 hodie
861 984 944 1033 super
966 970 1045 1020 corda
1070 985 1183 1033 eorum,

649 1046 713 1110 quia
725 1047 759 1096 ab
775 1045 813 1095 eis
826 1043 920 1093 faciem
941 1060 1019 1094 suam
1035 1045 1183 1096 abscondit.

649 1116 785 1166 Oinsana
808 1114 920 1173 caecitas‚
943 1124 969 1164 et
991 1131 1056 1165 caeca
1080 1115 1185 1165 insania

648 1187 797 1239 infelicium
821 1187 996 1248 ludaeorum,
1021 1187 1084 1252 quia
1110 1187 1183 1237 illam

648 1259 854 1310 desiderabilem
869 1257 975 1319 faciem,
990 1274 1071 1324 quam
1089 1260 1185 1309 adven-

648 1341 736 1382 turam
763 1331 852 1381 Patres
873 1345 967 1379 eorum
996 1339 1022 1378 et
1046 1329 1186 1395 Prophetae

648 1421 710 1456 cum
724 1406 805 1469 longo
820 1403 942 1470 suspirio
957 1403 1194 1465 desideraverunt,'

649 1475 700 1541 ipsi
726 1473 845 1524 infelices
869 1490 930 1523 cum
956 1482 1115 1539 praesentem
1136 1473 1186 1523 ha-

649 1546 781 1605 buerunt,
802 1554 856 1594 tam
877 1543 1057 1610 ignominiose
1080 1543 1186 1594 velave-

648 1618 726 1670 runt!
754 1619 925 1682 Velaverunt,
949 1618 1074 1684 inquam,
1098 1628 1128 1669 ut
1149 1617 1186 1668 ait

649 1693 734 1757 Beda,
755 1707 809 1741 non
831 1685 860 1741 ut
881 1691 938 1758 ipse
958 1691 1068 1741 illorum
1086 1691 1186 1742 scelera

649 1783 704 1816 non
720 1766 823 1830 videat;
841 1765 887 1815 sed
908 1775 938 1815 ut
952 1781 966 1814 a
981 1764 1078 1831 seipsis
1090 1764 1185 1815 faciem

649 1835 675 1890 e't
691 1839 804 1907 gratiam
820 1839 982 1904 cognitionis
996 1839 1053 1903 ejus
1069 1838 1185 1888 abscon-

649 1912 751 1960 derent.
767 1911 953 1962 Ostendcrunt
967 1926 1013 1976 per
1031 1909 1082 1959 hoc
1103 1910 1185 1959 etiam

651 1981 809 2042 nescienter,
829 1982 902 2048 quod
923 1981 950 2031 in
969 1980 1064 2031 faciem
1083 1979 1184 2030 Christi

650 2053 741 2102 nullus
756 2051 875 2103 infidelis
887 2063 913 2103 et
925 2067 1035 2102 aversus
1049 2067 1063 2100 a
1074 2050 1131 2101 Deo
1146 2050 1185 2100 in-

649 2122 717 2172 tueri
740 2133 841 2188 potest;
859 2122 923 2188 quia
939 2133 978 2173 est
992 2122 1026 2171 ab
1038 2121 1077 2171 eis
1090 2122 1184 2171 velata.

648 2194 685 2243 Et
694 2193 791 2244 similis
801 2194 868 2244 ratio
881 2205 921 2244 est
931 2195 963 2242 de
976 2192 1050 2242 falsis
1058 2191 1187 2242 Christia-

648 2264 700 2314 nis.
710 2264 771 2324 Sed,
782 2265 851 2314 sicut
863 2264 930 2314 dicit
939 2263 1086 2328 Apostolus
1098 2278 1105 2310 z
1118 2261 1185 2311 Cum

648 2339 709 2402 quis
738 2351 884 2388 conversus
904 2336 995 2402 snei-it
1018 2335 1055 2384 ad
1081 2334 1184 2396 Deum,

650 2417 711 2460 tunc
725 2412 868 2478 auser-etur
882 2409 1010 2459 velamen.
1028 2409 1066 2458 Ex
1082 2407 1135 2457 hoc
1150 2422 1188 2457 ar·

650 2482 734 2532 ticulo
746 2481 889 2531 velationis
901 2480 976 2530 faciei
990 2481 1124 2531 habentur
1134 2480 1190 2546 plu·

650 2568 678 2601 ra
700 2552 876 2602 documenta.
898 2551 1030 2612 Primum,
1048 2551 1121 2617 quod
1139 2566 1189 2601 nos

650 2638 757 2673 summe
775 2638 927 2685 caveamus,
949 2638 983 2672 ne
1003 2623 1124 2672 velamen
1138 2637 1189 2671 an-

650 2705 675 2744 te
705 2694 807 2745 Christi
838 2694 932 2744 faciem
956 2708 1106 2760 ponamus;
1127 2693 1188 2753 sed,

651 2765 719 2816 heu!
737 2766 816 2817 multi
831 2766 978 2818 Christiani
994 2767 1114 2816 velamen
1128 2774 1188 2814 ante

651 2836 751 2888 Christi
772 2836 866 2887 faciem
885 2847 998 2903 ponunt,
1012 2837 1105 2902 quales
1123 2845 1187 2885 sunt

650 2907 697 2974 qui
722 2908 849 2959 infronite
871 2919 994 2975 peccant,
1018 2906 1095 2973 quasi
1113 2906 1185 2956 Deus

650 2995 696 3030 eos
711 2995 766 3030 non
786 2979 887 3040 videat;
905 2979 998 3044 quales
1021 2978 1100 3028 etiam
1121 2986 1185 3026 sunt

650 3050 698 3115 qui
719 3051 770 3100 sub
791 3049 925 3100 velamine
946 3047 1085 3111 cuiusdam
1100 3046 1184 3097 liber-

650 3121 713 3171 tatis
733 3120 816 3170 libere
838 3129 956 3183 peccant.
972 3118 1049 3176 Item,
1063 3117 1183 3167 velamen

650 3203 712 3242 ante
739 3190 840 3241 Christi
870 3189 964 3240 faciem
990 3199 1110 3255 ponunt,
1137 3188 1184 3255 qui

651 3262 797 3328 imaginem
808 3261 856 3310 Dei
873 3259 900 3310 in
917 3276 945 3310 se
958 3259 1090 3310 velamine
1102 3259 1186 3325 culpae

652 3343 676 3383 et
697 3332 855 3398 ignorantis
881 3332 1012 3397 obtegunt
1036 3339 1062 3380 et
1085 3331 1186 3381 obscu—

651 3414 723 3467 rant;
737 3403 802 3452 dicit
817 3401 889 3453 enim
904 3402 1101 3469 Hieronymus,
1113 3401 1186 3468 quod

651 3477 711 3527 ideo
727 3475 853 3526 Christus
869 3490 918 3540 pro
933 3474 1012 3525 nobis
1035 3471 1117 3524 velari
1137 3489 1187 3523 vo-

652 3549 709 3612 luit,
723 3557 753 3598 ut
767 3547 898 3598 velamine
913 3546 988 3597 faciei
1003 3562 1057 3597 suae
1067 3546 1188 3596 velamen

652 3622 736 3686 culpae
751 3631 776 3670 et
796 3619 955 3685 ignorantiae
968 3635 983 3669 a
997 3618 1125 3668 cordibus
1139 3633 1188 3666 no-

652 3693 715 3744 stris
729 3689 845 3742 auferret
860 3691 979 3757 insuper,
995 3688 1090 3739 faciem
1105 3687 1189 3739 Chri-

650 3763 684 3814 sti
711 3762 815 3820 velant‚
842 3762 889 3827 qui
911 3777 926 3811 a
953 3759 1051 3826 seipsis
1076 3758 1188 3826 gratiam

652 3832 814 3900 cognitionis
835 3832 893 3896 ejus
911 3830 1090 3882 abscondunt.
1111 3829 1187 3886 Item,

1039 3957 1058 4007 4
