2626 4328
412 255 458 305 DE
475 255 657 306 MENDACIO
672 256 875 310 CUSTODUM.

472 716 637 788 CAPUT
660 719 811 786 LXXIV

405 992 657 1062 De·mendacio
680 993 873 1061 custodum.

488 1265 632 1329 Matthaei
655 1286 722 1349 cap.
746 1271 797 1332 28.

116 1550 126 1584 1
146 1533 267 1584 Rsnsrro
278 1547 418 1583 cusronun
431 1549 464 1582 sn
478 1547 614 1582 rainerius

79 1623 260 1659 sscannorunr.
280 1635 309 1644 -
324 1607 427 1656 Deinde
442 1621 500 1656 cum
514 1605 613 1656 mulie-

79 1693 121 1728 res
135 1678 293 1728 abiissenta
310 1686 498 1735 monumento,
513 1677 545 1726 ad
562 1691 611 1726 ex-

78 1750 205 1813 plendam
235 1747 384 1813 jussionem
414 1746 611 1807 Dominicam,

78 1834 138 1870 ecce
165 1820 273 1885 quidam
300 1819 333 1868 de
365 1818 512 1881 militibus,
541 1817 610 1868 illud

77 1891 314 1950 custodientibus,
341 1890 388 1956 qui
417 1890 543 1941 viderunt
570 1887 612 1939 fa-

77 1971 162 2020 ctum,
179 1971 205 2011 et
221 1961 364 2010 audierunt
378 1961 489 2010 verbum
507 1959 612 2025 angeli-

77 2049 150 2094 cum,
163 2036 297 2096 venerunt,
305 2033 363 2098 ipsa
377 2032 420 2083 die
434 2032 614 2084 Resurrectio·

78 2105 132 2165 nis,
147 2106 173 2155 in
186 2106 330 2166 civitatem,
344 2104 444 2155 scilicet
453 2105 611 2165 Jerusalem,

76 2182 104 2226 et
117 2177 267 2242 pricipibus
282 2176 460 2238 sacerdotum,
481 2175 612 2241 aquibus

76 2246 159 2311 positi
184 2258 259 2297 erant
279 2247 313 2296 ad
336 2246 544 2296 custodiendum
567 2259 612 2295 se-

75 2320 199 2385 pulcrum
215 2319 327 2378 Christi,
348 2319 539 2369 nuntiaverunt
561 2333 613 2368 om-

74 2391 139 2453 nia,
165 2405 224 2454 quae
245 2389 328 2454 facta
347 2389 479 2454 fuerant,
509 2387 611 2437 scilicet

73 2461 178 2510 Christi
203 2460 448 2518 Resurrectionem,
473 2468 499 2507 et
516 2458 611 2523 Angeli

73 2531 222 2582 terribilem
253 2531 449 2597 apparitionem
473 2544 503 2578 ac
531 2539 608 2581 terrae

75 2616 192 2656 motum.
208 2607 240 2655 Et
253 2606 291 2655 sic
306 2620 338 2654 ex
353 2604 397 2654 his
412 2619 473 2670 quae
487 2602 610 2654 viderant

74 2685 102 2727 et
115 2677 255 2726 audierant
269 2675 330 2725 facti
346 2684 418 2734 sunt,
436 2674 534 2724 vellent
548 2673 610 2723 nol-

73 2751 140 2810 lent,
153 2760 235 2801 testes
251 2760 277 2800 et
288 2748 475 2816 praedicatores
489 2745 609 2798 veritatis

72 2830 100 2872 et
114 2819 330 2870 Resurrectionis
344 2819 454 2869 Domini
462 2818 611 2884 triumpha-

73 2892 142 2942 toris
154 2891 263 2954 mortis;
281 2902 306 2941 et
325 2892 377 2941 hoc
391 2890 493 2956 quippe
507 2898 548 2939 est
560 2904 609 2939 va-

72 2961 160 3012 lidum
176 2961 375 3020 testimonium,
388 2959 461 3026 quod
472 2959 505 3009 ab
518 2956 610 3008 inimi-

72 3034 112 3084 cis
130 3044 156 3084 et
173 3033 382 3084 crucifixoribus
398 3031 501 3083 Christi
523 3029 607 3081 Judaei

71 3106 185 3156 audiant
215 3107 305 3172 ipsum
336 3103 492 3155 surrexisse.
520 3102 606 3163 Unde,

71 3177 224 3226 secundum
235 3176 467 3242 Chrysostomum,
475 3171 545 3223 mira
553 3172 607 3222 An·

70 3248 125 3313 geli
139 3248 270 3314 apparitio
288 3257 314 3298 et
327 3257 402 3298 terrae
418 3256 518 3306 motus,
540 3260 607 3311 pro-

71 3328 131 3384 pter
148 3319 248 3370 milites
269 3318 336 3369 facta
360 3328 432 3378 sunt,
458 3328 489 3369 ut
512 3327 606 3382 stupe-

69 3391 175 3451 fierent,
188 3402 214 3442 et
228 3392 262 3442 ab
274 3391 313 3441 eis
328 3391 402 3441 heret
418 3389 606 3441 testimonium

68 3465 205 3530 veritatis;
228 3465 325 3516 veritas
341 3464 414 3515 enirn
434 3461 605 3515 econtrariis

68 3537 206 3604 divulgata
232 3539 317 3605 magis
341 3536 458 3602 effulget.
485 3535 564 3595 Quod
579 3544 605 3586 et

68 3609 191 3675 contigit,
213 3609 320 3676 quando
345 3606 466 3673 praedicti
481 3605 604 3656 custodes

68 3682 258 3733 nuntiaverunt
289 3679 458 3746 principibus
492 3677 602 3743 omnia,

68 3751 220 3817 quaefacta
230 3752 355 3817 fuerant.
372 3748 425 3800 Ubi
441 3748 602 3812 notandum,

68 3824 142 3888 quod
171 3825 292 3875 volentes
324 3821 455 3889 impedire
482 3819 603 3872 divinam

667 1531 874 1598 providentiam,
898 1543 992 1586 contra
1012 1551 1088 1587 suam
1113 1539 1201 1592 inten-

666 1602 767 1653 tionem
784 1615 944 1669 promovent
957 1605 1041 1667 illam,
1057 1608 1125 1659 sicut
1144 1611 1200 1663 fra-

666 1682 720 1723 tres
733 1673 833 1740 loseph
846 1675 1026 1728 vendiderunt
1052 1678 1141 1744 ipsum
1167 1699 1200 1734 ne

666 1745 808 1796 adorarent
822 1762 894 1807 enm,
909 1759 935 1799 et
946 1765 994 1814 per
1005 1751 1056 1802 hoc
1067 1756 1199 1820 compulsi

666 1829 730 1868 sunt
743 1834 806 1869 eum
827 1821 946 1882 adorare,
971 1824 1121 1875 secundum
1137 1843 1201 1892 pro-

664 1888 791 1940 videntiae
803 1890 903 1941 divinae
917 1893 1051 1944 ordinem.
1066 1896 1109 1945 Sic
1122 1897 1200 1962 prin-

664 1958 738 2025 cipes
756 1960 911 2012 Judaeorum
925 1964 1046 2014 volentes
1068 1966 1200 2032 impedire

664 2033 845 2084 celebritatem
861 2035 983 2086 nominis
1005 2038 1117 2098 Christi,
1138 2039 1198 2091 fue-

664 2113 727 2155 runt
756 2105 832 2156 valde
855 2106 996 2172 diligentes
1020 2110 1053 2158 de
1079 2111 1200 2162 custodia

664 2177 810 2242 sepulchri,
829 2188 856 2229 et
872 2195 920 2244 per
943 2179 996 2230 hoc
1014 2182 1144 2232 celebrata
1158 2195 1199 2234 est

664 2247 734 2298 fama
746 2249 779 2299 de
789 2250 899 2299 veritate
910 2265 965 2300 suae
974 2251 1199 2316 Resurrectionis,

664 2327 690 2368 et
717 2333 765 2382 per
796 2334 966 2386 consequens
996 2321 1037 2370 sui
1067 2323 1197 2374 nominis.

664 2388 775 2439 lndocta
805 2389 887 2456 igitur
912 2391 1071 2457 simplicitas
1101 2393 1199 2444 fatetur

663 2458 819 2520 veritatem,
850 2470 937 2511 astuta
966 2477 1029 2512 vero
1057 2463 1199 2529 duplicitas

663 2529 817 2595 principum
844 2532 957 2581 modum
991 2534 1110 2599 quaerit,
1143 2552 1198 2602 quo

663 2613 766 2653 astruat
779 2603 931 2656 falsitatem.
946 2605 1024 2656 Unde
1043 2605 1198 2660 Roianus:

665 2692 678 2721 u
695 2674 816 2740 Simplex
830 2675 913 2726 animi
933 2677 1055 2743 aequitaS,
1077 2689 1102 2729 et
1116 2680 1197 2731 indo·

664 2755 705 2795 cta
719 2745 864 2797 hominum
879 2747 1015 2798 rusticitas
1036 2765 1105 2814 sepe
1123 2751 1197 2801 veri-

663 2827 744 2868 tatem
767 2819 807 2868 rei
832 2819 891 2869 sine
914 2818 1008 2870 fraude
1027 2819 1195 2884 manifestat3

662 2901 689 2941 at
711 2902 806 2941 contra
821 2902 928 2942 versuta
943 2890 1097 2956 malignitas
1120 2891 1198 2942 falsi-

662 2971 745 3013 tatem
760 2961 956 3011 verisimilibus
969 2961 1057 3012 verbis
1070 2977 1118 3025 pro
1134 2977 1196 3012 vero

662 3024 853 3096 commendare
876 3032 991 3082 decertat
1008 3049 1015 3081 :
1030 3051 1043 3078 n
1058 3031 1115 3083 haec
1135 3033 1196 3084 Ra-

662 3108 755 3158 banus.
1152 3152 1156 3158 .

693 3194 708 3227 2
726 3179 888 3228 Mannscruu
910 3193 927 3226 Α
947 3177 1048 3228 lunars
1072 3193 1196 3229 suinvurt-

660 3264 717 3300 ruu
732 3263 765 3298 ar
786 3263 898 3297 rscurur
914 3263 1048 3298 urrtrrsus
1063 3264 1141 3300 narn.
1163 3277 1194 3288 -

660 3319 737 3371 Unde
757 3317 877 3384 nequitia
902 3318 1055 3368 Judaeorum
1079 3334 1125 3383 per
1143 3319 1195 3370 hoc

659 3405 714 3440 non
727 3387 851 3457 quiescit,
869 3388 933 3455 quia
953 3389 1116 3454 congregati
1136 3403 1194 3440 cum

659 3459 819 3522 senioribus,
828 3459 861 3508 ad
876 3458 1087 3524 contingendum
1099 3458 1197 3510 falsita-

659 3543 738 3595 tem,
763 3529 877 3582 consilio
904 3535 1036 3597 accepto,
1064 3530 1194 3580 dederunt

657 3601 788 3654 militibus
811 3600 955 3666 pecuniam
981 3601 1136 3666 copiosam,
1161 3599 1192 3648 ad

658 3671 865 3739 pervertendum
881 3669 1029 3733 veritatem,
1047 3669 1193 3735 injungen-

656 3754 697 3797 tes
713 3743 752 3794 eis
773 3751 803 3792 ut
825 3741 858 3791 ad
874 3740 1070 3808 denigrandam
1089 3741 1200 3791 Resur·‘

657 3815 785 3871 rectionis
813 3814 912 3866 famam
941 3815 1062 3866 dicerent
1085 3830 1092 3864 t
1123 3813 1192 3874 Quia
