2626 4328
152 277 197 326 DE
215 276 404 327 CONCURSU
423 274 543 325 DISCIP.
560 274 606 324 ET
621 273 808 326 MULIERUM
834 275 881 325 AD
897 276 1146 328 SEPULCHRUM.
1172 277 1223 345 675

104 400 169 450 tem,
200 391 349 440 secundum
374 389 567 455 Augustinum,
590 404 637 439 cur

105 464 138 512 ab
151 464 263 527 angela,
276 473 302 512 et
315 478 330 512 a
344 462 461 512 Domino
478 461 635 520 dictumest,

105 535 177 600 quod
203 534 339 599 praecedet
364 547 409 583 eos
433 533 460 582 in
483 531 636 592 Galilaeam,

104 620 166 654 cum
179 603 230 653 hoc
245 604 280 653 sit
290 613 350 668 post
366 604 450 652 multa
465 602 638 667 completum,

106 684 236 724 ettamen
252 673 289 723 sic
304 674 471 730 mandatum,
486 682 516 722 ut
533 682 578 721 aut
589 671 641 720 hoc

107 748 205 809 solum,
219 757 264 796 aut
275 746 325 796 hoc
342 746 460 812 primum
470 755 638 810 exspectare-

107 826 151 866 tur
166 815 222 866 fieri
239 817 374 866 debuisse.
400 817 432 866 Et
457 816 579 876 solvitur,
595 829 640 864 se-

106 888 227 937 cundum
235 887 360 936 eumdem
370 887 559 952 Augustinum,
567 885 640 951 quod

109 957 160 1006 hoc
195 956 376 1022 prophetice,
413 968 438 1006 et
469 954 642 1022 significative

108 1039 150 1079 est
174 1029 367 1094 accipiendum.
392 1029 499 1078 Galilaea
527 1041 643 1092 namque

109 1100 319 1165 interpretatur,
343 1100 383 1149 vel
416 1097 641 1162 transmigratio,

110 1174 151 1222 vel
188 1173 325 1222 revelatio.
363 1174 393 1223 ln
430 1171 541 1221 Galilaea
579 1185 642 1219 vero

111 1243 257 1293 secundum
272 1242 313 1292 vel
334 1241 585 1306 transmigrationis
606 1240 641 1290 si-

112 1312 311 1379 gnificationem
332 1311 537 1377 intelligendum
554 1327 642 1361 occur·

112 1384 156 1445 rit,
181 1383 246 1448 quia
273 1384 306 1432 de
332 1382 432 1448 populo
448 1382 528 1430 lsrael
547 1391 640 1431 trans-

113 1453 253 1519 migraturi
282 1464 357 1502 erant
377 1452 408 1502 ad
436 1453 554 1514 Gentes,
583 1467 661 1518 qute¹

113 1524 250 1589 Apostolis
281 1523 487 1588 praedicantibus
508 1538 564 1571 non
585 1538 643 1573 cre-

114 1597 216 1653 derent,
233 1593 286 1642 nisi
303 1594 360 1659 ipse
375 1593 506 1642 Dominus
521 1593 560 1642 eis
572 1592 643 1642 viam

114 1666 142 1714 in
167 1664 292 1713 cordibus
313 1663 457 1713 hominum
478 1663 645 1728 praeveniens

116 1745 283 1800 praepararet.
318 1735 350 1784 Et
387 1735 438 1784 hoc
474 1734 644 1798 intelligitur,

691 386 856 438 declinantes
867 402 883 438 a
902 389 981 450 malo,
996 397 1022 438 et
1035 388 1162 440 facientes
1174 391 1224 441 bo-

694 473 779 517 num,
801 468 949 524 quaerentes
970 467 996 507 et
1016 459 1146 523 sapientes
1169 476 1224 510 non

693 538 806 588 terrena,
830 529 876 578 sed
898 528 1023 578 coelestia.
1040 547 1054 575 a
1069 529 1139 579 Cum
1161 531 1225 581 dici·
1296 530 1297 533 ’

693 609 736 650 tur
751 616 757 649 :
775 601 817 652 lbi
828 616 885 651 eum
896 601 1027 661 videbitis,
1041 600 1078 651 ait
1088 602 1226 670 Hierony-

693 686 759 733 muS,
782 671 870 721 brevis
884 682 923 721 est
937 672 1069 722 sententia
1084 672 1111 722 in
1138 673 1221 738 sylla·

693 740 756 800 bis,
792 741 838 791 sed
883 741 978 806 ingens
1013 741 1041 791 in
1075 743 1225 807 quantitate

693 813 847 878 promissio.
877 812 916 862 lbi
944 823 984 862 est
1013 814 1103 879 gaudii
1136 814 1221 864 nostri

692 883 763 944 fons,
778 893 803 934 et
813 883 908 934 salutis
922 893 1020 934 nostrae
1032 896 1136 934 aeternae
1150 885 1225 951 origo

694 964 845 1021 praeparata.
864 956 906 1006 Ibi
921 966 1114 1030 congregantur
1127 957 1227 1023 disper·

693 1030 799 1090 siones,
821 1039 846 1079 et
864 1040 993 1079 sanantur
1013 1031 1119 1080 contriti
1139 1031 1226 1082 corde.

694 1098 744 1162 lbi,
761 1099 932 1165 inquitatem
951 1100 1073 1150 videbitis
1079 1118 1089 1163 ,·
1110 1103 1155 1151 sed
1172 1118 1226 1152 non

694 1168 763 1219 sicut
776 1169 901 1237 vidistis:
918 1189 930 1216 a
945 1169 1001 1219 haec
1014 1170 1209 1236 Hieronymus.

729 1253 761 1288 10
784 1239 903 1289 Rarrrro
923 1255 955 1288 an
972 1255 1123 1295 orscuuros
1140 1261 1157 1290 a
1171 1257 1226 1290 uu·

695 1323 817 1358 mantuus
844 1324 935 1359 sacra.
963 1337 992 1346 —
1016 1310 1142 1359 Mulieres
1166 1325 1229 1360 vero

695 1379 820 1428 fraudatae
860 1394 907 1444 spe
942 1395 1010 1439 sua,
1038 1379 1101 1444 quia
1132 1395 1229 1445 corpus

695 1448 805 1498 Domini
818 1449 939 1500 invenire
958 1451 1108 1516 sperabant,
1121 1467 1177 1500 non
1194 1459 1229 1501 at·

696 1523 834 1572 tendentes
847 1522 879 1572 ad
891 1523 970 1572 verba
984 1523 1089 1587 Angeli,
1103 1539 1162 1588 quae
1179 1538 1229 1573 au-

696 1592 808 1655 dierant,
823 1593 972 1649 conterrita
984 1607 1016 1641 ex
1033 1592 1139 1642 insolita
1153 1608 1229 1659 appa·

697 1663 795 1712 ritione
819 1663 996 1729 Angelorum,
1022 1673 1048 1713 et
1072 1675 1224 1729 gementes,

698 1734 761 1800 quia
789 1750 844 1785 non
872 1735 1034 1786 invenerunt
1063 1736 1228 1796 Dominum,

112 1805 247 1870 pracedat
268 1805 353 1854 vorin
371 1804 524 1866 Galilaeam,
538 1805 646 1855 ibicum
669 1831 674 1873 Ι
698 1807 810 1857 redeunt
844 1807 876 1856 ad
905 1806 1070 1872 discipulos,
1095 1807 1229 1867 dicentes,

116 1877 247 1937 videtitis,
268 1877 294 1926 id
309 1887 350 1926 est
361 1876 399 1925 ibi
415 1878 536 1926 membra
547 1891 646 1941 corpo-

117 1950 154 2000 ris
168 1951 234 2014 ejus,
250 1950 323 2015 quod
344 1962 384 2000 est
401 1950 538 2010 Ecclesia,
558 1951 586 2000 in
602 1950 646 1999 his

116 2021 164 2087 qui
181 2037 228 2071 vos
242 2022 417 2086 susceperint,
432 2022 585 2072 invenietis.
599 2022 647 2070 Se-

118 2092 237 2142 cundum
252 2093 318 2141 illud
335 2105 433 2151 autem,
452 2092 525 2158 quod
540 2092 648 2142 Galilaea

119 2164 308 2230 interpretatur
321 2166 459 2228 revelatio,
475 2181 529 2215 non
546 2165 600 2230 jam
618 2165 647 2215 in

119 2235 206 2285 forma
223 2237 292 2286 servi
312 2236 518 2303 intelligendum
531 2247 587 2299 est;
602 2236 648 2287 sed

121 2308 148 2358 in
173 2309 218 2359 illa
242 2310 270 2358 in
294 2325 346 2375 qua
372 2312 482 2375 aequalis
506 2321 546 2360 est
569 2311 648 2370 Patri,

121 2397 202 2448 quam
226 2383 351 2448 promisit
380 2383 558 2433 delectoribus
584 2383 649 2444 suis,

122 2460 148 2501 et
161 2451 224 2501 illuc
240 2469 289 2502 nos
303 2453 446 2517 praecessit,
465 2454 536 2503 unde
553 2453 586 2503 ad
601 2469 651 2503 nos

120 2521 232 2572 veniens
252 2539 306 2572 non
333 2524 449 2583 recessit,
474 2535 500 2574 et
518 2539 573 2589 quo
601 2540 651 2574 nos

122 2594 276 2658 praecedens
294 2609 349 2642 non
373 2594 500 2645 deseruit.
531 2595 578 2644 llla
602 2595 652 2645 erit

122 2663 248 2713 revelatio
274 2674 401 2729 tanquam
428 2680 489 2714 vera
519 2665 651 2726 Galilaea,

121 2749 184 2783 cum
216 2734 317 2784 similes
337 2736 362 2785 ei
379 2735 494 2800 erimus,
526 2736 563 2785 ibi
590 2752 652 2786 eum

123 2803 270 2854 videbimus
302 2806 380 2855 sicuti
407 2813 455 2857 est.
488 2808 548 2872 Ipsa
572 2807 653 2857 etiarn

125 2872 175 2922 erit
200 2873 302 2924 beatior
327 2876 528 2942 transmigratio
550 2891 582 2926 ex
602 2876 654 2927 isto

125 2944 214 2994 seculo
246 2945 274 2994 in
308 2945 380 2997 illam
413 2948 605 3011 aeternitatem,
632 2947 655 2998 si

126 3014 183 3078 ejus
198 3026 328 3080 praecepta
346 3018 383 3067 sic
406 3020 607 3083 amplectamur,
626 3028 657 3068 ut

126 3087 158 3135 ad
176 3087 233 3150 ejus
250 3087 385 3138 dexteram
400 3089 532 3154 segregari
552 3104 656 3140 merea-

127 3171 197 3206 mur.
226 3157 278 3216 Et,
306 3157 454 3207 secundum
484 3158 656 3224 Gregorium,

128 3228 192 3293 quia
208 3229 317 3280 Galilaea
335 3232 544 3297 transmigratio
563 3239 657 3283 sancta

127 3299 326 3366 interpretatur,
340 3313 409 3353 recte
435 3302 464 3353 in
479 3303 589 3354 Galilaea
602 3305 659 3354 Do-

129 3370 220 3420 minus
245 3372 377 3422 videndus
410 3374 548 3424 nuntiatur
573 3390 581 3425 2
605 3374 660 3426 sive

129 3443 194 3508 quia
216 3443 273 3509 ipse
287 3446 319 3495 de
340 3447 511 3511 corruptione
525 3447 553 3496 in
568 3446 661 3498 incor-

130 3515 294 3580 ruptionem,
315 3519 347 3568 de
372 3518 532 3569 mortalitate
551 3518 583 3568 ad
606 3518 661 3569 im-

131 3586 321 3637 mortalitatem
335 3587 455 3650 transiit;
469 3588 525 3640 sive
543 3589 608 3656 quia
620 3589 661 3640 illi

132 3655 165 3706 ad
195 3658 313 3721 speciem
340 3660 396 3724 ejus
430 3661 662 3726 contemplandam

133 3728 273 3790 pervenire
298 3730 482 3790 merebuntur,
508 3730 555 3795 qui
582 3732 663 3781 modo

135 3798 327 3865 transmigrant
341 3800 374 3851 de
387 3801 461 3852 vitiis
483 3800 517 3850 ad
540 3799 663 3865 virtutes,

134 3867 168 3918 de
182 3883 274 3920 amore
295 3871 390 3922 mundi
412 3872 445 3922 ad
466 3887 585 3924 amorem
605 3872 664 3939 Dei,

699 1895 797 1946 corpus
830 1880 940 1930 Domini
977 1889 1046 1931 essct
1084 1881 1248 1930 sublatum.¹

699 1952 830 2004 Nuntiant
849 1953 997 2019 discipulis,
1018 1963 1049 2004 ut
1070 1964 1117 2004 aut
1141 1970 1232 2004 secum

699 2036 874 2091 quaererent,
908 2037 953 2077 aut
981 2041 1071 2076 secum
1102 2027 1231 2076 dolerent.

699 2096 738 2145 De
762 2095 865 2160 Angelo
893 2095 1003 2162 quidem
1031 2105 1057 2145 et
1086 2097 1142 2159 ejus
1172 2111 1233 2146 ver-

700 2165 751 2224 bis,
770 2165 870 2231 quibus
889 2165 1036 2214 Dominum
1056 2165 1233 2216 resurrexisse

699 2234 858 2295 audierant,
896 2235 965 2284 nihil
999 2235 1039 2284 eis
1081 2234 1230 2295 dixerunt,

701 2306 752 2356 hoc
792 2307 881 2355 solum
921 2305 1074 2356 nuntiantes
1105 2305 1231 2366 eisdem,

702 2375 802 2426 scilicet
832 2375 969 2426 Dominun
999 2376 1028 2425 in
1055 2385 1234 2425 monumento

703 2463 758 2497 non
775 2462 842 2497 esse.
866 2448 905 2497 Et
925 2447 984 2497 visa
1005 2453 1067 2496 sunt
1085 2453 1146 2496 ante
1173 2447 1236 2498 illos

703 2519 784 2568 verba
808 2518 861 2568 ista
882 2517 952 2568 sicut
970 2517 1187 2580 deliramentum,
1208 2517 1235 2566 id

704 2601 744 2643 est
763 2591 839 2657 quasi
854 2591 1029 2661 phantastica,
1050 2602 1076 2642 et
1095 2608 1150 2641 non
1164 2606 1234 2650 vera,

704 2660 804 2713 scilicet
818 2661 890 2728 quod
907 2662 1040 2712 Dominus
1053 2663 1211 2711 surrexisset
1224 2676 1239 2711 a

705 2734 836 2798 mortuis;
864 2741 890 2786 et
913 2735 972 2786 ideo
995 2749 1046 2785 non
1066 2733 1238 2784 crediderunt

706 2809 771 2871 illis,
794 2808 857 2875 quia
872 2823 914 2859 res
930 2825 996 2858 nova
1021 2816 1085 2864 erat,
1109 2817 1134 2856 et
1148 2813 1238 2855 contra

707 2881 930 2931 consuetudinem
947 2880 1021 2947 quod
1036 2877 1136 2927 mortui
1156 2892 1240 2927 resur·

708 2961 809 3016 gerent.
838 2951 873 3001 Ut
896 2949 969 3000 enim
993 2948 1029 2998 ait
1054 2946 1240 3013 Theophilus.-

709 3021 759 3070 Est
778 3020 933 3070 naturaliter
951 3017 1108 3068 incredibile
1136 3025 1241 3067 morta-

709 3090 781 3142 libus
806 3087 1019 3140 Resurrectionis
1040 3087 1240 3138 miraculum.»

745 3177 773 3212 11
797 3161 904 3211 Parrus
925 3175 957 3210 ar
979 3160 1093 3210 lomnes
1115 3172 1241 3207 curamurr

711 3252 745 3286 au
771 3249 965 3286 uoruurrruu.
991 3262 1021 3272 -
1047 3232 1129 3284 Exiit
1152 3243 1242 3282 autem

711 3307 812 3357 Petrus
849 3310 875 3356 et
901 3303 948 3355 ille
980 3304 1052 3354 alius
1092 3301 1243 3369 discipulus

712 3391 786 3443 quem
806 3376 915 3426 amabat
927 3375 1016 3437 lesus,
1039 3373 1139 3425 scilicet
1158 3374 1241 3423 loan-

713 3463 770 3508 nes,
792 3453 817 3498 et
833 3451 960 3497 venerunt
980 3446 1018 3495 ad
1038 3450 1242 3495 monumentum.

713 3523 777 3572 Haec
791 3519 864 3570 enim
878 3519 1018 3569 audientes
1030 3518 1129 3568 tollunt
1142 3529 1244 3572 moras,

712 3608 744 3643 ex
769 3589 901 3642 desiderio
921 3589 1028 3641 videndi
1058 3589 1166 3650 factum,
1181 3584 1246 3652 quia

713 3662 784 3729 ignis
805 3660 921 3711 materiae
945 3659 1066 3725 ingestus
1073 3674 1141 3742 'non
1169 3654 1244 3706 novit

713 3748 810 3784 moras.
830 3731 876 3782 lsti
897 3731 951 3780 duo
974 3744 1029 3796 prae
1052 3728 1145 3780 ceteris
1162 3723 1245 3777 Chri-

712 3813 786 3854 stum
807 3801 943 3861 amabant,
963 3809 989 3850 et
1012 3799 1080 3850 sicut
1101 3795 1246 3848 familiares

712 3873 829 3925 invicem
852 3887 881 3923 se
894 3871 1029 3930 tenebant,
1044 3878 1152 3935 propter
1171 3863 1245 3930 quod
