<?xml version="1.0" encoding="UTF-8"?>
<!DOCTYPE html PUBLIC "-//W3C//DTD XHTML 1.0 Transitional//EN"
    "http://www.w3.org/TR/xhtml1/DTD/xhtml1-transitional.dtd">
<html xmlns="http://www.w3.org/1999/xhtml" xml:lang="en" lang="en">
 <head>
  <title>
</title>
<meta http-equiv="Content-Type" content="text/html;charset=utf-8" />
  <meta name='ocr-system' content='tesseract 3.04.00' />
  <meta name='ocr-capabilities' content='ocr_page ocr_carea ocr_par ocr_line ocrx_word'/>
</head>
<body>
  <div class='ocr_page' id='page_1' title='image "./vitajesuchristi00rigogoog_0431.png"; bbox 0 0 2626 4328; ppageno 0'>
   <div class='ocr_carea' id='block_1_1' title="bbox 124 246 928 312">
    <p class='ocr_par' dir='ltr' id='par_1_1' title="bbox 124 246 928 312">
     <span class='ocr_line' id='line_1_1' title="bbox 124 246 928 312; baseline 0.005 -16"><span class='ocrx_word' id='word_1_1' title='bbox 124 246 178 312; x_wconf 82' lang='grc'>876</span> <span class='ocrx_word' id='word_1_2' title='bbox 439 251 550 301; x_wconf 86' lang='lat' dir='ltr'>INDEX</span> <span class='ocrx_word' id='word_1_3' title='bbox 571 250 769 301; x_wconf 85' lang='lat' dir='ltr'>GENERALlS</span> <span class='ocrx_word' id='word_1_4' title='bbox 792 250 928 301; x_wconf 83' lang='lat' dir='ltr'><strong>RERUM.</strong></span> 
     </span>
    </p>
   </div>
   <div class='ocr_carea' id='block_1_2' title="bbox 123 364 1247 2144">
    <p class='ocr_par' dir='ltr' id='par_1_2' title="bbox 123 364 1247 2144">
     <span class='ocr_line' id='line_1_2' title="bbox 123 364 1242 434; baseline 0.001 -20"><span class='ocrx_word' id='word_1_5' title='bbox 123 364 162 414; x_wconf 88' lang='lat' dir='ltr'>De</span> <span class='ocrx_word' id='word_1_6' title='bbox 173 374 267 430; x_wconf 89' lang='lat' dir='ltr'>quarto</span> <span class='ocrx_word' id='word_1_7' title='bbox 285 366 365 415; x_wconf 87' lang='lat' dir='ltr'>verbo</span> <span class='ocrx_word' id='word_1_8' title='bbox 382 366 492 416; x_wconf 85' lang='lat' dir='ltr'>Christi.</span> <span class='ocrx_word' id='word_1_9' title='bbox 544 367 588 426; x_wconf 85' lang='lat' dir='ltr'>IV,</span> <span class='ocrx_word' id='word_1_10' title='bbox 606 365 657 434; x_wconf 83' lang='grc'>594</span> <span class='ocrx_word' id='word_1_11' title='bbox 708 366 747 416; x_wconf 88' lang='lat' dir='ltr'>De</span> <span class='ocrx_word' id='word_1_12' title='bbox 759 365 973 432; x_wconf 87' lang='lat' dir='ltr'>superpositione</span> <span class='ocrx_word' id='word_1_13' title='bbox 988 365 1097 430; x_wconf 88' lang='lat' dir='ltr'>lapidis.</span> <span class='ocrx_word' id='word_1_14' title='bbox 1130 365 1175 428; x_wconf 88' lang='lat' dir='ltr'>IV,</span> <span class='ocrx_word' id='word_1_15' title='bbox 1191 365 1242 432; x_wconf 88' lang='grc'>609</span> 
     </span>
     <span class='ocr_line' id='line_1_3' title="bbox 124 432 1243 503; baseline 0.002 -19"><span class='ocrx_word' id='word_1_16' title='bbox 124 433 179 484; x_wconf 91' lang='lat' dir='ltr'>Cur</span> <span class='ocrx_word' id='word_1_17' title='bbox 192 432 220 483; x_wconf 93' lang='lat' dir='ltr'>in</span> <span class='ocrx_word' id='word_1_18' title='bbox 237 449 269 484; x_wconf 92' lang='lat' dir='ltr'>eo</span> <span class='ocrx_word' id='word_1_19' title='bbox 281 435 407 485; x_wconf 86' lang='lat' dir='ltr'>Christus</span> <span class='ocrx_word' id='word_1_20' title='bbox 421 435 490 486; x_wconf 88' lang='lat' dir='ltr'>dicat</span> <span class='ocrx_word' id='word_1_21' title='bbox 506 451 535 486; x_wconf 84' lang='lat' dir='ltr'>se</span> <span class='ocrx_word' id='word_1_22' title='bbox 557 436 657 486; x_wconf 92' lang='lat' dir='ltr'>dereli-</span> <span class='ocrx_word' id='word_1_23' title='bbox 707 438 746 488; x_wconf 91' lang='lat' dir='ltr'>De</span> <span class='ocrx_word' id='word_1_24' title='bbox 774 437 887 503; x_wconf 89' lang='lat' dir='ltr'>mystica</span> <span class='ocrx_word' id='word_1_25' title='bbox 917 436 1020 488; x_wconf 89' lang='lat' dir='ltr'>Christi</span> <span class='ocrx_word' id='word_1_26' title='bbox 1046 437 1188 502; x_wconf 85' lang='lat' dir='ltr'><strong>sepultura</strong></span> <span class='ocrx_word' id='word_1_27' title='bbox 1217 435 1243 486; x_wconf 91' lang='lat' dir='ltr'>in</span> 
     </span>
     <span class='ocr_line' id='line_1_4' title="bbox 154 506 1243 576; baseline 0.001 -21"><span class='ocrx_word' id='word_1_28' title='bbox 154 516 237 555; x_wconf 90' lang='lat' dir='ltr'>ctum.</span> <span class='ocrx_word' id='word_1_29' title='bbox 544 509 588 569; x_wconf 88' lang='lat' dir='ltr'>IV,</span> <span class='ocrx_word' id='word_1_30' title='bbox 604 507 655 576; x_wconf 83' lang='lat'>595</span> <span class='ocrx_word' id='word_1_31' title='bbox 739 509 818 558; x_wconf 91' lang='lat' dir='ltr'>corde</span> <span class='ocrx_word' id='word_1_32' title='bbox 833 518 933 558; x_wconf 90' lang='lat' dir='ltr'>nostro.</span> <span class='ocrx_word' id='word_1_33' title='bbox 1126 507 1172 566; x_wconf 91' lang='grc' dir='ltr'>Ν,</span> <span class='ocrx_word' id='word_1_34' title='bbox 1191 506 1243 573; x_wconf 89' lang='grc'>609</span> 
     </span>
     <span class='ocr_line' id='line_1_5' title="bbox 125 576 1243 642; baseline -0.001 -15"><span class='ocrx_word' id='word_1_35' title='bbox 125 577 164 627; x_wconf 92' lang='lat' dir='ltr'>De</span> <span class='ocrx_word' id='word_1_36' title='bbox 181 576 231 626; x_wconf 88' lang='lat' dir='ltr'>hoc</span> <span class='ocrx_word' id='word_1_37' title='bbox 247 578 329 628; x_wconf 87' lang='lat' dir='ltr'>verbo</span> <span class='ocrx_word' id='word_1_38' title='bbox 341 578 463 630; x_wconf 86' lang='lat' dir='ltr'>doctrina</span> <span class='ocrx_word' id='word_1_39' title='bbox 474 589 504 637; x_wconf 79' lang='lat' dir='ltr'>et</span> <span class='ocrx_word' id='word_1_40' title='bbox 515 579 658 630; x_wconf 89' lang='lat' dir='ltr'>documen·</span> <span class='ocrx_word' id='word_1_41' title='bbox 709 579 748 629; x_wconf 88' lang='lat' dir='ltr'>De</span> <span class='ocrx_word' id='word_1_42' title='bbox 761 578 848 628; x_wconf 88' lang='lat' dir='ltr'>forma</span> <span class='ocrx_word' id='word_1_43' title='bbox 863 579 952 628; x_wconf 91' lang='lat' dir='ltr'>colore</span> <span class='ocrx_word' id='word_1_44' title='bbox 968 587 993 629; x_wconf 90' lang='lat' dir='ltr'>et</span> <span class='ocrx_word' id='word_1_45' title='bbox 1020 577 1074 628; x_wconf 92' lang='lat' dir='ltr'>situ</span> <span class='ocrx_word' id='word_1_46' title='bbox 1100 577 1243 642; x_wconf 83' lang='lat' dir='ltr'>sepulchri</span> 
     </span>
     <span class='ocr_line' id='line_1_6' title="bbox 157 647 1243 719; baseline -0.001 -20"><span class='ocrx_word' id='word_1_47' title='bbox 157 659 215 699; x_wconf 88' lang='lat' dir='ltr'>turn</span> <span class='ocrx_word' id='word_1_48' title='bbox 230 651 339 700; x_wconf 90' lang='lat' dir='ltr'>morale.</span> <span class='ocrx_word' id='word_1_49' title='bbox 544 654 588 712; x_wconf 93' lang='grc' dir='ltr'>Ν,</span> <span class='ocrx_word' id='word_1_50' title='bbox 606 651 657 719; x_wconf 92' lang='grc'>596</span> <span class='ocrx_word' id='word_1_51' title='bbox 741 649 854 700; x_wconf 80' lang='lat' dir='ltr'><strong>Christi.</strong></span> <span class='ocrx_word' id='word_1_52' title='bbox 1129 648 1175 708; x_wconf 84' lang='lat' dir='ltr'>IV,</span> <span class='ocrx_word' id='word_1_53' title='bbox 1191 647 1243 698; x_wconf 87' lang='grc'>630</span> 
     </span>
     <span class='ocr_line' id='line_1_7' title="bbox 128 719 1245 790; baseline -0.002 -19"><span class='ocrx_word' id='word_1_54' title='bbox 128 722 166 771; x_wconf 90' lang='lat' dir='ltr'>De</span> <span class='ocrx_word' id='word_1_55' title='bbox 180 722 276 787; x_wconf 90' lang='lat' dir='ltr'>quinto</span> <span class='ocrx_word' id='word_1_56' title='bbox 288 723 369 772; x_wconf 90' lang='lat' dir='ltr'>verbo</span> <span class='ocrx_word' id='word_1_57' title='bbox 383 722 495 774; x_wconf 79' lang='lat' dir='ltr'><strong>Christi.</strong></span> <span class='ocrx_word' id='word_1_58' title='bbox 543 724 588 784; x_wconf 92' lang='grc' dir='ltr'>Ν,</span> <span class='ocrx_word' id='word_1_59' title='bbox 606 723 657 790; x_wconf 82' lang='grc'>597</span> <span class='ocrx_word' id='word_1_60' title='bbox 710 721 749 771; x_wconf 88' lang='lat' dir='ltr'>De</span> <span class='ocrx_word' id='word_1_61' title='bbox 763 721 873 772; x_wconf 87' lang='lat' dir='ltr'>ecclesia</span> <span class='ocrx_word' id='word_1_62' title='bbox 887 719 1059 786; x_wconf 86' lang='lat' dir='ltr'>patriarchali</span> <span class='ocrx_word' id='word_1_63' title='bbox 1071 719 1101 769; x_wconf 94' lang='lat' dir='ltr'>in</span> <span class='ocrx_word' id='word_1_64' title='bbox 1120 719 1172 770; x_wconf 88' lang='lat' dir='ltr'>hoc</span> <span class='ocrx_word' id='word_1_65' title='bbox 1187 720 1245 769; x_wconf 92' lang='lat' dir='ltr'>loco</span> 
     </span>
     <span class='ocr_line' id='line_1_8' title="bbox 128 787 1242 858; baseline -0.001 -18"><span class='ocrx_word' id='word_1_66' title='bbox 128 792 166 841; x_wconf 90' lang='lat' dir='ltr'>De</span> <span class='ocrx_word' id='word_1_67' title='bbox 192 804 255 858; x_wconf 93' lang='lat' dir='ltr'>potu</span> <span class='ocrx_word' id='word_1_68' title='bbox 282 792 390 844; x_wconf 92' lang='lat' dir='ltr'>Christo</span> <span class='ocrx_word' id='word_1_69' title='bbox 407 793 511 844; x_wconf 83' lang='lat' dir='ltr'>sitienti</span> <span class='ocrx_word' id='word_1_70' title='bbox 530 795 559 845; x_wconf 92' lang='lat' dir='ltr'>in</span> <span class='ocrx_word' id='word_1_71' title='bbox 580 809 658 844; x_wconf 91' lang='lat' dir='ltr'>cruce</span> <span class='ocrx_word' id='word_1_72' title='bbox 741 801 901 843; x_wconf 85' lang='lat' dir='ltr'>constructa.</span> <span class='ocrx_word' id='word_1_73' title='bbox 1134 790 1180 850; x_wconf 85' lang='lat' dir='ltr'>IV,</span> <span class='ocrx_word' id='word_1_74' title='bbox 1193 787 1242 840; x_wconf 81' lang='lat'>631</span> 
     </span>
     <span class='ocr_line' id='line_1_9' title="bbox 159 860 1246 929; baseline -0.003 -17"><span class='ocrx_word' id='word_1_75' title='bbox 159 863 258 918; x_wconf 86' lang='lat' dir='ltr'>oblato.</span> <span class='ocrx_word' id='word_1_76' title='bbox 277 873 357 929; x_wconf 87' lang='lat' dir='ltr'>atque</span> <span class='ocrx_word' id='word_1_77' title='bbox 380 879 410 914; x_wconf 88' lang='lat' dir='ltr'>ex</span> <span class='ocrx_word' id='word_1_78' title='bbox 428 864 479 916; x_wconf 93' lang='lat' dir='ltr'>hoc</span> <span class='ocrx_word' id='word_1_79' title='bbox 498 866 659 917; x_wconf 91' lang='lat' dir='ltr'>documenta</span> <span class='ocrx_word' id='word_1_80' title='bbox 712 862 751 912; x_wconf 85' lang='lat' dir='ltr'>Ex</span> <span class='ocrx_word' id='word_1_81' title='bbox 779 861 882 912; x_wconf 86' lang='lat' dir='ltr'>Christi</span> <span class='ocrx_word' id='word_1_82' title='bbox 898 861 1036 926; x_wconf 85' lang='lat' dir='ltr'>sepultura</span> <span class='ocrx_word' id='word_1_83' title='bbox 1061 870 1182 927; x_wconf 90' lang='lat' dir='ltr'>quatuor</span> <span class='ocrx_word' id='word_1_84' title='bbox 1195 860 1246 909; x_wconf 93' lang='lat' dir='ltr'>do-</span> 
     </span>
     <span class='ocr_line' id='line_1_10' title="bbox 159 928 1245 1000; baseline -0.001 -19"><span class='ocrx_word' id='word_1_85' title='bbox 159 933 279 982; x_wconf 82' lang='lat' dir='ltr'>moralia.</span> <span class='ocrx_word' id='word_1_86' title='bbox 544 934 589 996; x_wconf 90' lang='lat' dir='ltr'>IV,</span> <span class='ocrx_word' id='word_1_87' title='bbox 606 931 658 1000; x_wconf 85' lang='lat'>598</span> <span class='ocrx_word' id='word_1_88' title='bbox 742 943 875 982; x_wconf 88' lang='lat' dir='ltr'>cumenta.</span> <span class='ocrx_word' id='word_1_89' title='bbox 1071 987 1073 992; x_wconf 16' lang='lat' dir='ltr'><em>A</em></span> <span class='ocrx_word' id='word_1_90' title='bbox 1134 931 1179 994; x_wconf 89' lang='lat' dir='ltr'>IV,</span> <span class='ocrx_word' id='word_1_91' title='bbox 1194 928 1245 980; x_wconf 92' lang='grc'>633</span> 
     </span>
     <span class='ocr_line' id='line_1_11' title="bbox 129 1000 1246 1069; baseline -0.004 -15"><span class='ocrx_word' id='word_1_92' title='bbox 129 1004 167 1055; x_wconf 88' lang='lat' dir='ltr'>De</span> <span class='ocrx_word' id='word_1_93' title='bbox 182 1015 256 1055; x_wconf 87' lang='lat' dir='ltr'>sexto</span> <span class='ocrx_word' id='word_1_94' title='bbox 273 1005 374 1056; x_wconf 88' lang='lat' dir='ltr'>Christi</span> <span class='ocrx_word' id='word_1_95' title='bbox 390 1007 481 1058; x_wconf 90' lang='lat' dir='ltr'>verbo.</span> <span class='ocrx_word' id='word_1_96' title='bbox 544 1007 590 1067; x_wconf 90' lang='lat' dir='ltr'>IV,</span> <span class='ocrx_word' id='word_1_97' title='bbox 605 1006 654 1057; x_wconf 88' lang='lat'>601</span> <span class='ocrx_word' id='word_1_98' title='bbox 711 1003 818 1069; x_wconf 77' lang='lat' dir='ltr'>Figurae</span> <span class='ocrx_word' id='word_1_99' title='bbox 842 1003 986 1068; x_wconf 83' lang='lat' dir='ltr'>sepulturte</span> <span class='ocrx_word' id='word_1_100' title='bbox 1002 1002 1104 1052; x_wconf 85' lang='lat' dir='ltr'>Christi</span> <span class='ocrx_word' id='word_1_101' title='bbox 1119 1002 1148 1052; x_wconf 94' lang='lat' dir='ltr'>in</span> <span class='ocrx_word' id='word_1_102' title='bbox 1164 1000 1246 1052; x_wconf 86' lang='lat' dir='ltr'>veteri</span> 
     </span>
     <span class='ocr_line' id='line_1_12' title="bbox 128 1073 1246 1140; baseline -0.001 -16"><span class='ocrx_word' id='word_1_103' title='bbox 128 1074 170 1124; x_wconf 89' lang='lat' dir='ltr'>Ex</span> <span class='ocrx_word' id='word_1_104' title='bbox 185 1075 235 1125; x_wconf 93' lang='lat' dir='ltr'>hoc</span> <span class='ocrx_word' id='word_1_105' title='bbox 247 1077 336 1137; x_wconf 87' lang='lat' dir='ltr'>verbo,</span> <span class='ocrx_word' id='word_1_106' title='bbox 351 1077 397 1127; x_wconf 92' lang='lat' dir='ltr'>ubi</span> <span class='ocrx_word' id='word_1_107' title='bbox 409 1077 547 1128; x_wconf 80' lang='lat' dir='ltr'>Passionis</span> <span class='ocrx_word' id='word_1_108' title='bbox 557 1077 659 1128; x_wconf 87' lang='lat' dir='ltr'>Christi</span> <span class='ocrx_word' id='word_1_109' title='bbox 743 1084 911 1126; x_wconf 85' lang='lat' dir='ltr'>testamento.</span> <span class='ocrx_word' id='word_1_110' title='bbox 1031 1075 1075 1134; x_wconf 92' lang='grc' dir='ltr'>Ν,</span> <span class='ocrx_word' id='word_1_111' title='bbox 1088 1073 1143 1138; x_wconf 86' lang='grc'>634</span> <span class='ocrx_word' id='word_1_112' title='bbox 1154 1084 1182 1124; x_wconf 88' lang='lat' dir='ltr'>et</span> <span class='ocrx_word' id='word_1_113' title='bbox 1194 1073 1246 1140; x_wconf 84' lang='lat'>649</span> 
     </span>
     <span class='ocr_line' id='line_1_13' title="bbox 159 1144 1243 1215; baseline 0 -19"><span class='ocrx_word' id='word_1_114' title='bbox 159 1149 358 1199; x_wconf 87' lang='lat' dir='ltr'>consummatio</span> <span class='ocrx_word' id='word_1_115' title='bbox 379 1149 548 1215; x_wconf 85' lang='lat' dir='ltr'>exprimitur,</span> <span class='ocrx_word' id='word_1_116' title='bbox 574 1150 660 1199; x_wconf 90' lang='lat' dir='ltr'>docu-</span> <span class='ocrx_word' id='word_1_117' title='bbox 712 1150 751 1198; x_wconf 89' lang='lat' dir='ltr'>De</span> <span class='ocrx_word' id='word_1_118' title='bbox 764 1148 885 1199; x_wconf 90' lang='lat' dir='ltr'>custodia</span> <span class='ocrx_word' id='word_1_119' title='bbox 901 1147 1046 1214; x_wconf 87' lang='lat' dir='ltr'>sepulchri.</span> <span class='ocrx_word' id='word_1_120' title='bbox 1131 1147 1176 1207; x_wconf 90' lang='lat' dir='ltr'>IV,</span> <span class='ocrx_word' id='word_1_121' title='bbox 1191 1144 1243 1196; x_wconf 91' lang='grc'>636</span> 
     </span>
     <span class='ocr_line' id='line_1_14' title="bbox 159 1219 1247 1286; baseline 0 -18"><span class='ocrx_word' id='word_1_122' title='bbox 159 1231 258 1270; x_wconf 88' lang='lat' dir='ltr'>menta.</span> <span class='ocrx_word' id='word_1_123' title='bbox 546 1220 591 1282; x_wconf 90' lang='grc' dir='ltr'>Ν,</span> <span class='ocrx_word' id='word_1_124' title='bbox 606 1220 657 1270; x_wconf 90' lang='grc'>600</span> <span class='ocrx_word' id='word_1_125' title='bbox 713 1222 751 1272; x_wconf 89' lang='lat' dir='ltr'>De</span> <span class='ocrx_word' id='word_1_126' title='bbox 784 1221 873 1271; x_wconf 92' lang='lat' dir='ltr'>triduo</span> <span class='ocrx_word' id='word_1_127' title='bbox 912 1221 1056 1286; x_wconf 85' lang='lat' dir='ltr'>sepulturae</span> <span class='ocrx_word' id='word_1_128' title='bbox 1084 1219 1190 1271; x_wconf 87' lang='lat' dir='ltr'>Christi</span> <span class='ocrx_word' id='word_1_129' title='bbox 1222 1228 1247 1270; x_wconf 93' lang='lat' dir='ltr'>et</span> 
     </span>
     <span class='ocr_line' id='line_1_15' title="bbox 127 1289 1245 1361; baseline 0.006 -24"><span class='ocrx_word' id='word_1_130' title='bbox 127 1289 166 1337; x_wconf 90' lang='lat' dir='ltr'>De</span> <span class='ocrx_word' id='word_1_131' title='bbox 180 1289 295 1354; x_wconf 92' lang='lat' dir='ltr'>septimo</span> <span class='ocrx_word' id='word_1_132' title='bbox 308 1291 409 1341; x_wconf 92' lang='lat' dir='ltr'>Christi</span> <span class='ocrx_word' id='word_1_133' title='bbox 424 1291 514 1341; x_wconf 91' lang='lat' dir='ltr'>verbo.</span> <span class='ocrx_word' id='word_1_134' title='bbox 541 1291 588 1350; x_wconf 92' lang='grc' dir='ltr'>Ν,</span> <span class='ocrx_word' id='word_1_135' title='bbox 606 1290 660 1354; x_wconf 87' lang='lat'>604</span> <span class='ocrx_word' id='word_1_136' title='bbox 743 1295 881 1361; x_wconf 89' lang='lat' dir='ltr'>quomodo</span> <span class='ocrx_word' id='word_1_137' title='bbox 897 1293 1092 1359; x_wconf 89' lang='lat' dir='ltr'>accipiendum.</span> <span class='ocrx_word' id='word_1_138' title='bbox 1128 1293 1173 1353; x_wconf 90' lang='lat' dir='ltr'>IV,</span> <span class='ocrx_word' id='word_1_139' title='bbox 1195 1292 1245 1359; x_wconf 84' lang='lat'>649</span> 
     </span>
     <span class='ocr_line' id='line_1_16' title="bbox 127 1361 1246 1430; baseline 0 -19"><span class='ocrx_word' id='word_1_140' title='bbox 127 1361 166 1412; x_wconf 88' lang='lat' dir='ltr'>De</span> <span class='ocrx_word' id='word_1_141' title='bbox 179 1362 330 1429; x_wconf 82' lang='lat' dir='ltr'>lacrymisa</span> <span class='ocrx_word' id='word_1_142' title='bbox 344 1364 453 1416; x_wconf 89' lang='lat' dir='ltr'>Christo</span> <span class='ocrx_word' id='word_1_143' title='bbox 465 1364 493 1414; x_wconf 94' lang='lat' dir='ltr'>in</span> <span class='ocrx_word' id='word_1_144' title='bbox 507 1379 584 1414; x_wconf 90' lang='lat' dir='ltr'>cruce</span> <span class='ocrx_word' id='word_1_145' title='bbox 599 1379 662 1430; x_wconf 91' lang='lat' dir='ltr'>pen·</span> <span class='ocrx_word' id='word_1_146' title='bbox 713 1365 751 1415; x_wconf 88' lang='lat' dir='ltr'>De</span> <span class='ocrx_word' id='word_1_147' title='bbox 772 1364 874 1415; x_wconf 88' lang='lat' dir='ltr'>Christi</span> <span class='ocrx_word' id='word_1_148' title='bbox 894 1365 1023 1416; x_wconf 86' lang='lat' dir='ltr'>descensu</span> <span class='ocrx_word' id='word_1_149' title='bbox 1043 1363 1075 1412; x_wconf 90' lang='lat' dir='ltr'>ad</span> <span class='ocrx_word' id='word_1_150' title='bbox 1093 1362 1198 1413; x_wconf 81' lang='lat' dir='ltr'>inferos</span> <span class='ocrx_word' id='word_1_151' title='bbox 1221 1371 1246 1412; x_wconf 91' lang='lat' dir='ltr'>et</span> 
     </span>
     <span class='ocr_line' id='line_1_17' title="bbox 158 1431 1243 1499; baseline 0 -19"><span class='ocrx_word' id='word_1_152' title='bbox 158 1431 237 1481; x_wconf 87' lang='lat' dir='ltr'>dente</span> <span class='ocrx_word' id='word_1_153' title='bbox 250 1431 328 1483; x_wconf 84' lang='lat' dir='ltr'>fusis.</span> <span class='ocrx_word' id='word_1_154' title='bbox 547 1435 591 1494; x_wconf 91' lang='lat' dir='ltr'>IV,</span> <span class='ocrx_word' id='word_1_155' title='bbox 606 1432 660 1498; x_wconf 85' lang='lat'>604</span> <span class='ocrx_word' id='word_1_156' title='bbox 744 1437 904 1485; x_wconf 90' lang='lat' dir='ltr'>Sanctorum</span> <span class='ocrx_word' id='word_1_157' title='bbox 920 1433 1064 1499; x_wconf 78' lang='lat' dir='ltr'>populum.</span> <span class='ocrx_word' id='word_1_158' title='bbox 1130 1434 1177 1495; x_wconf 91' lang='grc' dir='ltr'>Ν,</span> <span class='ocrx_word' id='word_1_159' title='bbox 1193 1431 1243 1483; x_wconf 88' lang='grc'>650</span> 
     </span>
     <span class='ocr_line' id='line_1_18' title="bbox 130 1501 1244 1571; baseline -0.001 -19"><span class='ocrx_word' id='word_1_160' title='bbox 130 1503 168 1552; x_wconf 93' lang='lat' dir='ltr'>De</span> <span class='ocrx_word' id='word_1_161' title='bbox 184 1516 271 1554; x_wconf 87' lang='lat' dir='ltr'>morte</span> <span class='ocrx_word' id='word_1_162' title='bbox 285 1505 396 1556; x_wconf 88' lang='lat' dir='ltr'>Christi.</span> <span class='ocrx_word' id='word_1_163' title='bbox 548 1507 592 1564; x_wconf 90' lang='grc' dir='ltr'>Ν,</span> <span class='ocrx_word' id='word_1_164' title='bbox 607 1506 661 1571; x_wconf 91' lang='grc'>604</span> <span class='ocrx_word' id='word_1_165' title='bbox 713 1505 818 1570; x_wconf 83' lang='lat' dir='ltr'>Figurae</span> <span class='ocrx_word' id='word_1_166' title='bbox 831 1504 914 1568; x_wconf 86' lang='lat' dir='ltr'>hujus</span> <span class='ocrx_word' id='word_1_167' title='bbox 931 1504 1076 1554; x_wconf 89' lang='lat' dir='ltr'>descensus</span> <span class='ocrx_word' id='word_1_168' title='bbox 1095 1503 1200 1555; x_wconf 87' lang='lat' dir='ltr'>Christi</span> <span class='ocrx_word' id='word_1_169' title='bbox 1217 1501 1244 1551; x_wconf 93' lang='lat' dir='ltr'>in</span> 
     </span>
     <span class='ocr_line' id='line_1_19' title="bbox 129 1571 1241 1641; baseline 0 -19"><span class='ocrx_word' id='word_1_170' title='bbox 129 1572 170 1622; x_wconf 84' lang='lat' dir='ltr'>Ex</span> <span class='ocrx_word' id='word_1_171' title='bbox 199 1574 249 1624; x_wconf 90' lang='lat' dir='ltr'>hac</span> <span class='ocrx_word' id='word_1_172' title='bbox 275 1586 361 1626; x_wconf 89' lang='lat' dir='ltr'>morte</span> <span class='ocrx_word' id='word_1_173' title='bbox 382 1586 486 1641; x_wconf 90' lang='lat' dir='ltr'>septem</span> <span class='ocrx_word' id='word_1_174' title='bbox 500 1575 661 1626; x_wconf 86' lang='lat' dir='ltr'>documenta</span> <span class='ocrx_word' id='word_1_175' title='bbox 744 1575 825 1626; x_wconf 89' lang='lat' dir='ltr'>veteri</span> <span class='ocrx_word' id='word_1_176' title='bbox 839 1575 1022 1625; x_wconf 89' lang='lat' dir='ltr'>Testamento.</span> <span class='ocrx_word' id='word_1_177' title='bbox 1133 1573 1180 1633; x_wconf 93' lang='grc' dir='ltr'>Ν,</span> <span class='ocrx_word' id='word_1_178' title='bbox 1194 1571 1241 1623; x_wconf 82' lang='lat'>651</span> 
     </span>
     <span class='ocr_line' id='line_1_20' title="bbox 162 1644 1245 1709; baseline -0.003 -14"><span class='ocrx_word' id='word_1_179' title='bbox 162 1648 280 1698; x_wconf 85' lang='lat' dir='ltr'>moralia.</span> <span class='ocrx_word' id='word_1_180' title='bbox 483 1674 485 1678; x_wconf 85' lang='lat'>.</span> <span class='ocrx_word' id='word_1_181' title='bbox 547 1649 591 1708; x_wconf 94' lang='grc' dir='ltr'>Ν,</span> <span class='ocrx_word' id='word_1_182' title='bbox 607 1646 659 1698; x_wconf 88' lang='grc'>605</span> <span class='ocrx_word' id='word_1_183' title='bbox 714 1645 775 1705; x_wconf 91' lang='lat' dir='ltr'>Quo</span> <span class='ocrx_word' id='word_1_184' title='bbox 793 1661 874 1696; x_wconf 88' lang='lat' dir='ltr'>sensu</span> <span class='ocrx_word' id='word_1_185' title='bbox 891 1644 1017 1694; x_wconf 91' lang='lat' dir='ltr'>Christus</span> <span class='ocrx_word' id='word_1_186' title='bbox 1040 1653 1158 1694; x_wconf 89' lang='lat' dir='ltr'>mortem</span> <span class='ocrx_word' id='word_1_187' title='bbox 1183 1657 1245 1709; x_wconf 93' lang='lat' dir='ltr'>pro-</span> 
     </span>
     <span class='ocr_line' id='line_1_21' title="bbox 132 1710 1242 1779; baseline -0.005 -13"><span class='ocrx_word' id='word_1_188' title='bbox 132 1717 172 1768; x_wconf 91' lang='lat' dir='ltr'>De</span> <span class='ocrx_word' id='word_1_189' title='bbox 185 1719 302 1770; x_wconf 87' lang='lat' dir='ltr'>clamore</span> <span class='ocrx_word' id='word_1_190' title='bbox 311 1728 337 1770; x_wconf 94' lang='lat' dir='ltr'>et</span> <span class='ocrx_word' id='word_1_191' title='bbox 350 1735 413 1771; x_wconf 92' lang='lat' dir='ltr'>voce</span> <span class='ocrx_word' id='word_1_192' title='bbox 422 1720 542 1771; x_wconf 79' lang='lat' dir='ltr'>emissas</span> <span class='ocrx_word' id='word_1_193' title='bbox 552 1720 660 1771; x_wconf 88' lang='lat' dir='ltr'>Christo</span> <span class='ocrx_word' id='word_1_194' title='bbox 742 1715 1009 1766; x_wconf 83' lang='lat' dir='ltr'>stravitetdiabolum</span> <span class='ocrx_word' id='word_1_195' title='bbox 1016 1713 1131 1779; x_wconf 87' lang='lat' dir='ltr'>decepit.</span> <span class='ocrx_word' id='word_1_196' title='bbox 1140 1714 1187 1775; x_wconf 92' lang='grc' dir='ltr'>Ν,</span> <span class='ocrx_word' id='word_1_197' title='bbox 1196 1710 1242 1762; x_wconf 78' lang='lat'>651</span> 
     </span>
     <span class='ocr_line' id='line_1_22' title="bbox 163 1789 660 1849; baseline 0.006 -12"><span class='ocrx_word' id='word_1_198' title='bbox 163 1789 191 1838; x_wconf 92' lang='lat' dir='ltr'>in</span> <span class='ocrx_word' id='word_1_199' title='bbox 208 1800 303 1841; x_wconf 90' lang='lat' dir='ltr'>morte.</span> <span class='ocrx_word' id='word_1_200' title='bbox 548 1791 592 1849; x_wconf 91' lang='lat' dir='ltr'>IV,</span> <span class='ocrx_word' id='word_1_201' title='bbox 608 1790 660 1846; x_wconf 89' lang='grc'>605</span> 
     </span>
     <span class='ocr_line' id='line_1_23' title="bbox 131 1860 659 1923; baseline 0.004 -13"><span class='ocrx_word' id='word_1_202' title='bbox 131 1860 171 1910; x_wconf 90' lang='lat' dir='ltr'>De</span> <span class='ocrx_word' id='word_1_203' title='bbox 186 1861 253 1911; x_wconf 88' lang='lat' dir='ltr'>hora</span> <span class='ocrx_word' id='word_1_204' title='bbox 268 1862 364 1913; x_wconf 91' lang='lat' dir='ltr'>mortis</span> <span class='ocrx_word' id='word_1_205' title='bbox 376 1863 487 1915; x_wconf 88' lang='lat' dir='ltr'>Christi.</span> <span class='ocrx_word' id='word_1_206' title='bbox 549 1864 592 1923; x_wconf 88' lang='lat' dir='ltr'>IV,</span> <span class='ocrx_word' id='word_1_207' title='bbox 608 1862 659 1913; x_wconf 89' lang='lat'>605</span> 
     </span>
     <span class='ocr_line' id='line_1_24' title="bbox 131 1932 664 1998; baseline 0.008 -17"><span class='ocrx_word' id='word_1_208' title='bbox 131 1932 169 1982; x_wconf 89' lang='lat' dir='ltr'>De</span> <span class='ocrx_word' id='word_1_209' title='bbox 187 1932 221 1982; x_wconf 90' lang='lat' dir='ltr'>iis</span> <span class='ocrx_word' id='word_1_210' title='bbox 249 1949 310 1998; x_wconf 82' lang='lat' dir='ltr'>quae</span> <span class='ocrx_word' id='word_1_211' title='bbox 328 1934 428 1984; x_wconf 87' lang='lat' dir='ltr'>Christi</span> <span class='ocrx_word' id='word_1_212' title='bbox 455 1945 570 1985; x_wconf 89' lang='lat' dir='ltr'>mortem</span> <span class='ocrx_word' id='word_1_213' title='bbox 598 1944 664 1985; x_wconf 87' lang='lat' dir='ltr'>sunt</span> 
     </span>
     <span class='ocr_line' id='line_1_25' title="bbox 162 2005 663 2065; baseline 0.008 -13"><span class='ocrx_word' id='word_1_214' title='bbox 162 2014 261 2063; x_wconf 88' lang='lat' dir='ltr'>secuta,</span> <span class='ocrx_word' id='word_1_215' title='bbox 273 2015 303 2054; x_wconf 92' lang='lat' dir='ltr'>ut</span> <span class='ocrx_word' id='word_1_216' title='bbox 312 2005 345 2055; x_wconf 92' lang='lat' dir='ltr'>de</span> <span class='ocrx_word' id='word_1_217' title='bbox 359 2005 489 2056; x_wconf 90' lang='lat' dir='ltr'>scissione</span> <span class='ocrx_word' id='word_1_218' title='bbox 502 2005 563 2065; x_wconf 88' lang='lat' dir='ltr'>veli,</span> <span class='ocrx_word' id='word_1_219' title='bbox 577 2017 663 2056; x_wconf 80' lang='lat' dir='ltr'>terrae·</span> 
     </span>
     <span class='ocr_line' id='line_1_26' title="bbox 164 2063 1246 2144; baseline -0.006 -26"><span class='ocrx_word' id='word_1_220' title='bbox 164 2087 313 2136; x_wconf 43' lang='lat' dir='ltr'>monheim</span> <span class='ocrx_word' id='word_1_221' title='bbox 550 2078 662 2144; x_wconf 73' lang='lat' dir='ltr'>1v‚607</span> <span class='ocrx_word' id='word_1_222' title='bbox 715 2067 754 2118; x_wconf 89' lang='lat' dir='ltr'>De</span> <span class='ocrx_word' id='word_1_223' title='bbox 778 2065 880 2118; x_wconf 89' lang='lat' dir='ltr'>Christi</span> <span class='ocrx_word' id='word_1_224' title='bbox 897 2064 1007 2116; x_wconf 89' lang='lat' dir='ltr'>Domini</span> <span class='ocrx_word' id='word_1_225' title='bbox 1032 2064 1117 2115; x_wconf 88' lang='lat' dir='ltr'>nostri</span> <span class='ocrx_word' id='word_1_226' title='bbox 1144 2063 1246 2114; x_wconf 88' lang='lat' dir='ltr'>Resur-</span> 
     </span>
    </p>
   </div>
   <div class='ocr_carea' id='block_1_3' title="bbox 131 2132 1249 2284">
    <p class='ocr_par' dir='ltr' id='par_1_3' title="bbox 131 2132 1249 2284">
     <span class='ocr_line' id='line_1_27' title="bbox 131 2132 1246 2215; baseline -0.013 -17"><span class='ocrx_word' id='word_1_227' title='bbox 131 2146 204 2208; x_wconf 89' lang='lat' dir='ltr'>Quid</span> <span class='ocrx_word' id='word_1_228' title='bbox 219 2148 275 2198; x_wconf 87' lang='lat' dir='ltr'>haec</span> <span class='ocrx_word' id='word_1_229' title='bbox 289 2148 366 2215; x_wconf 82' lang='lat' dir='ltr'>signa</span> <span class='ocrx_word' id='word_1_230' title='bbox 385 2147 413 2199; x_wconf 92' lang='lat' dir='ltr'>in</span> <span class='ocrx_word' id='word_1_231' title='bbox 431 2165 512 2200; x_wconf 88' lang='lat' dir='ltr'>sensu</span> <span class='ocrx_word' id='word_1_232' title='bbox 533 2150 650 2214; x_wconf 89' lang='lat' dir='ltr'>mystico</span> <span class='ocrx_word' id='word_1_233' title='bbox 748 2137 875 2187; x_wconf 89' lang='lat' dir='ltr'>rectione.</span> <span class='ocrx_word' id='word_1_234' title='bbox 1135 2136 1183 2199; x_wconf 89' lang='lat' dir='ltr'>IV,</span> <span class='ocrx_word' id='word_1_235' title='bbox 1196 2132 1246 2215; x_wconf 80' lang='grc'>655</span> 
     </span>
     <span class='ocr_line' id='line_1_28' title="bbox 162 2207 1249 2284; baseline -0.013 -15"><span class='ocrx_word' id='word_1_236' title='bbox 162 2218 323 2284; x_wconf 82' lang='lat' dir='ltr'>significent.</span> <span class='ocrx_word' id='word_1_237' title='bbox 551 2221 595 2280; x_wconf 91' lang='grc' dir='ltr'>Ν,</span> <span class='ocrx_word' id='word_1_238' title='bbox 611 2219 663 2270; x_wconf 85' lang='grc'>608</span> <span class='ocrx_word' id='word_1_239' title='bbox 716 2212 756 2261; x_wconf 88' lang='lat' dir='ltr'>De</span> <span class='ocrx_word' id='word_1_240' title='bbox 769 2209 813 2260; x_wconf 88' lang='lat' dir='ltr'>die</span> <span class='ocrx_word' id='word_1_241' title='bbox 825 2219 852 2260; x_wconf 92' lang='lat' dir='ltr'>et</span> <span class='ocrx_word' id='word_1_242' title='bbox 866 2209 933 2259; x_wconf 89' lang='lat' dir='ltr'>hora</span> <span class='ocrx_word' id='word_1_243' title='bbox 948 2207 1164 2258; x_wconf 88' lang='lat' dir='ltr'>Resurrectionis</span> <span class='ocrx_word' id='word_1_244' title='bbox 1175 2207 1249 2256; x_wconf 81' lang='lat' dir='ltr'>Chri·</span> 
     </span>
    </p>
   </div>
   <div class='ocr_carea' id='block_1_4' title="bbox 131 2273 1248 2426">
    <p class='ocr_par' dir='ltr' id='par_1_4' title="bbox 131 2273 1248 2426">
     <span class='ocr_line' id='line_1_29' title="bbox 131 2273 1246 2357; baseline -0.008 -17"><span class='ocrx_word' id='word_1_245' title='bbox 131 2289 170 2340; x_wconf 90' lang='lat' dir='ltr'>De</span> <span class='ocrx_word' id='word_1_246' title='bbox 197 2289 413 2357; x_wconf 86' lang='lat' dir='ltr'>crucifigentium</span> <span class='ocrx_word' id='word_1_247' title='bbox 446 2289 553 2351; x_wconf 85' lang='lat' dir='ltr'>timore,</span> <span class='ocrx_word' id='word_1_248' title='bbox 577 2290 664 2341; x_wconf 86' lang='lat' dir='ltr'>adrni-</span> <span class='ocrx_word' id='word_1_249' title='bbox 749 2280 794 2330; x_wconf 93' lang='lat' dir='ltr'>sti.</span> <span class='ocrx_word' id='word_1_250' title='bbox 1138 2277 1184 2340; x_wconf 87' lang='lat' dir='ltr'>IV,</span> <span class='ocrx_word' id='word_1_251' title='bbox 1196 2273 1246 2327; x_wconf 85' lang='lat'>655</span> 
     </span>
     <span class='ocr_line' id='line_1_30' title="bbox 161 2348 1248 2426; baseline -0.011 -17"><span class='ocrx_word' id='word_1_252' title='bbox 161 2359 266 2410; x_wconf 90' lang='lat' dir='ltr'>ratione</span> <span class='ocrx_word' id='word_1_253' title='bbox 290 2370 316 2409; x_wconf 92' lang='lat' dir='ltr'>et</span> <span class='ocrx_word' id='word_1_254' title='bbox 334 2361 517 2411; x_wconf 81' lang='lat' dir='ltr'>conversione,</span> <span class='ocrx_word' id='word_1_255' title='bbox 552 2360 664 2426; x_wconf 80' lang='lat' dir='ltr'>1V‚609</span> <span class='ocrx_word' id='word_1_256' title='bbox 716 2354 755 2403; x_wconf 90' lang='lat' dir='ltr'>De</span> <span class='ocrx_word' id='word_1_257' title='bbox 769 2362 926 2403; x_wconf 74' lang='lat' dir='ltr'>terraemotu</span> <span class='ocrx_word' id='word_1_258' title='bbox 940 2348 1138 2409; x_wconf 87' lang='lat' dir='ltr'>facto,Christo</span> <span class='ocrx_word' id='word_1_259' title='bbox 1154 2364 1248 2399; x_wconf 88' lang='lat' dir='ltr'>resur-</span> 
     </span>
    </p>
   </div>
   <div class='ocr_carea' id='block_1_5' title="bbox 131 2416 1253 2782">
    <p class='ocr_par' dir='ltr' id='par_1_5' title="bbox 131 2416 1253 2782">
     <span class='ocr_line' id='line_1_31' title="bbox 131 2416 1248 2497; baseline 0 -17"><span class='ocrx_word' id='word_1_260' title='bbox 131 2430 171 2480; x_wconf 90' lang='lat' dir='ltr'>De</span> <span class='ocrx_word' id='word_1_261' title='bbox 183 2431 212 2480; x_wconf 88' lang='lat' dir='ltr'>B.</span> <span class='ocrx_word' id='word_1_262' title='bbox 229 2431 312 2481; x_wconf 86' lang='lat' dir='ltr'>Maria</span> <span class='ocrx_word' id='word_1_263' title='bbox 325 2431 436 2497; x_wconf 85' lang='lat' dir='ltr'>Virgine</span> <span class='ocrx_word' id='word_1_264' title='bbox 454 2441 480 2483; x_wconf 88' lang='lat' dir='ltr'>et</span> <span class='ocrx_word' id='word_1_265' title='bbox 504 2416 694 2482; x_wconf 75' lang='grc' dir='ltr'>0ιο1ἱο0600Ι</span> <span class='ocrx_word' id='word_1_266' title='bbox 749 2433 836 2490; x_wconf 70' lang='lat' dir='ltr'><strong>gente·</strong></span> <span class='ocrx_word' id='word_1_267' title='bbox 1136 2420 1183 2480; x_wconf 70' lang='lat' dir='ltr'>IV·</span> <span class='ocrx_word' id='word_1_268' title='bbox 1198 2417 1248 2470; x_wconf 83' lang='grc'>655</span> 
     </span>
     <span class='ocr_line' id='line_1_32' title="bbox 163 2489 1251 2565; baseline -0.008 -16"><span class='ocrx_word' id='word_1_269' title='bbox 163 2500 201 2549; x_wconf 92' lang='lat' dir='ltr'>ibi</span> <span class='ocrx_word' id='word_1_270' title='bbox 215 2502 403 2565; x_wconf 80' lang='lat' dir='ltr'>praesentibus.</span> <span class='ocrx_word' id='word_1_271' title='bbox 553 2502 597 2562; x_wconf 93' lang='grc' dir='ltr'>Ν,</span> <span class='ocrx_word' id='word_1_272' title='bbox 613 2501 666 2552; x_wconf 88' lang='lat'>610</span> <span class='ocrx_word' id='word_1_273' title='bbox 719 2494 821 2546; x_wconf 89' lang='lat' dir='ltr'>Christi</span> <span class='ocrx_word' id='word_1_274' title='bbox 845 2492 1015 2544; x_wconf 87' lang='lat' dir='ltr'>Resurrectio</span> <span class='ocrx_word' id='word_1_275' title='bbox 1037 2507 1092 2541; x_wconf 93' lang='lat' dir='ltr'>non</span> <span class='ocrx_word' id='word_1_276' title='bbox 1106 2489 1160 2541; x_wconf 81' lang='lat' dir='ltr'>fuit</span> <span class='ocrx_word' id='word_1_277' title='bbox 1173 2489 1251 2541; x_wconf 86' lang='lat' dir='ltr'>diffe-</span> 
     </span>
     <span class='ocr_line' id='line_1_33' title="bbox 133 2559 1252 2639; baseline 0.003 -19"><span class='ocrx_word' id='word_1_278' title='bbox 133 2571 172 2621; x_wconf 89' lang='lat' dir='ltr'>De</span> <span class='ocrx_word' id='word_1_279' title='bbox 187 2572 268 2622; x_wconf 89' lang='lat' dir='ltr'>latere</span> <span class='ocrx_word' id='word_1_280' title='bbox 283 2572 382 2623; x_wconf 86' lang='lat' dir='ltr'>Christi</span> <span class='ocrx_word' id='word_1_281' title='bbox 397 2572 528 2639; x_wconf 86' lang='lat' dir='ltr'>perfosso,</span> <span class='ocrx_word' id='word_1_282' title='bbox 547 2572 580 2622; x_wconf 89' lang='lat' dir='ltr'>de</span> <span class='ocrx_word' id='word_1_283' title='bbox 601 2586 666 2622; x_wconf 89' lang='lat' dir='ltr'>san·</span> <span class='ocrx_word' id='word_1_284' title='bbox 751 2565 843 2615; x_wconf 76' lang='lat' dir='ltr'>renda-</span> <span class='ocrx_word' id='word_1_285' title='bbox 987 2568 989 2571; x_wconf 68' lang='grc'><strong>’</strong></span> <span class='ocrx_word' id='word_1_286' title='bbox 1142 2559 1252 2623; x_wconf 82' lang='lat' dir='ltr'>tv,656</span> 
     </span>
     <span class='ocr_line' id='line_1_34' title="bbox 166 2633 1253 2714; baseline -0.003 -29"><span class='ocrx_word' id='word_1_287' title='bbox 166 2644 248 2710; x_wconf 69' lang='lat' dir='ltr'>guine</span> <span class='ocrx_word' id='word_1_288' title='bbox 266 2656 292 2695; x_wconf 68' lang='lat' dir='ltr'>et</span> <span class='ocrx_word' id='word_1_289' title='bbox 304 2661 372 2712; x_wconf 66' lang='lat' dir='ltr'>aqua</span> <span class='ocrx_word' id='word_1_290' title='bbox 388 2645 451 2698; x_wconf 69' lang='lat' dir='ltr'>inde</span> <span class='ocrx_word' id='word_1_291' title='bbox 466 2645 625 2713; x_wconf 64' lang='lat' dir='ltr'>profluente,</span> <span class='ocrx_word' id='word_1_292' title='bbox 641 2655 668 2696; x_wconf 69' lang='lat' dir='ltr'>et</span> <span class='ocrx_word' id='word_1_293' title='bbox 706 2635 888 2686; x_wconf 74' lang='lat' dir='ltr'>‘Resurrectio</span> <span class='ocrx_word' id='word_1_294' title='bbox 900 2633 1003 2714; x_wconf 82' lang='lat' dir='ltr'>Christi</span> <span class='ocrx_word' id='word_1_295' title='bbox 1014 2648 1093 2684; x_wconf 87' lang='lat' dir='ltr'>causa</span> <span class='ocrx_word' id='word_1_296' title='bbox 1104 2642 1147 2681; x_wconf 89' lang='lat' dir='ltr'>est</span> <span class='ocrx_word' id='word_1_297' title='bbox 1157 2642 1253 2682; x_wconf 78' lang='lat' dir='ltr'>nostra</span> 
     </span>
     <span class='ocr_line' id='line_1_35' title="bbox 166 2699 1252 2782; baseline 0.002 -18"><span class='ocrx_word' id='word_1_298' title='bbox 166 2716 231 2782; x_wconf 85' lang='lat' dir='ltr'>quid</span> <span class='ocrx_word' id='word_1_299' title='bbox 249 2715 410 2782; x_wconf 79' lang='lat' dir='ltr'>significent.</span> <span class='ocrx_word' id='word_1_300' title='bbox 551 2717 595 2775; x_wconf 84' lang='lat' dir='ltr'>lv,</span> <span class='ocrx_word' id='word_1_301' title='bbox 613 2715 665 2766; x_wconf 82' lang='lat'>613</span> <span class='ocrx_word' id='word_1_302' title='bbox 751 2704 966 2755; x_wconf 78' lang='lat' dir='ltr'>resurrectionis.</span> <span class='ocrx_word' id='word_1_303' title='bbox 1139 2699 1252 2766; x_wconf 83' lang='lat' dir='ltr'>1V,657</span> 
     </span>
    </p>
   </div>
   <div class='ocr_carea' id='block_1_6' title="bbox 135 2771 1253 2923">
    <p class='ocr_par' dir='ltr' id='par_1_6' title="bbox 135 2771 1253 2923">
     <span class='ocr_line' id='line_1_36' title="bbox 135 2771 1253 2852; baseline -0.009 -14"><span class='ocrx_word' id='word_1_304' title='bbox 135 2787 261 2838; x_wconf 80' lang='lat' dir='ltr'>vulneris</span> <span class='ocrx_word' id='word_1_305' title='bbox 275 2788 301 2836; x_wconf 80' lang='lat' dir='ltr'>tn</span> <span class='ocrx_word' id='word_1_306' title='bbox 317 2790 398 2838; x_wconf 78' lang='lat' dir='ltr'>latere</span> <span class='ocrx_word' id='word_1_307' title='bbox 409 2787 509 2839; x_wconf 83' lang='lat' dir='ltr'>Christi</span> <span class='ocrx_word' id='word_1_308' title='bbox 529 2787 668 2852; x_wconf 61' lang='grc'>00900-</span> <span class='ocrx_word' id='word_1_309' title='bbox 720 2775 844 2827; x_wconf 78' lang='lat' dir='ltr'>Christus</span> <span class='ocrx_word' id='word_1_310' title='bbox 869 2772 1013 2824; x_wconf 76' lang='lat' dir='ltr'>resurrexit</span> <span class='ocrx_word' id='word_1_311' title='bbox 1039 2773 1136 2838; x_wconf 82' lang='lat' dir='ltr'>plenus</span> <span class='ocrx_word' id='word_1_312' title='bbox 1156 2771 1253 2837; x_wconf 85' lang='lat' dir='ltr'>gaudio</span> 
     </span>
     <span class='ocr_line' id='line_1_37' title="bbox 167 2840 1252 2923; baseline -0.017 -15"><span class='ocrx_word' id='word_1_313' title='bbox 167 2858 210 2908; x_wconf 90' lang='lat' dir='ltr'>do.</span> <span class='ocrx_word' id='word_1_314' title='bbox 553 2859 598 2920; x_wconf 80' lang='lat' dir='ltr'>1v,</span> <span class='ocrx_word' id='word_1_315' title='bbox 615 2858 665 2923; x_wconf 89' lang='lat'>715</span> <span class='ocrx_word' id='word_1_316' title='bbox 751 2856 777 2896; x_wconf 89' lang='lat' dir='ltr'>et</span> <span class='ocrx_word' id='word_1_317' title='bbox 792 2843 964 2896; x_wconf 69' lang='lat' dir='ltr'>exultatime.</span> <span class='ocrx_word' id='word_1_318' title='bbox 1140 2842 1186 2902; x_wconf 86' lang='grc' dir='ltr'>Ν,</span> <span class='ocrx_word' id='word_1_319' title='bbox 1200 2840 1252 2892; x_wconf 84' lang='grc'>658</span> 
     </span>
    </p>
   </div>
   <div class='ocr_carea' id='block_1_7' title="bbox 135 2912 1258 3919">
    <p class='ocr_par' dir='ltr' id='par_1_7' title="bbox 135 2912 1258 3919">
     <span class='ocr_line' id='line_1_38' title="bbox 137 2912 1254 2996; baseline -0.013 -19"><span class='ocrx_word' id='word_1_320' title='bbox 137 2930 236 2996; x_wconf 77' lang='lat' dir='ltr'>Figura</span> <span class='ocrx_word' id='word_1_321' title='bbox 271 2930 352 2995; x_wconf 80' lang='lat' dir='ltr'>hujus</span> <span class='ocrx_word' id='word_1_322' title='bbox 393 2930 540 2996; x_wconf 75' lang='lat' dir='ltr'>apertionis</span> <span class='ocrx_word' id='word_1_323' title='bbox 578 2930 668 2981; x_wconf 68' lang='lat' dir='ltr'>lateris</span> <span class='ocrx_word' id='word_1_324' title='bbox 719 2917 935 2969; x_wconf 89' lang='lat' dir='ltr'>Resurrectionis</span> <span class='ocrx_word' id='word_1_325' title='bbox 967 2913 1068 2965; x_wconf 89' lang='lat' dir='ltr'>Christi</span> <span class='ocrx_word' id='word_1_326' title='bbox 1100 2912 1197 2980; x_wconf 77' lang='lat' dir='ltr'>figurae</span> <span class='ocrx_word' id='word_1_327' title='bbox 1228 2923 1254 2962; x_wconf 92' lang='lat' dir='ltr'>et</span> 
     </span>
     <span class='ocr_line' id='line_1_39' title="bbox 167 2983 1252 3065; baseline -0.017 -14"><span class='ocrx_word' id='word_1_328' title='bbox 167 3000 277 3051; x_wconf 91' lang='lat' dir='ltr'>Christi.</span> <span class='ocrx_word' id='word_1_329' title='bbox 556 2999 668 3065; x_wconf 76' lang='lat' dir='ltr'>1V‚614</span> <span class='ocrx_word' id='word_1_330' title='bbox 750 2988 918 3040; x_wconf 88' lang='lat' dir='ltr'>emblemata.</span> <span class='ocrx_word' id='word_1_331' title='bbox 1139 2984 1184 3046; x_wconf 91' lang='grc' dir='ltr'>Ν,</span> <span class='ocrx_word' id='word_1_332' title='bbox 1201 2983 1252 3034; x_wconf 92' lang='grc'>658</span> 
     </span>
     <span class='ocr_line' id='line_1_40' title="bbox 139 3057 1253 3137; baseline -0.013 -16"><span class='ocrx_word' id='word_1_333' title='bbox 139 3071 177 3121; x_wconf 86' lang='lat' dir='ltr'>Ex</span> <span class='ocrx_word' id='word_1_334' title='bbox 193 3071 242 3121; x_wconf 88' lang='lat' dir='ltr'>hac</span> <span class='ocrx_word' id='word_1_335' title='bbox 257 3071 396 3136; x_wconf 90' lang='lat' dir='ltr'>apertione</span> <span class='ocrx_word' id='word_1_336' title='bbox 409 3070 668 3124; x_wconf 85' lang='lat' dir='ltr'>laterisChristitria</span> <span class='ocrx_word' id='word_1_337' title='bbox 719 3065 751 3114; x_wconf 86' lang='lat' dir='ltr'>In</span> <span class='ocrx_word' id='word_1_338' title='bbox 777 3061 879 3113; x_wconf 79' lang='lat' dir='ltr'>Christi</span> <span class='ocrx_word' id='word_1_339' title='bbox 905 3057 1110 3110; x_wconf 81' lang='lat' dir='ltr'>Resurrecti0ne</span> <span class='ocrx_word' id='word_1_340' title='bbox 1131 3057 1253 3137; x_wconf 80' lang='lat' dir='ltr'>gauden-</span> 
     </span>
     <span class='ocr_line' id='line_1_41' title="bbox 164 3128 1253 3210; baseline -0.011 -20"><span class='ocrx_word' id='word_1_341' title='bbox 164 3141 333 3191; x_wconf 87' lang='lat' dir='ltr'>documenta.</span> <span class='ocrx_word' id='word_1_342' title='bbox 553 3142 596 3199; x_wconf 91' lang='lat' dir='ltr'>IV,</span> <span class='ocrx_word' id='word_1_343' title='bbox 615 3141 668 3207; x_wconf 73' lang='grc'>604</span> <span class='ocrx_word' id='word_1_344' title='bbox 751 3135 827 3185; x_wconf 90' lang='lat' dir='ltr'>dum.</span> <span class='ocrx_word' id='word_1_345' title='bbox 1082 3190 1086 3196; x_wconf 89' lang='lat'>.</span> <span class='ocrx_word' id='word_1_346' title='bbox 1142 3129 1187 3189; x_wconf 85' lang='lat' dir='ltr'>IV,</span> <span class='ocrx_word' id='word_1_347' title='bbox 1201 3128 1253 3210; x_wconf 87' lang='grc'>659</span> 
     </span>
     <span class='ocr_line' id='line_1_42' title="bbox 136 3199 1254 3279; baseline -0.01 -19"><span class='ocrx_word' id='word_1_348' title='bbox 136 3210 175 3260; x_wconf 91' lang='lat' dir='ltr'>De</span> <span class='ocrx_word' id='word_1_349' title='bbox 190 3210 292 3262; x_wconf 91' lang='lat' dir='ltr'>Christi</span> <span class='ocrx_word' id='word_1_350' title='bbox 309 3212 454 3277; x_wconf 84' lang='lat' dir='ltr'>sepultura.</span> <span class='ocrx_word' id='word_1_351' title='bbox 551 3213 594 3272; x_wconf 92' lang='grc' dir='ltr'>Ν,</span> <span class='ocrx_word' id='word_1_352' title='bbox 615 3211 667 3279; x_wconf 82' lang='grc' dir='ltr'>6ι9</span> <span class='ocrx_word' id='word_1_353' title='bbox 720 3208 759 3259; x_wconf 92' lang='lat' dir='ltr'>De</span> <span class='ocrx_word' id='word_1_354' title='bbox 777 3205 878 3258; x_wconf 89' lang='lat' dir='ltr'>Christi</span> <span class='ocrx_word' id='word_1_355' title='bbox 905 3202 1073 3272; x_wconf 80' lang='lat' dir='ltr'>apparitione</span> <span class='ocrx_word' id='word_1_356' title='bbox 1087 3199 1156 3251; x_wconf 82' lang='lat' dir='ltr'>facta</span> <span class='ocrx_word' id='word_1_357' title='bbox 1176 3201 1254 3250; x_wconf 81' lang='lat' dir='ltr'>Matri</span> 
     </span>
     <span class='ocr_line' id='line_1_43' title="bbox 136 3268 1254 3347; baseline 0.003 -19"><span class='ocrx_word' id='word_1_358' title='bbox 136 3280 176 3329; x_wconf 90' lang='lat' dir='ltr'>De</span> <span class='ocrx_word' id='word_1_359' title='bbox 190 3281 358 3346; x_wconf 88' lang='lat' dir='ltr'>depositione</span> <span class='ocrx_word' id='word_1_360' title='bbox 373 3280 493 3347; x_wconf 89' lang='lat' dir='ltr'>corporis</span> <span class='ocrx_word' id='word_1_361' title='bbox 508 3281 611 3332; x_wconf 89' lang='lat' dir='ltr'>Christi</span> <span class='ocrx_word' id='word_1_362' title='bbox 635 3282 668 3331; x_wconf 88' lang='lat' dir='ltr'>de</span> <span class='ocrx_word' id='word_1_363' title='bbox 752 3292 816 3328; x_wconf 82' lang='lat' dir='ltr'>suae.</span> <span class='ocrx_word' id='word_1_364' title='bbox 1140 3271 1185 3331; x_wconf 64' lang='lat' dir='ltr'>IV,</span> <span class='ocrx_word' id='word_1_365' title='bbox 1202 3268 1254 3320; x_wconf 90' lang='grc'>666</span> 
     </span>
     <span class='ocr_line' id='line_1_44' title="bbox 167 3341 1255 3417; baseline -0.01 -18"><span class='ocrx_word' id='word_1_366' title='bbox 167 3366 259 3414; x_wconf 88' lang='lat' dir='ltr'>cruce;</span> <span class='ocrx_word' id='word_1_367' title='bbox 276 3352 377 3402; x_wconf 80' lang='lat' dir='ltr'>ex-hac</span> <span class='ocrx_word' id='word_1_368' title='bbox 400 3351 567 3417; x_wconf 89' lang='lat' dir='ltr'>depositione</span> <span class='ocrx_word' id='word_1_369' title='bbox 583 3352 667 3402; x_wconf 92' lang='lat' dir='ltr'>docu-</span> <span class='ocrx_word' id='word_1_370' title='bbox 720 3349 776 3399; x_wconf 91' lang='lat' dir='ltr'>Cur</span> <span class='ocrx_word' id='word_1_371' title='bbox 799 3347 868 3396; x_wconf 89' lang='lat' dir='ltr'>hanc</span> <span class='ocrx_word' id='word_1_372' title='bbox 890 3343 1088 3409; x_wconf 74' lang='lat' dir='ltr'>apparitionem</span> <span class='ocrx_word' id='word_1_373' title='bbox 1108 3355 1164 3391; x_wconf 93' lang='lat' dir='ltr'>non</span> <span class='ocrx_word' id='word_1_374' title='bbox 1185 3341 1255 3390; x_wconf 86' lang='lat' dir='ltr'>rele-</span> 
     </span>
     <span class='ocr_line' id='line_1_45' title="bbox 166 3409 1256 3484; baseline -0.008 -16"><span class='ocrx_word' id='word_1_375' title='bbox 166 3431 265 3472; x_wconf 89' lang='lat' dir='ltr'>menta.</span> <span class='ocrx_word' id='word_1_376' title='bbox 439 3422 484 3484; x_wconf 92' lang='lat' dir='ltr'>IV,</span> <span class='ocrx_word' id='word_1_377' title='bbox 501 3421 554 3471; x_wconf 86' lang='lat'>618</span> <span class='ocrx_word' id='word_1_378' title='bbox 572 3431 598 3472; x_wconf 90' lang='lat' dir='ltr'>et</span> <span class='ocrx_word' id='word_1_379' title='bbox 614 3420 663 3471; x_wconf 84' lang='lat'>621</span> <span class='ocrx_word' id='word_1_380' title='bbox 752 3427 813 3468; x_wconf 88' lang='lat' dir='ltr'>rant</span> <span class='ocrx_word' id='word_1_381' title='bbox 828 3413 1013 3481; x_wconf 82' lang='lat' dir='ltr'>Evangelistte.</span> <span class='ocrx_word' id='word_1_382' title='bbox 1142 3410 1187 3473; x_wconf 92' lang='lat' dir='ltr'>IV,</span> <span class='ocrx_word' id='word_1_383' title='bbox 1205 3409 1256 3475; x_wconf 81' lang='lat'>667</span> 
     </span>
     <span class='ocr_line' id='line_1_46' title="bbox 135 3474 1256 3558; baseline -0.009 -19"><span class='ocrx_word' id='word_1_384' title='bbox 135 3490 237 3541; x_wconf 90' lang='lat' dir='ltr'>Devota</span> <span class='ocrx_word' id='word_1_385' title='bbox 248 3493 387 3544; x_wconf 89' lang='lat' dir='ltr'>meditatio</span> <span class='ocrx_word' id='word_1_386' title='bbox 399 3493 432 3543; x_wconf 94' lang='lat' dir='ltr'>de</span> <span class='ocrx_word' id='word_1_387' title='bbox 443 3492 545 3544; x_wconf 90' lang='lat' dir='ltr'>Christi</span> <span class='ocrx_word' id='word_1_388' title='bbox 558 3506 668 3558; x_wconf 90' lang='lat' dir='ltr'>corpore</span> <span class='ocrx_word' id='word_1_389' title='bbox 721 3474 846 3539; x_wconf 90' lang='lat' dir='ltr'>Christus</span> <span class='ocrx_word' id='word_1_390' title='bbox 872 3483 1027 3542; x_wconf 82' lang='lat' dir='ltr'>resurrexit,</span> <span class='ocrx_word' id='word_1_391' title='bbox 1051 3483 1142 3532; x_wconf 90' lang='lat' dir='ltr'>clauso</span> <span class='ocrx_word' id='word_1_392' title='bbox 1164 3482 1256 3547; x_wconf 89' lang='lat' dir='ltr'>sepul-</span> 
     </span>
     <span class='ocr_line' id='line_1_47' title="bbox 168 3550 1255 3633; baseline -0.011 -21"><span class='ocrx_word' id='word_1_393' title='bbox 168 3575 287 3616; x_wconf 89' lang='lat' dir='ltr'>mortuo.</span> <span class='ocrx_word' id='word_1_394' title='bbox 553 3566 598 3625; x_wconf 87' lang='lat' dir='ltr'>IV,</span> <span class='ocrx_word' id='word_1_395' title='bbox 615 3563 666 3615; x_wconf 87' lang='grc'>603</span> <span class='ocrx_word' id='word_1_396' title='bbox 751 3558 826 3609; x_wconf 89' lang='lat' dir='ltr'>chro.</span> <span class='ocrx_word' id='word_1_397' title='bbox 1143 3551 1188 3610; x_wconf 91' lang='grc' dir='ltr'>Ν,</span> <span class='ocrx_word' id='word_1_398' title='bbox 1205 3550 1255 3633; x_wconf 70' lang='grc'>690</span> 
     </span>
     <span class='ocr_line' id='line_1_48' title="bbox 139 3623 1258 3703; baseline -0.013 -17"><span class='ocrx_word' id='word_1_399' title='bbox 139 3636 206 3686; x_wconf 87' lang='lat' dir='ltr'>Item</span> <span class='ocrx_word' id='word_1_400' title='bbox 220 3636 308 3686; x_wconf 83' lang='lat' dir='ltr'>adhuc</span> <span class='ocrx_word' id='word_1_401' title='bbox 321 3637 355 3687; x_wconf 89' lang='lat' dir='ltr'>de</span> <span class='ocrx_word' id='word_1_402' title='bbox 375 3636 521 3703; x_wconf 86' lang='lat' dir='ltr'>sepultura,</span> <span class='ocrx_word' id='word_1_403' title='bbox 545 3645 571 3686; x_wconf 84' lang='lat' dir='ltr'>et</span> <span class='ocrx_word' id='word_1_404' title='bbox 587 3636 666 3686; x_wconf 92' lang='lat' dir='ltr'>invo-</span> <span class='ocrx_word' id='word_1_405' title='bbox 720 3631 759 3681; x_wconf 88' lang='lat' dir='ltr'>De</span> <span class='ocrx_word' id='word_1_406' title='bbox 773 3627 943 3696; x_wconf 85' lang='lat' dir='ltr'>apparitione</span> <span class='ocrx_word' id='word_1_407' title='bbox 962 3623 1065 3678; x_wconf 88' lang='lat' dir='ltr'>Christi</span> <span class='ocrx_word' id='word_1_408' title='bbox 1081 3623 1151 3674; x_wconf 88' lang='lat' dir='ltr'>facta</span> <span class='ocrx_word' id='word_1_409' title='bbox 1166 3623 1258 3673; x_wconf 74' lang='lat' dir='ltr'>Marta</span> 
     </span>
     <span class='ocr_line' id='line_1_49' title="bbox 167 3693 1257 3778; baseline -0.015 -19"><span class='ocrx_word' id='word_1_410' title='bbox 167 3707 272 3759; x_wconf 86' lang='lat' dir='ltr'>lutione</span> <span class='ocrx_word' id='word_1_411' title='bbox 291 3710 412 3775; x_wconf 89' lang='lat' dir='ltr'>corporis</span> <span class='ocrx_word' id='word_1_412' title='bbox 427 3709 535 3773; x_wconf 40' lang='lat' dir='ltr'>,Christi</span> <span class='ocrx_word' id='word_1_413' title='bbox 563 3708 592 3759; x_wconf 93' lang='lat' dir='ltr'>in</span> <span class='ocrx_word' id='word_1_414' title='bbox 611 3708 669 3758; x_wconf 88' lang='lat' dir='ltr'>sin·</span> <span class='ocrx_word' id='word_1_415' title='bbox 752 3700 926 3766; x_wconf 82' lang='lat' dir='ltr'>Magdalenae.</span> <span class='ocrx_word' id='word_1_416' title='bbox 1139 3695 1184 3778; x_wconf 87' lang='grc' dir='ltr'>Ν,</span> <span class='ocrx_word' id='word_1_417' title='bbox 1205 3693 1257 3761; x_wconf 81' lang='grc'>679</span> 
     </span>
     <span class='ocr_line' id='line_1_50' title="bbox 165 3769 1257 3846; baseline -0.012 -17"><span class='ocrx_word' id='word_1_418' title='bbox 165 3779 247 3840; x_wconf 87' lang='lat' dir='ltr'>done,</span> <span class='ocrx_word' id='word_1_419' title='bbox 270 3790 295 3830; x_wconf 89' lang='lat' dir='ltr'>et</span> <span class='ocrx_word' id='word_1_420' title='bbox 309 3795 393 3845; x_wconf 87' lang='lat' dir='ltr'>quare</span> <span class='ocrx_word' id='word_1_421' title='bbox 412 3779 440 3831; x_wconf 92' lang='lat' dir='ltr'>in</span> <span class='ocrx_word' id='word_1_422' title='bbox 457 3779 506 3834; x_wconf 84' lang='lat' dir='ltr'>¹tali</span> <span class='ocrx_word' id='word_1_423' title='bbox 523 3778 667 3846; x_wconf 87' lang='lat' dir='ltr'>sepulchro</span> <span class='ocrx_word' id='word_1_424' title='bbox 720 3776 837 3842; x_wconf 81' lang='lat' dir='ltr'>Apparet</span> <span class='ocrx_word' id='word_1_425' title='bbox 847 3773 872 3825; x_wconf 91' lang='lat' dir='ltr'>ei</span> <span class='ocrx_word' id='word_1_426' title='bbox 885 3771 1011 3825; x_wconf 87' lang='lat' dir='ltr'>Christus</span> <span class='ocrx_word' id='word_1_427' title='bbox 1025 3769 1077 3820; x_wconf 88' lang='lat' dir='ltr'>sub</span> <span class='ocrx_word' id='word_1_428' title='bbox 1087 3783 1177 3834; x_wconf 83' lang='lat' dir='ltr'>specte</span> <span class='ocrx_word' id='word_1_429' title='bbox 1192 3769 1257 3818; x_wconf 93' lang='lat' dir='ltr'>hor·</span> 
     </span>
     <span class='ocr_line' id='line_1_51' title="bbox 167 3838 1255 3919; baseline -0.014 -15"><span class='ocrx_word' id='word_1_430' title='bbox 167 3855 205 3905; x_wconf 88' lang='lat' dir='ltr'>sit</span> <span class='ocrx_word' id='word_1_431' title='bbox 221 3853 351 3919; x_wconf 88' lang='lat' dir='ltr'>sepultus.</span> <span class='ocrx_word' id='word_1_432' title='bbox 555 3851 600 3915; x_wconf 88' lang='lat' dir='ltr'>IV,</span> <span class='ocrx_word' id='word_1_433' title='bbox 615 3849 668 3914; x_wconf 84' lang='lat'>627</span> <span class='ocrx_word' id='word_1_434' title='bbox 753 3845 848 3898; x_wconf 87' lang='lat' dir='ltr'>tulani.</span> <span class='ocrx_word' id='word_1_435' title='bbox 1144 3841 1189 3901; x_wconf 92' lang='grc' dir='ltr'>Ν,</span> <span class='ocrx_word' id='word_1_436' title='bbox 1205 3838 1255 3891; x_wconf 89' lang='grc'>680</span> 
     </span>
    </p>
   </div>
   <div class='ocr_carea' id='block_1_8' title="bbox 776 1918 1173 1957">
    <p class='ocr_par' dir='ltr' id='par_1_8' title="bbox 776 1918 1173 1957">
     <span class='ocr_line' id='line_1_52' title="bbox 776 1918 1173 1957; baseline -0.01 0"><span class='ocrx_word' id='word_1_437' title='bbox 776 1923 810 1957; x_wconf 79' lang='lat' dir='ltr'>DE</span> <span class='ocrx_word' id='word_1_438' title='bbox 824 1918 1040 1957; x_wconf 76' lang='lat' dir='ltr'>RESURRECTIONE</span> <span class='ocrx_word' id='word_1_439' title='bbox 1053 1919 1173 1954; x_wconf 76' lang='lat' dir='ltr'>CHRISTI.</span> 
     </span>
    </p>
   </div>
   <div class='ocr_carea' id='block_1_9' title="bbox 0 0 1334 4328">
    <p class='ocr_par' dir='ltr' id='par_1_9' title="bbox 0 0 1334 4328">
     <span class='ocr_line' id='line_1_53' title="bbox 0 0 1334 4328; baseline 0 0"><span class='ocrx_word' id='word_1_440' title='bbox 0 0 1334 4328; x_wconf 95' lang='lat' dir='ltr'> </span> 
     </span>
    </p>
   </div>
  </div>
 </body>
</html>
