2626 4328
325 108 371 160 DE
387 107 529 170 TERTIA,
541 107 576 159 ΙΝ
595 105 762 160 PASSIONE
775 110 912 161 DOMINI.

56 228 176 278 lutantes
188 240 287 290 regem,
307 238 369 274 eum
385 223 590 288 alapizaverunt.

644 231 717 275 tuam
727 227 889 277 sacramenti
902 226 1085 277 Eucharistiae
1097 239 1173 276 sum-

57 297 91 349 Et
113 294 206 346 differt
236 295 287 345 ista
315 293 456 359 alapizatio
484 295 518 344 ab
545 293 591 344 illa
639 297 732 362 ptione
744 296 857 363 indigna
875 311 925 348 non
933 296 1065 363 polluere,
1077 302 1104 347 et
1115 311 1173 348 con·

57 383 117 435 quse
131 367 163 418 in
175 367 258 417 domo
269 367 354 416 Annae
365 365 417 416 fuit
426 365 495 417 facta
508 381 515 417 ε
527 367 591 432 quia

56 441 94 492 ibi
114 456 171 492 una
188 440 264 505 alapa
280 440 313 490 ab
325 455 381 490 uno
391 438 590 498 ministrorum,

58 510 100 563 bic
122 523 218 563 autem
242 511 331 576 plures
354 513 435 576 alapae
449 525 464 560 a
478 511 591 561 diversis

57 584 192 634 dabantur
199 599 208 647 ;
237 591 263 632 et
300 581 346 631 illa
375 581 487 631 dabatur
512 596 591 631 causa

57 655 182 713 ultionis,
205 653 264 704 istae
278 667 357 703 causa
373 652 517 704 illusionis.
534 653 590 702 Do-

56 735 184 776 cumenta
210 735 301 775 autem
315 723 354 774 ibi
368 724 456 788 posita
477 732 591 788 possunt

57 794 100 846 lric
114 795 213 861 accipi.
235 795 312 856 Jesu,
340 795 385 859 qui
409 794 500 859 alapis
522 794 592 845 caedi

56 866 175 928 noluisti,
199 865 253 931 sac
277 880 318 916 me
342 879 389 915 ore
407 871 433 915 et
459 864 516 916 vita
542 865 591 914 tibi

56 950 159 1004 semper
166 935 310 1002 plaudere,
324 941 351 986 et
369 936 484 986 aliorum
497 949 589 1000 opera,

57 1010 203 1063 licetmala
218 1009 282 1072 sint,
294 1010 358 1060 milri
374 1011 400 1060 in
415 1011 509 1061 bonnm
525 1025 589 1061 coo-

53 1084 148 1149 perari
170 1083 294 1135 concede.
309 1083 349 1133 Et
367 1083 536 1149 exspuebant
562 1084 589 1134 in

52 1155 151 1221 facien
163 1155 233 1222 ejus,
249 1154 318 1205 sicut
335 1170 454 1220 personae
469 1155 539 1206 viles
563 1167 591 1207 et

56 1227 282 1294 contemptibiles.
297 1228 321 1280 0
335 1243 416 1294 quam
435 1227 498 1278 vilis
518 1238 590 1280 actus

57 1298 111 1349 mili
118 1297 194 1349 tum!
214 1298 255 1348 Ex
271 1297 322 1347 hoc
334 1307 444 1363 apparet
458 1299 531 1364 quod
546 1298 590 1349 isti

56 1371 184 1423 dicuntur
214 1370 331 1429 milites,
360 1387 415 1420 non
441 1371 589 1421 secundum

57 1458 156 1494 nomen
166 1441 276 1493 militiae
291 1441 432 1508 praesentis
451 1443 589 1508 temporis,

57 1530 108 1580 quo
120 1514 251 1581 generosi
272 1523 298 1564 et
320 1513 435 1572 nobiles,
448 1513 495 1579 qui
510 1515 590 1580 equi-

56 1594 91 1635 tes
103 1584 287 1635 nominantur
297 1584 330 1634 de
343 1584 491 1634 calcaribus
505 1585 590 1635 deau-

57 1655 139 1707 ntis:
155 1657 225 1706 tales
252 1655 325 1706 enim
347 1655 451 1706 nobiles
469 1671 590 1722 personae

58 1742 107 1776 non
131 1725 291 1789 illuderent,
320 1741 375 1775 non
402 1738 589 1791 conspuerent,

56 1813 99 1849 nec
111 1796 315 1863 crucifigerent,
329 1813 377 1847 nec
399 1808 486 1848 vestes
499 1799 590 1849 cruci-

56 1868 98 1920 fixi
111 1869 169 1921 sibi
185 1869 347 1934 dividerent,
362 1871 434 1936 quod
451 1872 484 1920 ad
498 1871 589 1921 carni-

56 1941 115 1993 fices
128 1942 224 2008 potius
245 1941 373 2006 pertinet;
396 1942 442 1992 sed
462 1941 590 1992 dicuntur

57 2013 165 2072 milites,
193 2013 342 2062 secundum
365 2012 504 2078 antiquam
525 2028 590 2063 con-

57 2085 241 2146 suetudinem,
256 2085 423 2150 stipendiarii
434 2094 460 2135 et
470 2085 590 2136 servien-

56 2168 91 2208 tes
115 2157 234 2224 pedites,
263 2157 334 2207 sicut
359 2167 431 2222 patet
451 2157 479 2207 in
507 2158 590 2223 gestis

57 2227 116 2279 Julii
130 2227 259 2286 Caesaris,
281 2225 327 2276 ubi
349 2227 448 2277 milites
462 2227 495 2276 ab
516 2227 590 2293 equi-

57 2297 129 2349 tibus
142 2297 363 2362 distinguuntur,
387 2307 413 2347 et
431 2296 459 2347 in
473 2297 587 2348 Actibus

58 2368 262 2434 Apostolorum,
297 2367 344 2417 ubi
376 2367 484 2427 dicitur,
515 2369 589 2433 quod

59 2440 156 2492 Paulus
177 2457 243 2491 cum
263 2440 398 2490 militibus
411 2441 545 2505 ducentis,
565 2451 591 2491 et

57 2511 196 2578 equitibus
207 2510 377 2576 septuaginta
395 2511 428 2560 de
442 2511 589 2562 Jerusalem

57 2583 154 2633 missus
169 2591 212 2632 est
229 2581 385 2632 Caesaream.
400 2580 472 2646 Ergo
489 2581 590 2632 milites

57 2652 82 2704 in
103 2654 233 2705 hocloco
254 2651 433 2717 intelligimus
455 2652 522 2704 viles
538 2654 589 2703 sti-

57 2726 211 2791 pendiarios
225 2725 371 2786 carnifices,
381 2727 475 2792 quales
487 2727 590 2776 nullam

56 2797 264 2860 perhorrescunt
281 2795 469 2858 insolentiam
482 2796 530 2862 qui
544 2796 590 2847 di-

58 2869 90 2919 cti
103 2877 170 2920 sunt
195 2867 305 2926 milites,
327 2883 381 2917 non
405 2883 418 2918 a
440 2868 589 2928 nobilitate,

57 2940 101 2990 sed
120 2955 137 2990 a
157 2938 328 3001 fortitudine,
355 2948 431 2989 erant
459 2938 531 2988 enim
550 2954 590 2988 ro·

58 3011 129 3063 busti
150 3025 272 3078 corpore,
288 3020 313 3061 et
332 3012 364 3062 ad
386 3026 468 3061 omne
488 3011 589 3062 malum

57 3085 195 3152 expositi,
222 3094 252 3135 ut
274 3084 339 3135 dicit
366 3084 588 3150 Chrysostomus.

58 3155 94 3207 De
105 3155 210 3222 quibus
227 3155 308 3206 etiam
325 3155 389 3205 dicit
415 3155 587 3220 Theophilus,

13 3282 18 3289 ,
57 3227 129 3291 quod
144 3226 176 3276 in
192 3225 254 3276 istis
274 3225 448 3277 illusionibus
463 3226 589 3278 militaris

56 3311 123 3347 vana
159 3296 246 3362 gloria
283 3312 387 3361 semper
425 3297 589 3348 inordinatis

57 3368 176 3434 gaudens
210 3367 363 3433 opprobriis
394 3368 446 3418 sibi
478 3369 589 3434 propria

57 3438 224 3489 ostendebat.
239 3439 405 3488 Documenta
419 3438 463 3488 hic
474 3449 589 3503 possunt

58 3509 128 3560 sumi
151 3509 223 3560 sicut
251 3524 332 3574 supra
356 3508 389 3558 de
413 3508 590 3573 consputione

58 3578 85 3629 in
97 3581 183 3631 domo
197 3578 309 3644 Caiphae
322 3578 399 3629 facta.
415 3580 439 3629 0
455 3580 529 3642 lesu,
545 3581 590 3645 qui

60 3649 85 3700 in
123 3650 358 3702 deliciosissimum
386 3651 483 3709 faciem
515 3657 589 3702 tuam

61 3723 170 3790 conspui
192 3722 315 3787 uoluisti,
345 3723 381 3774 da
404 3721 469 3773 milri
485 3721 589 3788 sacient

643 368 781 418 scientiam
800 383 883 418 meam
902 368 1044 419 immundis
1062 369 1173 434 cogita·

644 437 760 491 tionibus
768 453 819 490 non
825 439 949 504 foedare.

669 510 976 576 *19Prncuss10cn2n1s
990 510 1102 561 Carrsrr
1119 524 1173 560 cuir

642 596 787 639 munerun,
816 597 995 632 oocuurnruu
1016 596 1050 630 rx
1082 596 1115 630 sn
1140 595 1173 631 rr

642 669 749 704 oanrro.
764 681 795 692 -
810 655 842 705 Et
863 655 1030 720 accipiebant
1062 651 1175 704 arundi-

643 739 705 774 nem
720 725 753 775 de
767 740 848 775 manu
864 727 930 791 ejus,
941 732 968 777 et
986 724 1173 791 percutiebant

644 812 749 847 sacrum
778 804 860 862 caput
884 798 970 865 ipsius
991 808 1044 849 :et
1071 797 1175 847 ratione

643 868 745 920 doloris
761 869 911 936 infligendi,
927 881 957 920 ut
977 871 1060 921 aculei
1082 870 1176 935 spina-

644 959 704 993 rum
726 942 822 994 fortius
843 942 1018 1009 infigerentur
1038 943 1132 1008 capiti3
1149 951 1176 993 et

643 1014 746 1064 ratione
762 1025 943 1079 contemptus,
959 1015 987 1063 in
1003 1014 1112 1080 signum
1127 1029 1175 1063 va-

643 1087 749 1138 cuitatis
763 1098 789 1138 et
803 1086 874 1137 nihil
889 1103 895 1136 :
912 1086 1050 1136 nonenim
1065 1096 1171 1136 tantum

643 1176 722 1211 causa
741 1160 855 1210 laedendi
880 1176 942 1210 eum
960 1175 1008 1225 per
1028 1171 1173 1225 puncturas

644 1231 784 1297 spinarum
799 1242 825 1282 et
839 1246 885 1296 per
898 1231 967 1280 ictus
979 1230 1078 1289 baculi,
1091 1245 1178 1295 quan·

644 1314 702 1354 tum
724 1318 802 1354 causa
824 1302 955 1353 illudendi
982 1312 1008 1353 et
1026 1300 1172 1352 vilificandi

644 1373 696 1423 hoc
714 1373 841 1434 fecerunt,
871 1388 934 1423 nam
960 1372 1026 1423 viles
1055 1385 1175 1436 persona

644 1444 746 1494 baculis
755 1444 825 1494 sicut
837 1443 930 1494 bestiae
944 1443 1043 1509 percuti
1059 1457 1173 1491 consue-

642 1526 747 1568 verunt.
761 1517 844 1577 Quasi
859 1517 977 1568 dicerent
999 1516 1109 1566 adeum
1124 1530 1131 1564 ε
1148 1514 1172 1563 Ο

643 1596 672 1638 tu
687 1587 770 1638 homo
785 1588 856 1648 vilis,
873 1587 969 1654 utquid
980 1597 1005 1636 te
1019 1587 1119 1651 Regem
1135 1585 1175 1635 fa-

643 1657 698 1709 cis?
711 1660 742 1708 ln
760 1659 812 1708 hoc
825 1658 904 1708 fiebat
918 1658 942 1708 ei
963 1659 1033 1708 sicut
1047 1656 1111 1716 furi,
1127 1656 1173 1722 qui

643 1727 707 1778 sune
728 1727 808 1793 capiti
828 1727 1042 1793 circumposito,
1064 1737 1176 1791 torque-

643 1808 696 1863 tur,
725 1810 755 1849 ut
778 1810 948 1864 recognoscat
964 1801 1034 1850 mala
1052 1815 1113 1866 quae
1137 1798 1177 1848 fe-

643 1870 693 1933 cit3
709 1879 735 1920 et
752 1869 822 1919 sicut
840 1869 911 1921 funis
926 1869 1130 1935 constringitur,
1145 1879 1175 1918 ut

643 1959 672 1994 se
697 1943 815 2007 amplius
838 1943 982 2008 profundet
999 1944 1041 1993 vel
1067 1942 1173 2008 gravius

642 2022 773 2079 torqueat,
794 2013 876 2062 sicet
895 2014 985 2063 Jesum
1014 2023 1171 2062 coronatum

642 2085 775 2136 arundine
814 2085 1007 2150 percutiebant.
1040 2083 1175 2134 Percutie-

642 2155 707 2206 bant
733 2155 862 2205 arundine
895 2166 974 2220 caput
1003 2155 1174 2219 pavendum,

642 2228 813 2278 damonibus
851 2227 1020 2278 tremendum
1057 2241 1087 2276 ac
1126 2240 1170 2275 re-

643 2299 800 2356 verendum,
818 2298 921 2348 cunctis
958 2299 1086 2348 coelorurn
1114 2296 1172 2346 Vir·

643 2369 764 2428 tutibus,
802 2379 829 2419 et
854 2369 1037 2418 venerandum
1070 2368 1173 2418 Sanctis

644 2439 787 2502 omnibus,
808 2449 885 2505 caput
902 2439 1072 2490 benedictum
1084 2439 1113 2488 in
1129 2454 1173 2489 se-

644 2513 712 2573 cula,
733 2526 749 2561 a
769 2528 824 2577 quo
841 2511 931 2562 omnis
953 2512 1102 2562 benedictio
1117 2526 1172 2561 non

643 2582 732 2632 solum
750 2582 777 2632 in
798 2583 918 2642 barbam,
934 2597 1026 2633 verum
1045 2581 1126 2632 etiam
1141 2582 1169 2631 in

644 2667 719 2703 oram
744 2653 898 2704 vestimenti
934 2654 1018 2704 totius
1047 2652 1174 2703 Ecclesia

644 2735 741 2774 manat.
762 2725 786 2774 Ο
804 2724 912 2774 miseri!
936 2724 1073 2789 quomodo
1097 2721 1174 2772 vobis

643 2797 731 2847 adhuc
748 2798 920 2847 tremendum
943 2796 1080 2863 apparebit
1095 2804 1173 2859 caput
1255 2838 1257 2842 ,

644 2868 720 2928 illud,
736 2868 809 2934 quod
830 2884 901 2918 nunc
915 2869 953 2918 sic
970 2876 1106 2932 percutere
1120 2882 1174 2916 non

643 2938 811 2988 formidatis?
840 2939 872 2987 Et
898 2947 961 2987 tunc
989 2936 1100 3002 sanguis
1129 2951 1176 3002 per

643 3012 748 3062 aculeos
766 3025 871 3061 coronae
885 3010 918 3059 de
933 3009 1018 3074 capite
1031 3019 1174 3072 extractus,

644 3091 670 3134 et
698 3082 806 3148 largiter
824 3081 921 3141 fluens,
945 3080 1026 3131 tinxit
1048 3091 1128 3146 caput
1151 3092 1176 3132 et

644 3168 725 3219 genas
744 3153 810 3217 ejus,
830 3151 866 3203 ita
881 3163 911 3202 ut
932 3161 1071 3217 appareret
1093 3153 1170 3217 quasi

643 3225 773 3289 leprosus,
792 3222 856 3289 quia
870 3223 981 3288 sanguis
994 3232 1020 3273 et
1034 3233 1114 3287 sputa
1127 3239 1175 3288 ap-

643 3295 729 3361 posita
743 3294 873 3345 faciebant
895 3310 957 3344 eum
977 3294 1082 3360 leproso
1095 3294 1176 3344 simi-

643 3367 705 3417 lem.
728 3365 823 3416 Tinxit
860 3381 923 3431 ergo
951 3366 1061 3430 sanguis
1089 3376 1175 3415 totum

643 3448 721 3503 caput
752 3439 829 3503 ejus,
859 3437 930 3488 sicut
954 3453 1032 3488 cruor
1060 3438 1171 3503 flagellis

643 3519 784 3570 extractus,
794 3520 820 3561 et
835 3511 917 3561 sudor
933 3510 1098 3576 sanguineus
1113 3510 1174 3560 tin-

643 3580 683 3630 xit
696 3596 792 3631 omnes
815 3582 879 3632 allas
901 3592 989 3646 partes
1002 3581 1130 3647 corporis,
1142 3591 1172 3631 ut

643 3666 699 3701 non
722 3661 827 3702 tantum
851 3667 946 3701 manus
960 3662 986 3701 et
1002 3653 1083 3717 pedes
1096 3660 1122 3700 et
1134 3652 1176 3701 la·

642 3732 686 3775 tus
718 3723 838 3774 dicamus
868 3723 1001 3788 sanguine
1036 3735 1170 3787 respersa;

1122 108 1172 178 543
1260 142 1262 147 ·
