2626 4328
116 253 181 322 =670

128 361 246 420 tionem!
263 371 402 422 Imitemur
418 388 480 438 ergo
494 381 520 422 et
532 388 581 422 nos
595 387 656 422 eas-

73 495 75 501 ,
129 442 189 492 dem
205 454 307 493 sanctas
321 454 346 495 et
359 444 545 494 devotissimas
560 445 659 494 mulie-

130 530 181 575 res,
198 527 228 566 ut
249 517 317 567 sicut
338 518 392 567 illae
415 533 476 567 curn
494 517 659 567 aromatibus

129 586 278 637 Dominum
298 598 352 638 toto
374 588 461 646 corde,
477 603 506 637 ac
528 588 659 637 desiderio

130 658 287 721 quaerebant
303 658 331 706 in
353 657 505 722 sepulchro,
526 659 599 723 quod
621 667 660 707 est

131 730 255 794 proprius
280 739 450 780 mortuorum
470 731 554 790 locus,
577 729 613 779 ita
635 739 660 778 et

129 815 179 849 nos
192 817 255 849 curn
275 800 375 850 nostris
392 800 566 862 aromatibus,
587 799 658 849 scili·

130 883 170 923 cet
192 891 198 922 :
220 874 372 939 operatione
388 875 521 923 bonorum
537 888 659 939 operum,

129 954 156 994 et
165 946 246 996 odore
258 946 399 1003 virtutum,
413 946 596 1012 suavitateque
608 961 662 995 ora-

128 1017 253 1078 tionum,
288 1029 343 1068 toto
377 1017 472 1069 affectu
501 1019 600 1069 inentis
629 1020 661 1067 ad

129 1087 225 1146 Deum,
248 1104 294 1154 per
318 1098 406 1139 sancta
430 1088 563 1139 desideria
580 1088 661 1154 proli-

128 1157 269 1221 ciscamur,
289 1169 315 1208 et
338 1175 491 1225 quaeramus
506 1175 561 1209 non
577 1160 602 1209 in
619 1175 661 1209 se-

129 1232 253 1296 pulchre,
278 1234 323 1282 sed
348 1234 376 1283 in
397 1235 473 1293 coelo,
497 1249 552 1299 quo
572 1233 661 1298 ipsum

128 1304 281 1353 ascendisse
305 1306 449 1365 credimus,
473 1315 553 1371 atque
581 1306 660 1355 novi-

128 1389 199 1425 mus.
220 1376 296 1424 Unde
318 1377 471 1442 Gregorius
495 1394 503 1428 .·
523 1395 536 1423 a
557 1379 661 1426 Sanctae

128 1445 271 1509 mulieres,
298 1462 358 1511 quae
384 1447 532 1496 Dominum
558 1447 662 1497 fuerant

128 1527 235 1574 secutae,
251 1533 312 1566 curn
327 1519 495 1568 aromatibus
509 1519 540 1568 ad
563 1535 662 1569 monu-

128 1597 249 1636 mentum
268 1597 409 1647 venerunt,
425 1597 451 1637 et
472 1587 496 1637 ei
521 1604 601 1655 quem
620 1589 661 1639 vi-

128 1666 234 1706 ventem
262 1656 422 1716 dilexerant,
448 1657 528 1707 etiam
553 1670 662 1708 mortuo

129 1729 219 1778 studio
229 1728 405 1779 humanitatis
417 1730 611 1796 obsequuntur.
627 1732 662 1782 Et

131 1814 181 1848 nos
201 1814 264 1864 ergo
280 1799 308 1849 in
330 1815 393 1849 eum
412 1800 460 1865 qui
480 1812 520 1850 est
541 1814 664 1852 mortuus

129 1870 275 1928 credentes,
291 1871 313 1920 si
325 1872 408 1921 odore
418 1872 547 1922 virtutum
561 1873 662 1935 refecti,

131 1955 191 1990 curn
215 1940 369 2004 operatione
391 1942 525 1992 bonorum
549 1959 662 2008 operum

129 2009 281 2059 Dominum
306 2012 471 2078 quaerimus,
499 2013 532 2063 ad
561 2030 662 2064 monu-

128 2090 254 2130 mentum
279 2083 397 2146 prolecto
423 2083 496 2133 illius
521 2099 582 2134 cum
603 2100 664 2134 aro-

126 2152 249 2202 matibus
276 2153 402 2205 venimus
430 2173 436 2204 2
470 2175 483 2201 n
500 2155 558 2205 haec
589 2157 664 2207 Gre-

125 2223 235 2287 gorius
260 2226 370 2290 Mystico
394 2236 602 2277 monumentum
626 2239 665 2277 cst

129 2294 238 2359 Corpus
261 2297 449 2358 Dominicurn,
472 2299 505 2348 ad
526 2300 598 2365 quod
622 2316 666 2349 ac-

127 2365 225 2415 cedere
238 2383 318 2417 nemo
329 2368 417 2431 debet,
431 2368 483 2418 nisi
499 2384 551 2420 una
566 2371 666 2420 sabba-

126 2435 159 2495 ti,
176 2436 203 2483 id
224 2447 265 2486 cst
287 2439 312 2486 in
340 2455 402 2503 pace
419 2449 444 2489 et
465 2441 554 2506 quiete
572 2451 665 2506 pecto-

124 2504 181 2568 ris;
207 2518 232 2555 et
259 2509 337 2558 valde
364 2524 458 2574 mone,
485 2511 512 2560 id
537 2523 577 2562 est
603 2528 663 2562 cum

123 2571 242 2634 fervore,
260 2592 339 2628 mane
360 2579 432 2629 enim
454 2579 586 2646 significat
611 2582 664 2631 fer-

123 2660 219 2694 vorem
244 2649 394 2710 quaerendi,
418 2650 459 2700 vel
483 2651 609 2715 diluculo,
636 2653 663 2702 id

127 2723 168 2764 est
184 2716 302 2764 excussis
322 2717 450 2768 vitiorum
472 2721 590 2770 tenebris
617 2738 663 2786 per

126 2784 332 2836 dilucescentem
356 2788 468 2852 gratiam
476 2804 483 2852 ;
503 2799 528 2839 et
551 2802 661 2854 portans

127 2871 246 2910 aromata
261 2860 425 2925 operationis
440 2872 465 2911 et
478 2862 557 2914 famae
575 2864 659 2914 bonae.

128 2930 180 2989 Qui
205 2931 281 2981 aliter
302 2932 414 2993 accedit,
438 2943 528 2984 caveat
551 2934 601 2984 sibi
627 2951 660 2986 ne

133 3001 256 3051 udicium
273 3003 417 3053 manducet
435 3013 461 3054 et
482 3004 565 3055 bibat.
583 3006 659 3056 Unde

127 3071 203 3120 Beda
219 3090 227 3122 .·
243 3092 257 3119 a
275 3073 354 3132 Quod
370 3084 458 3124 autem
481 3073 559 3125 valde
582 3089 659 3126 mane

125 3153 257 3192 venerunt
282 3143 409 3194 mulieres
436 3145 467 3194 ad
494 3160 657 3195 monumen-

123 3219 182 3260 tum
198 3228 204 3261 :
221 3214 294 3277 juxta
308 3214 451 3267 historiam
466 3215 585 3280 quidem,
597 3232 657 3267 tna-

123 3297 193 3346 gnus
216 3287 352 3351 quaerendi
377 3298 402 3336 et
428 3287 581 3338 inveniendi
607 3290 657 3350 Do·

124 3352 229 3403 minum
251 3355 338 3405 fervor
354 3354 470 3406 caritatis
489 3357 654 3422 ostenditur,

123 3423 197 3486 juxta
219 3425 385 3476 intellectum
409 3442 471 3476 vero
495 3428 654 3494 mysticum,

122 3492 200 3542 datur
224 3497 303 3545 nobis
325 3498 487 3562 exemplum,
504 3497 655 3549 illuminata

123 3561 203 3622 facie,
228 3566 400 3633 decussisque
424 3566 552 3617 vitiorum
577 3578 655 3619 tene-

123 3633 188 3693 bris,
204 3636 235 3683 ad
251 3648 448 3688 sacrosanctum
459 3639 570 3690 Domini
585 3641 653 3690 Cor-

124 3718 175 3768 pus
193 3707 323 3756 accedere.
339 3708 408 3757 Nam
431 3717 457 3757 et
481 3711 652 3774 sepulchrum

125 3775 192 3824 illud
214 3777 363 3828 venerabile
383 3778 497 3843 figuram
518 3780 653 3832 Dominici

124 3844 213 3895 altaris
237 3845 325 3906 habet,
344 3847 372 3896 in
387 3863 442 3913 quo
456 3849 583 3914 Corporis
596 3851 653 3915 ejus

412 257 583 308 SECUNDAE
597 257 638 307 ΡΑ
644 257 720 308 RTIS
736 258 852 310 CAPUT
866 260 956 312 LXXI.

706 381 731 422 et
747 373 893 439 Sanguinis
918 376 1003 425 solent
1021 377 1149 441 mysteria
1167 381 1239 429 cele-

707 443 786 493 brari.
802 446 928 495 Aromata
948 457 1047 504 autem,
1063 463 1122 513 qua
1137 449 1236 498 mulie-

707 529 749 563 res
772 513 905 575 deierunt,
926 518 1036 567 odorem
1059 518 1191 568 virtutum
1212 531 1238 572 et

707 587 857 636 orationum
883 589 1051 650 suavitatem,
1074 592 1174 658 quibus
1198 595 1238 643 al-

707 658 756 708 tari
771 661 987 726 appropinquare
1000 663 1139 724 debemus,
1157 664 1238 729 signi·

706 727 805 779 ficant:
822 749 835 776 n
852 731 910 781 haec
924 733 1010 782 Beda.

739 800 753 850 3
778 803 856 862 Quor
880 821 958 855 nonis
977 805 1111 856 Canrsrus
1139 822 1238 857 suanir

707 889 734 922 ru
751 876 928 926 nonnarum?
944 905 973 913 -
987 877 1082 926 Mulier
1098 893 1161 942 ergo
1176 894 1237 944 quae

708 943 794 1008 prima
808 945 854 994 ivit
877 947 909 994 ad
934 948 1048 1012 culpam,
1066 964 1137 997 nunc
1152 950 1240 1013 prima

708 1017 782 1066 venit
794 1019 826 1066 ad
838 1019 960 1083 veniam;
975 1029 1001 1068 et
1016 1036 1075 1086 quae
1086 1021 1173 1086 prima
1184 1038 1240 1086 per-

708 1085 799 1135 fidiam
820 1089 945 1153 sumpsit,
965 1090 993 1138 in
1009 1092 1139 1154 paradiso,
1162 1091 1240 1141 festi-

709 1167 755 1205 nat
774 1173 846 1206 nunc
868 1158 954 1222 prima
977 1159 1057 1209 fidem
1082 1176 1187 1211 sumere
1207 1162 1241 1212 de

709 1228 868 1292 sepulchro,
884 1231 1022 1280 contendit
1040 1233 1073 1280 de
1095 1243 1180 1281 morte
1197 1247 1240 1282 ra-

710 1315 771 1363 pere
782 1301 875 1356 vitam,
889 1317 948 1366 quae
961 1302 994 1352 de
1008 1303 1061 1352 vita
1073 1305 1162 1369 rapuit
1173 1321 1242 1355 mor·

710 1381 774 1419 tem.
786 1370 863 1431 Quod
877 1381 965 1420 autem
977 1372 1110 1422 Dominus
1122 1374 1240 1425 diluculo

710 1441 834 1499 surrexit,
854 1441 916 1490 huic
941 1443 1074 1491 consentit
1098 1445 1241 1495 auctoritas

710 1509 755 1558 illa
776 1522 836 1574 quae
857 1509 931 1569 dicit,
956 1512 1104 1561 Dominum
1125 1514 1242 1578 quadra-

710 1579 784 1644 ginta
799 1580 873 1630 horis
888 1580 971 1631 fuisse
989 1592 1135 1643 mortuum,
1151 1593 1176 1633 et
1198 1596 1242 1633 to-

710 1651 793 1699 tidem
804 1650 900 1702 diebus
914 1663 974 1702 ante
986 1655 1171 1705 ascensionem
1182 1665 1243 1720 post

711 1721 739 1771 in
767 1731 836 1772 terra
862 1736 1012 1788 moratum,
1037 1727 1101 1792 quia
1127 1738 1243 1793 quatuor

711 1792 786 1842 horis
815 1794 985 1855 Parasceves‚
1009 1807 1034 1844 et
1060 1797 1169 1862 triginta
1196 1813 1242 1847 sex

711 1862 825 1912 duarum
854 1865 972 1914 noctium
1002 1877 1027 1914 et
1058 1866 1141 1916 unius
1169 1867 1241 1930 diei;

710 1933 783 1997 quod
808 1934 924 1984 Ecclesia
949 1937 1100 1985 consentire
1122 1937 1241 1999 videtur,

711 2017 771 2067 quae
787 2004 931 2054 matutinas
950 2006 1040 2055 laudes
1054 2008 1176 2068 celebrat,
1193 2024 1242 2072 pro

712 2072 812 2122 Christi
839 2074 1053 2127 Resurrectione.
1080 2077 1156 2127 Unde
1186 2079 1243 2128 Pe-

712 2149 771 2192 trus
791 2143 893 2193 Cantor
913 2163 921 2195 .·
942 2163 955 2190 u
981 2146 1064 2194 Valde
1077 2161 1161 2208 mane,
1178 2148 1245 2198 dicit

712 2214 838 2266 diluculo.
855 2217 1001 2266 Diliculum
1016 2218 1089 2267 enim
1111 2230 1150 2268 est
1173 2220 1243 2271 inter

712 2288 835 2338 tenebras
857 2290 942 2339 noctis
965 2301 991 2340 et
1007 2290 1059 2340 diei
1085 2291 1240 2357 claritatem,

713 2357 809 2423 inqua
825 2359 898 2409 salus
916 2360 1027 2410 humani
1051 2362 1154 2426 generis
1171 2363 1241 2413 felici

711 2429 848 2481 vicinitate
863 2432 988 2496 praevenit
1010 2432 1038 2481 in
1061 2434 1177 2484 Ecclesia
1193 2435 1242 2486 de-

711 2499 842 2560 claranda,
859 2517 935 2551 more
956 2502 1030 2561 solis,
1051 2504 1097 2567 qui
1120 2504 1242 2570 proxima

711 2572 769 2621 luce
787 2588 950 2639 consurgens
976 2589 1079 2624 roseam
1103 2575 1242 2640 praemittit

710 2657 833 2693 auroram
849 2662 856 2694 ε
874 2656 904 2694 ut
921 2657 1011 2695 tantus
1027 2647 1153 2712 splendor
1169 2661 1242 2712 prae-

710 2715 808 2777 paratis
823 2716 907 2765 oculis
930 2717 1014 2781 possit
1029 2717 1136 2778 intueri,
1152 2734 1242 2784 quan-

709 2786 743 2835 do
764 2796 869 2851 tempus
887 2789 1035 2840 Dominicae
1053 2791 1241 2841 Resurrectio-

708 2855 750 2906 nis
765 2856 863 2915 illuxit,
879 2868 908 2907 ut
923 2872 986 2910 tunc
1007 2860 1044 2910 sci
1058 2861 1107 2913 icet
1122 2862 1240 2912 diluculo

707 2928 800 2978 laudes
820 2929 922 2979 Christi
946 2941 1001 2981 tota
1025 2943 1129 2983 caneret
1149 2950 1240 2983 exem-

707 2999 752 3063 plo
767 3011 919 3051 sanctarum
934 3001 1097 3053 feminarum
1110 3004 1238 3060 Ecclesia,

706 3071 813 3134 quando
834 3086 919 3136 genus
942 3072 1092 3122 humanum
1116 3076 1240 3139 exemplo

705 3155 761 3190 suae
776 3142 991 3193 Resurrectionis
1003 3144 1141 3203 animavit,
1156 3160 1240 3210 quan·

704 3213 738 3262 do
760 3212 840 3263 fidem
859 3213 991 3279 praestitii‚
1013 3225 1039 3265 et
1062 3216 1154 3266 lumen
1179 3231 1238 3266 cre-

692 3281 825 3340 dulitatis
839 3283 948 3334 infudit.
960 3285 1029 3350 Ergo
1044 3286 1169 3336 Christus
1185 3302 1238 3336 ma-

705 3370 738 3404 ne
762 3364 788 3404 et
815 3355 903 3405 vicino
931 3368 992 3407 ortu
1019 3359 1086 3408 solis
1110 3359 1237 3415 surrexit,

703 3425 850 3474 secundum
876 3427 1074 3491 Augustinum,
1099 3429 1146 3494 qui
1172 3423 1239 3478 dic'it

702 3495 851 3544 Dominum
866 3505 969 3547 tantum
985 3499 1161 3563 quadraginta
1185 3498 1237 3548 ho-

702 3565 739 3616 ris
766 3565 901 3632 quievisse
930 3568 958 3618 in
985 3570 1138 3634 sepulchro,
1162 3581 1237 3620 sexta

702 3637 768 3688 hora
796 3639 952 3689 Parasceves
982 3656 1109 3705 passum;
1142 3651 1168 3690 et
1198 3641 1235 3691 ita

701 3726 762 3761 curn
785 3722 856 3762 esset
880 3712 1087 3778 aequinoctium,
1113 3713 1234 3763 diluculo

701 3782 824 3833 surrexit.
841 3783 862 3832 E
876 3793 978 3844 contra,
995 3785 1183 3851 Hieronymus
1197 3784 1235 3833 di-

700 3851 737 3902 cit
749 3852 896 3903 Dominum
915 3854 1064 3905 surrexisse
1078 3855 1167 3905 media
1182 3868 1244 3917 n0-,
