2626 4328
123 269 302 329 QUOMODO
317 266 475 318 DOMINUS
491 265 670 317 APPARUIT
685 265 826 316 DUOBUS
842 263 965 314 DlSDIP.
983 263 1018 313 ΙΝ
1037 263 1103 314 VIA.
1139 263 1188 327 703

73 402 148 438 scere
179 401 325 450 possumus
354 384 428 450 quod
446 383 521 450 fides
552 383 609 433 sine

74 458 199 524 operibus
210 463 314 507 mortua
322 463 370 518 est,
378 455 442 522 quia
451 454 609 515 Dominum,

75 546 157 597 quem
177 529 300 594 discipuli
317 544 365 578 nec
379 544 411 577 ex
428 527 542 585 visione,
561 542 608 576 nec

75 617 108 651 ex
121 600 320 665 Scripturarum
342 598 563 664 interpretatione
583 606 610 647 et

76 671 246 736 expositione
267 679 465 735 cognoverant,
491 684 555 718 mox
578 678 609 718 ut

75 760 157 809 opere
183 745 256 809 quod
278 744 422 808 Scripturae
448 742 609 809 praecipiunt

75 814 252 880 perfecerunt,
267 815 365 864 eumin
376 814 516 880 fractione
526 813 608 879 panis

74 894 267 953 cognoverunt.
291 887 433 937 Audiendo
457 887 608 952 Scripturas

74 971 101 1011 et
130 971 261 1025 praecepta
285 961 351 1020 Dei,
379 959 524 1010 illuminati
552 975 607 1009 non

74 1040 155 1090 sunt;
171 1030 292 1080 faciendo
309 1069 315 1090 ,
331 1030 431 1081 scilicet
451 1031 540 1096 ipsum
553 1040 609 1080 tra-

74 1103 166 1151 hendo
180 1102 211 1150 ad
227 1102 387 1165 hospitium,
406 1111 433 1151 et
449 1101 609 1167 apponendo

74 1171 176 1231 cibum,
202 1171 347 1222 illuminati
371 1183 444 1230 sunt,
468 1171 532 1237 quia
556 1185 607 1221 non

74 1242 215 1292 auditores
231 1242 324 1308 LegiS,
346 1241 395 1291 sed
407 1242 532 1307 factores
543 1240 608 1306 jus-

75 1313 248 1379 tificabuntur·
266 1314 340 1378 apud
361 1315 456 1363 Deum.
472 1313 502 1362 ln
517 1311 608 1377 operi-

30 1435 42 1453 ο
76 1384 128 1433 bus
148 1399 211 1448 ergo
227 1383 332 1448 pietatis
356 1394 382 1434 et
405 1381 607 1445 misericordiae,

75 1463 106 1504 ut
129 1453 157 1502 in
182 1455 363 1519 hospitalitate
389 1465 414 1504 et
439 1452 607 1518 hujusmodi,

75 1527 193 1591 amplius
220 1528 393 1592 cognoscitur
415 1530 496 1586 Deus,
525 1542 606 1592 quam

76 1598 105 1648 in
126 1599 247 1659 lectione,
269 1600 460 1665 disputatione,
485 1611 511 1651 et
533 1599 608 1650 Scri-

75 1682 216 1738 pturarnm
227 1675 404 1738 expositione.
416 1674 522 1725 Veritas
536 1674 608 1724 enim

74 1744 174 1794 melius
195 1748 340 1811 operando,
362 1761 444 1812 quam
472 1746 608 1796 audiendo

73 1815 250 1881 intelligitur3
272 1827 298 1866 et
322 1816 420 1866 melius
441 1817 499 1882 ipso
511 1831 606 1882 opere,

72 1901 156 1951 quam
171 1888 252 1936 verbo
269 1887 466 1937 manifestatur.

107 1973 123 2016 7
143 1957 236 2007 Onnes
261 1973 402 2008 rennerunt
424 1974 525 2015 suuus,
546 1973 608 2007 tono

74 2043 214 2077 Pannonius
249 2045 423 2079 conotrronns
458 2030 607 2080 noiurnann

74 2114 202 2147 oananus.
218 2128 249 2135 -
268 2100 324 2149 Nos
337 2115 400 2165 ergo
414 2099 462 2165 qui
473 2099 608 2166 peregrini

75 2168 103 2217 in
131 2168 182 2218 hoc
205 2170 308 2219 mundo
336 2185 447 2232 sumus3
470 2169 534 2235 quia
557 2185 608 2220 non

74 2238 201 2289 habemus
225 2241 267 2290 laic
287 2248 483 2304 permanentem
508 2241 608 2292 civita-

75 2315 145 2370 tem,
167 2312 214 2360 sed
235 2311 362 2376 suturam
389 2312 561 2377 inquirimus,
585 2312 609 2361 si

74 2381 252 2447 spiritualiter
265 2384 294 2432 in
307 2385 387 2434 nobis
401 2384 533 2434 habemus
548 2398 609 2449 quae

74 2453 104 2502 in
122 2467 151 2502 se
172 2453 306 2505 habebant
319 2455 363 2505 isti
379 2455 536 2521 peregrini,
558 2455 609 2505 erit

74 2522 209 2573 Dominus
223 2540 313 2575 comes
326 2525 431 2575 itineris
447 2524 542 2575 nostri.
557 2526 610 2575 Pe·

74 2592 175 2658 tegrini
188 2593 232 2643 isti
246 2596 411 2654 laborabant,
428 2594 496 2661 quia
510 2596 609 2645 ambu-

73 2665 174 2726 labant,
189 2666 380 2728 tristabantur,
403 2679 429 2719 et
444 2668 476 2718 de
499 2668 609 2719 Christo

73 2737 332 2802 confabulabantur3
359 2739 405 2789 sed
427 2738 553 2789 Christus
578 2755 607 2791 se

74 2809 114 2860 eis
125 2811 221 2876 jungit,
237 2828 282 2861 cor
297 2813 360 2872 urit,
374 2812 524 2877 Scripturas
542 2828 607 2878 ape-

77 2881 122 2941 rit,
146 2883 254 2948 longius
272 2899 300 2933 se
323 2884 361 2934 ire
382 2883 469 2949 fingit.
492 2884 521 2933 Si
542 2884 608 2934 tales

75 2968 215 3014 essemus,
231 2955 354 3005 scilicet:
371 2955 524 3013 laborando,
539 2970 607 3006 con·

75 3038 117 3076 tra
128 3027 271 3090 accidiam;
293 3027 433 3090 tristando,
453 3037 544 3077 contra
558 3043 606 3078 va-

76 3111 140 3146 nam
151 3098 290 3161 laetitiam3
309 3099 341 3147 de
356 3098 464 3147 Christo
481 3096 606 3147 confabu-

74 3167 174 3230 lando,
199 3180 292 3220 contra
313 3169 502 3233 vaniloquium
521 3184 527 3217 :
543 3178 608 3219 tunc

74 3238 202 3289 Christus
214 3255 242 3304 se
257 3241 336 3290 nobis
350 3241 483 3306 jungeret,
497 3254 544 3289 cor
560 3254 606 3289 ac-

73 3309 214 3368 cenderet,
242 3311 393 3374 Scripturas
419 3308 553 3375 aperiret,
581 3317 607 3360 et

73 3379 241 3431 intellectum
268 3383 357 3442 daret,
372 3381 433 3432 licet
461 3381 608 3446 aliquando

72 3454 183 3531 lopgius
197 3469 224 3504 se
236 3454 274 3505 ire
292 3454 413 3521 fingeret,
428 3463 459 3504 ut
473 3470 522 3504 nos
542 3469 608 3519 pro·

73 3523 158 3574 baret.
174 3526 249 3584 Item,
263 3525 420 3591 peregrinus
431 3525 465 3575 ab
479 3525 608 3574 omnibus

72 3599 106 3648 ad
128 3614 190 3648 eum
206 3616 260 3649 non
275 3600 474 3666 pertinentibus
494 3615 522 3650 se
540 3614 608 3649 exo-

74 3682 151 3720 nerat
180 3681 205 3720 et
237 3672 356 3732 alienat,
386 3671 457 3722 viam
490 3671 608 3737 quaerit,

74 3755 186 3790 summo
220 3743 356 3792 desiderio
387 3742 500 3808 patriam
531 3757 608 3792 suam

76 3813 200 3878 appetit,
229 3826 255 3865 et
280 3830 325 3865 cor
349 3825 430 3881 atque
456 3816 549 3865 oculos
576 3815 609 3865 ab

77 3887 226 3949 omnibus,
246 3905 279 3939 ne
294 3889 445 3940 retrahatur
461 3889 504 3940 vel
517 3887 608 3955 irnpe-

663 381 761 440 diatut,
783 380 885 431 avertit.
904 381 968 430 Esto
987 379 1048 431 talis
1071 380 1193 446 peregri-

662 467 725 512 nus,
740 462 766 502 et
780 450 918 517 apparebit
936 449 986 499 tibi
1005 449 1150 512 Christus;
1166 460 1193 500 et

662 525 719 574 haec
738 524 790 574 tria
809 524 886 574 faciet
906 522 974 582 tibi,
997 522 1065 572 sicut
1082 522 1145 572 fecit
1167 532 1193 573 et

662 595 717 646 illis
742 595 849 646 duobus
872 594 1021 661 peregrinis
1048 611 1054 643 :
1086 604 1193 659 tempus

661 669 813 732 abbreviat,
838 683 885 734 per
911 669 989 719 dulce
1014 668 1075 719 vitae
1104 669 1193 718 collo·
1270 700 1272 705 -

662 741 773 807 quium,
797 740 868 791 viam
884 740 1003 800 instruit,
1019 742 1085 790 dans
1100 756 1191 791 verum

662 812 841 876 intellectum
854 811 961 874 ultimo,
974 827 1042 877 pane
1052 812 1192 862 benedicto

662 895 688 934 et
702 900 749 950 per
762 900 791 935 se
804 884 893 949 ipsum
908 883 1002 943 fracta,
1018 883 1103 934 reficit
1127 884 1192 934 affe-

661 967 754 1007 ctum:
771 968 797 1008 et
811 958 880 1016 hoc,
896 956 918 1006 si
939 957 1079 1022 compellis
1102 958 1192 1023 ipsum

662 1043 691 1077 se
712 1029 821 1094 longius
844 1027 882 1078 ire
902 1026 1058 1092 fingentem,
1083 1043 1191 1078 manere

661 1106 758 1148 tecum.
774 1098 823 1149 Per
849 1097 916 1148 istos
929 1097 1084 1163 discipulos,
1100 1108 1193 1148 euntes

662 1168 691 1218 in
720 1169 872 1227 Emmaus,
901 1167 1043 1233 signantur
1069 1170 1190 1218 volentes

662 1241 774 1307 implere
787 1241 900 1291 consilia
912 1241 1031 1300 Domini,
1046 1241 1110 1306 quia
1125 1243 1192 1292 Em-

662 1312 739 1365 rhaus
753 1315 942 1379 interpretatur
955 1313 1117 1364 desiderium
1133 1328 1192 1364 con-

662 1385 736 1444 silii,
764 1384 865 1451 quibus
889 1385 1024 1435 Dominus
1048 1399 1119 1448 saepe
1145 1399 1194 1435 sua

661 1455 815 1505 visitatione
829 1456 956 1522 dignatur
974 1470 1111 1521 apparere.

693 1526 862 1576 8Cun1srus
880 1543 912 1575 aa
926 1541 1019 1576 ocunts
1039 1541 1192 1576 otscrruuo-

661 1616 717 1650 auu
730 1616 880 1650 svannsmr.
894 1600 998 1649 -Non
1013 1611 1104 1649 autem
1119 1597 1193 1648 dedit

661 1671 796 1721 Dominus
814 1671 874 1721 istis
893 1669 1034 1735 discipulis
1054 1669 1111 1718 suis
1132 1679 1194 1718 tunc

662 1755 785 1806 magnam
808 1740 850 1790 sui
877 1739 1002 1805 copiam,
1026 1740 1072 1790 sed
1101 1739 1193 1789 statim

662 1823 784 1879 porrecto
807 1829 884 1880 pane,
909 1813 1017 1864 evanuit
1044 1813 1079 1862 ab
1105 1812 1192 1863 oculis

661 1900 761 1948 eorum,
775 1897 804 1936 ut
817 1903 849 1936 ex
860 1886 912 1936 hoc
931 1886 1053 1951 ipsorum
1071 1894 1194 1950 argueret

661 1956 801 2020 affectum;
822 1956 904 2006 simul
919 1957 1062 2007 ostendens
1084 1971 1112 2005 se
1133 1971 1194 2005 cor-

660 2024 712 2094 p'us
734 2030 884 2095 gloriosum
908 2030 1022 2088 habere,
1045 2029 1118 2093 quod
1146 2044 1193 2094 per

661 2100 752 2150 dotem
765 2101 892 2167 agilitatis
905 2101 995 2152 subito
1005 2109 1092 2164 potest
1102 2099 1195 2164 dispa-
1242 2132 1243 2135 κ

662 2185 719 2220 rere
756 2187 763 2220 ι
797 2171 1006 2221 subtrahebatur
1042 2169 1195 2218 carnalibus

661 2243 747 2293 oculis
763 2244 864 2308 species
879 2242 1056 2302 infirmitatis,
1069 2252 1100 2291 ut
1112 2257 1192 2292 men-

661 2314 735 2364 tibus
772 2330 866 2365 eorum
899 2315 1029 2379 inciperet
1065 2328 1192 2378 apparere

662 2386 747 2452 gloria
774 2386 998 2437 Resurrectionis.
1032 2385 1109 2436 Unde
1139 2385 1191 2449 jam

661 2457 725 2506 certi
756 2472 818 2506 eum
843 2456 1037 2516 resurrexisse,
1063 2456 1194 2506 dixerunt

661 2525 699 2576 ad
720 2525 830 2577 inuicem
855 2544 864 2576 .·
887 2528 985 2577 Nonne
1003 2542 1050 2577 cor
1073 2532 1192 2576 nostrum

661 2596 760 2648 ardens
774 2604 834 2648 erat
853 2599 879 2648 in
897 2598 982 2662 nobis,
1002 2596 1104 2648 scilicet
1117 2597 1193 2648 ardo-

662 2685 690 2719 re
704 2670 830 2729 caritatis,
846 2670 907 2721 dum
927 2670 1078 2736 loqueretur
1096 2670 1121 2720 in
1138 2670 1191 2732 via,

661 2747 688 2791 et
707 2743 827 2807 aperiret
849 2742 925 2793 nobis
948 2742 1116 2808 Scripturas,
1143 2757 1192 2791 nos

661 2810 818 2863 instruendo
832 2829 864 2863 ex
876 2812 935 2863 eis?
950 2813 1037 2872 Quare
1058 2827 1120 2860 eum
1136 2827 1190 2860 non

661 2885 818 2936 tenuimus?
843 2887 933 2946 Quare
962 2885 995 2933 ad
1028 2884 1108 2949 pedes
1134 2898 1192 2947 elus

661 2973 717 3006 non
739 2957 904 3008 corruimus?
933 2957 1021 3015 Quare
1048 2954 1195 3019 nobisipsis

660 3038 686 3079 et
708 3029 835 3080 cordibus
861 3027 961 3077 nostris
989 3042 1044 3076 non
1073 3025 1191 3074 credidi-

661 3099 741 3150 mus?
766 3100 819 3151 Ubi
849 3114 911 3149 eum
940 3095 1112 3163 quaeremus?
1139 3095 1191 3147 Ubi

660 3186 723 3221 eum
738 3168 923 3220 inveniemus?
944 3169 995 3219 Per
1010 3168 1092 3234 quod,
1106 3179 1136 3217 ut
1150 3166 1194 3216 di-

660 3243 697 3293 cit
712 3243 852 3308 Origenes,
873 3241 991 3292 innuunt
1009 3241 1082 3307 quod
1097 3238 1192 3305 prolati

661 3329 799 3365 sermones
813 3329 828 3364 a
842 3314 994 3373 Salvatore,
1017 3313 1194 3363 accendebant

648 3385 828 3436 audientium
852 3401 909 3443 cor,
932 3385 965 3435 ad
984 3399 1103 3434 amorem
1124 3382 1194 3433 divi-

661 3475 737 3510 num.
752 3459 828 3510 Unde
853 3459 1006 3525 Gregorius
1024 3475 1033 3508 .·
1053 3475 1067 3504 n
1083 3458 1123 3507 Ex
1144 3473 1193 3508 au-

661 3531 718 3580 dito
753 3531 855 3597 quippe
891 3545 1015 3581 sermone
1051 3528 1195 3578 inardescit

662 3602 779 3665 animus,
799 3602 917 3667 torporis
937 3601 1023 3668 frigus
1037 3601 1145 3661 recedit,
1165 3598 1195 3648 fit

662 3688 738 3724 mens
753 3672 781 3721 in
806 3687 923 3738 superno
947 3671 1081 3723 desiderio
1107 3669 1194 3730 anxia,

662 3759 677 3794 a
704 3743 932 3808 concupiscentiis
955 3743 1068 3794 terrenis
1095 3743 1195 3803 aliena3

662 3815 755 3866 audire
769 3815 792 3865 ei
808 3815 873 3865 libet
886 3825 1015 3881 praecepta
1029 3815 1155 3874 coelestia,
1170 3822 1195 3862 et

663 3898 731 3952 quot
745 3886 878 3938 mandatis
891 3885 1051 3946 instruitur,
1065 3884 1142 3950 quasi
1157 3893 1196 3934 tot
