2626 4328
474 248 521 300 DF.
539 248 782 301 PENTECOSTE.
833 280 837 285 ·

62 367 115 419 ctis
132 367 315 426 audientibus,
332 365 406 416 dedit
427 366 525 432 Legem
549 363 599 418 eis.

64 443 103 492 lta
125 439 355 506 quinquagesimo
381 438 425 489 dle
449 453 464 488 a
489 438 599 499 Pascha,

64 511 182 577 Spiritus
207 512 321 561 Sanctus
345 509 373 559 in
398 518 491 558 monte
514 509 598 568 Sion,

63 597 146 647 super
165 582 314 647 discipulos
334 580 363 630 in
384 579 486 646 linguis
511 579 599 645 igneis

64 654 217 715 descendit;
234 663 259 702 et
272 653 371 718 Legem
386 666 484 703 novam
506 651 599 716 gratiae

64 723 214 790 spiritualis
226 739 320 773 eorum
335 722 473 772 mentibus
487 721 609 786 impres.

63 797 108 846 sit.
127 795 206 846 Unde
222 794 299 843 Beda
319 812 327 844 :
349 812 362 840 a
385 793 448 843 Haec
466 791 597 842 nimirum

63 865 223 917 solemnitas
238 882 293 915 non
307 875 411 915 tantum
426 862 598 914 charismati-

63 941 116 990 bus
136 949 290 989 consecrata
303 948 344 988 est
359 937 536 1002 Evangelicis,
551 951 597 987 ve·

62 1027 125 1061 rum
147 1010 227 1060 etiam
245 1010 377 1074 legalibus
397 1009 450 1072 jam
466 1007 532 1071 oiim
557 1017 597 1058 est

64 1082 227 1148 praesignata
252 1079 403 1146 mysteriis;
436 1093 466 1128 ae
495 1078 597 1128 Domi-

64 1168 100 1202 no
117 1154 241 1217 jubente,
258 1167 306 1218 per
326 1165 421 1201 omnes
446 1164 532 1199 annos
559 1164 598 1199 sa-

63 1227 116 1278 cris
135 1228 274 1277 observata
288 1224 460 1276 ceremoniis.
476 1222 596 1273 Liberati

63 1298 167 1364 quippe
180 1298 213 1347 ab
229 1296 387 1361 AEgyptiaca
404 1293 533 1345 servitute
547 1293 596 1343 filii

64 1370 154 1427 lsrael,
172 1384 219 1434 per
240 1366 456 1417 immolationem
470 1364 531 1430 agni
547 1379 597 1427 pa-

63 1440 162 1491 schalis
185 1439 310 1490 exierunt
334 1439 363 1487 in
389 1437 539 1496 desertum,
566 1446 597 1486 ut

62 1512 186 1562 venirent
201 1511 234 1560 ad
252 1520 350 1560 terram
364 1506 595 1574 repromissionis,

63 1591 297 1649 perveneruntque
315 1580 348 1630 ad
367 1589 487 1628 montem
506 1575 594 1639 Sinai;

63 1664 89 1704 et
103 1652 269 1702 descendens
284 1650 418 1701 Dominus
433 1650 462 1699 in
476 1648 538 1714 igne
554 1663 596 1698 su·

63 1739 110 1790 per
138 1733 275 1782 montem,
297 1719 525 1788 quinquagesima
551 1719 595 1770 die

63 1794 171 1845 Paschae
194 1805 312 1860 peracta,
337 1793 416 1857 Legis
436 1792 595 1857 decalogum

62 1868 101 1918 eis
121 1867 271 1933 disposuit;
292 1877 374 1933 atque
390 1866 419 1925 in
435 1864 595 1916 memoriam

62 1939 130 1990 datae
145 1938 225 2004 Legis
237 1938 331 1988 statuit
343 1953 375 1987 eo
389 1936 433 1986 die
448 1951 496 2001 per
508 1949 595 1985 annos

62 2009 186 2073 singulos
208 2006 371 2058 sacrificium
389 2006 442 2056 sibi
463 2006 497 2056 de
510 2004 597 2071 frugi-

62 2081 114 2130 bus
129 2079 250 2144 ejusdem
264 2079 327 2129 anni
342 2078 375 2128 ad
388 2079 472 2129 altare
488 2075 596 2128 deferri.

63 2152 131 2211 Quae
151 2160 242 2200 autern
261 2150 297 2198 sit
314 2149 378 2214 agni
393 2147 527 2213 paschalis
542 2147 597 2196 im·

63 2223 184 2284 molatio,
194 2222 359 2288 AEgyptiacae
372 2220 509 2272 servitutis
521 2210 597 2270 abso·

61 2293 146 2357 lutio,
174 2294 280 2344 cunctis
304 2293 456 2358 legentibus
479 2291 566 2357 liquet
588 2305 595 2340 ι

62 2366 128 2432 quia
142 2367 266 2416 videlicet
280 2366 388 2416 Pascha
407 2371 527 2416 nostrum
543 2363 596 2413 im-

63 2437 180 2488 molatus
193 2443 236 2487 est
250 2437 391 2499 Chr·istus;
405 2446 431 2486 et
445 2436 502 2500 ipse
518 2449 597 2485 verus

62 2522 104 2560 est
113 2512 217 2575 Agnus,
227 2511 274 2576 qui
284 2510 395 2561 abstulit
405 2518 510 2575 peccata
519 2524 597 2558 mun·

61 2584 101 2642 di,
120 2583 168 2647 qui
187 2585 229 2634 sui
250 2583 390 2650 sanguinis
410 2581 496 2648 pretio
516 2596 566 2631 nos
582 2596 597 2630 a

63 2668 231 2723 peccatorum
247 2660 374 2708 servitute
391 2655 519 2718 redemit;
541 2669 597 2705 suae

62 2731 278 2781 Resurrectionis
291 2732 415 2796 exemplo
427 2729 508 2780 nobis
520 2744 596 2794 spem

62 2801 125 2851 vitae
148 2812 174 2853 et
198 2813 333 2868 perpetuae
351 2801 482 2852 libertatis
502 2810 597 2850 osten-

62 2872 112 2921 dit.
135 2872 367 2938 Quinquagesimo
387 2887 450 2937 ergo
468 2871 513 2920 die
532 2879 598 2936 ‘post

62 2941 226 2992 occisionem
249 2943 312 3009 agni
326 2943 389 2992 data
407 2952 446 2992 est
467 2941 530 3001 Lex,
548 2939 598 2988 de-

62 3015 206 3065 scendente
229 3015 347 3065 Domino
372 3029 452 3079 super
476 3022 597 3062 montem

63 3084 93 3134 in
116 3085 193 3151 igne;
223 3096 249 3136 et
272 3083 501 3152 quinquagesimo
522 3095 598 3147 aeque

62 3154 108 3205 die
119 3167 180 3220 post
195 3155 431 3206 Resurrectionem
447 3152 533 3203 nostri
550 3153 599 3202 Re-

61 3226 221 3290 demptoris,
237 3228 298 3278 data
318 3237 359 3277 est
378 3225 463 3292 gratia
480 3223 598 3290 Spiritus

61 3297 152 3346 Sancti
161 3342 164 3348 .
174 3298 316 3364 discipulis
328 3299 357 3348 in
377 3298 514 3349 coenaculo
529 3311 597 3345 con-

62 3366 176 3419 stitutis.
191 3370 242 3420 llic
262 3382 352 3421 autem
373 3369 488 3420 altitudo
508 3381 598 3418 coena-

62 3438 127 3502 culi,
146 3449 173 3490 et
187 3440 224 3490 ibi
241 3456 368 3491 cacumen
388 3441 489 3490 montis
507 3437 598 3490 subli-

62 3509 186 3560 mitatem
202 3524 394 3577 praeceptorum
413 3520 440 3561 et
461 3510 597 3560 donorum

63 3580 166 3631 indicat
189 3583 353 3642 coelestium,
378 3591 403 3632 et
427 3581 492 3648 quia
518 3595 597 3631 nemo

62 3650 165 3702 infimis
182 3653 270 3703 adhuc
289 3651 431 3703 desideriis
451 3651 596 3713 inhaerens‚

60 3725 105 3773 vel
126 3724 227 3776 divinis
247 3727 433 3790 obtemperare
452 3722 596 3783 mandatis,

60 3797 104 3846 vel
119 3799 245 3863 supernis
265 3799 351 3865 possit
366 3797 467 3863 dignus
483 3796 597 3848 existere

62 3868 143 3920 donis
158 3884 164 3921 :
181 3889 195 3918 n
209 3870 265 3921 haec
280 3870 367 3921 Beda.

1134 268 1186 320 779

688 366 717 417 13
741 367 997 425 Frourueurssrours
1020 385 1055 419 er
1077 384 1186 419 araren-

652 455 701 490 ειη
723 441 849 490 Semirus
873 441 979 491 Sauum.
1002 469 1034 478 -
1058 441 1102 491 Sic
1122 455 1187 507 ergo

652 511 771 576 Spiritus
785 511 874 562 Sancti
900 511 995 562 missio
1013 511 1067 562 fuit
1084 512 1113 561 in
1132 511 1187 562 Le-

652 583 694 648 gis
717 583 826 636 datione
843 582 1020 650 praefigurata,
1041 595 1067 635 et
1086 583 1186 635 festum

653 654 831 713 Pentecostes,
847 655 921 721 quod
945 656 1026 705 modo
1049 655 1187 720 peragitur

650 724 684 774 ab
701 723 829 784 Ecclesia,
848 724 916 775 olim
937 725 1014 792 quasi
1038 723 1186 791 figuraliter

650 795 826 860 peragebatur
843 811 858 846 a
880 811 1025 862 synagoga.
1041 795 1184 862 Quinqua-

651 867 753 932 gesima
778 882 842 933 ergo
863 866 916 929 die,
936 878 1078 933 postquam
1099 865 1185 933 ludaei

650 941 684 989 de
702 941 821 1006 AEgypto
841 938 975 999 exierunt,
997 938 1090 990 decem
1113 953 1185 1005 prat-

651 1024 729 1079 cepta
754 1013 783 1063 in
812 1024 904 1064 monte
928 1011 1002 1062 Sinai
1026 1027 1040 1062 a
1066 1011 1185 1062 Domino

650 1093 822 1150 receperunt;
838 1084 875 1134 ita
894 1082 1122 1150 quinquagesima
1141 1082 1186 1134 die

651 1165 795 1222 postquam
817 1171 866 1206 nos
891 1154 995 1204 fuimus
1019 1155 1053 1203 ab
1077 1152 1186 1204 inferno

650 1226 765 1291 liberati,
792 1236 949 1292 receperunt
973 1224 1100 1290 discipuli
1124 1240 1186 1290 gra·

650 1299 715 1349 tiam
741 1299 860 1365 Spiritus
882 1298 984 1349 Sancti.
1006 1297 1079 1347 Istud
1102 1297 1184 1348 etiam

650 1369 852 1436 praefiguratum
878 1368 930 1420 fuit
957 1369 986 1418 in
1014 1368 1184 1433 superabun-

649 1441 739 1492 dantia
760 1441 822 1502 olei,
844 1440 917 1508 quod
941 1440 1035 1491 datum
1056 1450 1096 1490 est
1113 1451 1195 1505 pau-'

650 1513 763 1579 perculae
786 1513 874 1563 viduae
897 1527 944 1577 per
967 1526 1058 1574 preces
1081 1509 1182 1570 Elisei,

648 1587 697 1653 qui
712 1586 898 1637 misericordia
914 1595 1005 1636 motus
1019 1600 1101 1650 super
1113 1599 1183 1650 pau·-

649 1659 795 1724 perculam‚
815 1657 970 1723 impetravit
994 1656 1018 1707 ei
1044 1671 1059 1706 a
1083 1654 1182 1706 Domi-

648 1747 683 1781 no
704 1729 757 1780 olei
778 1729 981 1780 abundantiam.
1000 1730 1051 1778 Per
1070 1726 1180 1777 viduam

648 1801 728 1852 istam
749 1800 906 1866 designatur
932 1808 1022 1850 sancta
1044 1797 1181 1858 Ecclesia,

647 1887 709 1939 quae
723 1873 811 1923 ablato
826 1887 927 1938 sponso
943 1887 993 1922 suo
1008 1870 1129 1931 Christo,
1143 1868 1182 1920 vi·

647 1946 761 1996 debatur
782 1955 911 2011 tanquam
932 1944 1028 2007 vidua;
1054 1943 1099 1994 sed
1122 1943 1182 1992 Do-

648 2016 741 2068 minus
756 2015 939 2066 misericordia
956 2026 1048 2065 motus
1067 2014 1142 2064 dedit
1156 2012 1180 2063 ei

648 2088 700 2138 olei
715 2086 917 2145 abundantiam,
936 2087 987 2136 hoc
1007 2096 1047 2136 est
1061 2084 1182 2150 Spiritus

649 2157 739 2208 Sancti
763 2156 885 2223 gratiam,
911 2166 937 2205 et
957 2156 1112 2220 linguarum
1136 2154 1182 2203 in-

649 2226 837 2295 telligen'tiam.
866 2227 940 2278 lstud
963 2227 1126 2277 miraculum
1149 2225 1183 2277 de

649 2298 827 2364 intelligentia
848 2298 1013 2363 linguarum,
1032 2296 1110 2363 quasi
1134 2312 1183 2363 per

648 2371 763 2436 figuram
781 2371 853 2419 Deus
868 2369 1083 2434 praemonstravit
1099 2369 1128 2419 in
1150 2383 1183 2420 eo

649 2444 722 2510 quod
748 2442 776 2492 in
795 2440 970 2492 aedificatione
992 2443 1076 2492 turris
1100 2443 1183 2494 Babel

648 2515 767 2565 diversas
777 2513 884 2578 linguas
897 2512 1005 2563 creavit.
1016 2514 1095 2564 Tunc
1108 2513 1183 2565 enim

649 2601 733 2636 unam
757 2585 878 2650 linguam
903 2584 931 2634 in
949 2584 1067 2636 diversas
1091 2596 1183 2637 muta-

649 2659 701 2722 vit;
717 2657 798 2708 modo
812 2655 961 2724 unicuique
975 2658 1182 2725 intelligentiam

650 2729 775 2780 omnium
796 2729 905 2780 illarum
923 2729 1010 2789 dedit,
1034 2745 1082 2779 nec
1099 2729 1183 2778 mira-

650 2801 741 2852 culum
762 2802 835 2852 istud
856 2817 929 2852 nunc
952 2801 1067 2858 fecisset,
1086 2800 1108 2849 si
1137 2799 1183 2848 di-

649 2871 782 2922 visionem
796 2871 951 2937 linguarum
966 2880 1031 2920 tunc
1049 2885 1103 2918 non
1119 2885 1184 2935 prae·

651 2941 783 3005 misisset;
805 2951 830 2991 et
845 2941 916 2991 sicut
929 2952 994 2991 tunc
1013 2955 1059 3005 per
1075 2939 1183 3006 linguas
1259 2961 1262 2970 ⁴

650 3011 773 3063 confudit
797 3010 968 3071 edificantes,
990 3011 1027 3060 ita
1045 3025 1118 3060 nunc
1138 3025 1185 3076 per

650 3083 759 3147 linguas
776 3080 899 3132 confudit
912 3082 1028 3141 ludaeos,
1043 3081 1090 3146 qui
1110 3080 1185 3130 mul-

650 3165 709 3204 tum
733 3152 841 3204 confusi
862 3151 981 3212 fuerunt,
998 3152 1108 3218 quando
1130 3160 1186 3201 tam

650 3228 751 3293 grande
766 3239 876 3295 tamque
896 3243 998 3278 novum
1020 3226 1184 3276 miraculum

650 3297 820 3349 audiverunt.

685 3383 717 3433 14
733 3369 806 3420 Deus
826 3384 926 3420 saurae
946 3383 994 3417 aar
1017 3382 1184 3419 tauunuous

650 3440 728 3488 —In
749 3440 798 3490 hac
818 3455 882 3504 ergo
897 3437 1069 3488 solemnitate
1088 3437 1185 3487 laude-

650 3526 711 3560 mus
726 3511 791 3561 totis
802 3511 906 3560 viribus
920 3509 1080 3568 Dominum,
1095 3509 1188 3560 exsul·

649 3590 734 3634 temus
756 3590 782 3634 et
801 3585 923 3634 laetemur
940 3583 967 3632 in
987 3597 1028 3645 ec,
1053 3582 1117 3649 quia
1140 3582 1185 3632 in-

649 3654 682 3703 de
698 3652 815 3703 fructum
835 3668 889 3703 non
905 3653 1053 3711 modicum,
1069 3668 1118 3703 nos
1135 3650 1182 3718 qui

647 3724 681 3774 ad
695 3722 776 3774 fidem
789 3724 917 3774 venimus
928 3724 1066 3774 consecuti
1077 3737 1185 3774 sumus.

648 3795 709 3844 Non
730 3795 820 3845 solum
834 3802 924 3844 autem
939 3794 1100 3844 hominibus
1114 3807 1182 3858 gau·

647 3865 725 3916 dium
746 3865 775 3917 in
799 3865 849 3916 hac
863 3865 1033 3917 solemnitate
1046 3862 1172 3931 provenit
