2626 4328
367 299 414 349 DE
427 297 551 358 SEXTA,
569 296 604 346 IN
625 295 796 346 PASSIONE
811 293 948 346 DOMINI.

91 429 231 472 mortuum
247 428 303 469 erat
315 418 405 482 Deus;
425 415 471 466 sed
484 414 549 481 quia
569 423 625 464 tra-

91 493 162 542 ditus
189 499 246 540 erat
269 488 306 539 ita
330 485 535 539 calamitatibus,
552 483 624 550 quod

91 561 232 612 videbatur
250 575 266 609 a
286 560 341 608 Deo
362 557 513 608 derelictus.
530 553 624 615 Quasi,

91 633 247 685 secundum
271 630 345 680 hunc
364 643 483 690 sensum,
503 626 625 676 diceret:

92 704 194 771 thuid
224 713 279 753 tam
305 698 471 750 immanibus
501 707 528 747 et
551 695 625 746 into-

91 774 251 826 lerabilibus
265 787 309 821 me
322 769 469 835 exposuisti
487 766 626 818 doloribus

93 856 118 897 et
145 844 246 912 poenis,
267 858 296 892 ac
320 841 342 891 si
364 855 407 890 me
431 835 626 904 dereliqueris?

93 912 342 967 Vehementissimo
372 910 445 960 enim
475 909 566 959 dolore
597 907 625 956 in

93 1002 169 1038 came
196 1001 246 1036 sua
270 982 414 1034 tenerrima
427 981 583 1043 tenebatur;
601 989 627 1030 et

93 1061 266 1114 amarissimo
295 1058 387 1106 dolore
418 1071 465 1121 pro
498 1055 626 1121 passione

94 1148 146 1183 suae
175 1129 270 1181 Matris
294 1137 319 1177 et
345 1127 461 1176 aliorum
486 1125 515 1175 in
538 1124 626 1174 anima

94 1202 279 1270 torquebatur.
308 1199 341 1248 Et
363 1208 450 1248 tamen
480 1212 528 1262 pro
554 1196 626 1244 bono

95 1284 187 1326 nostro
203 1273 320 1338 ipsemet
334 1269 418 1319 voluit
434 1267 492 1317 lioec
503 1266 626 1324 transire,

95 1359 119 1399 et
135 1348 176 1399 sic
190 1344 352 1406 sustinebat,
367 1352 398 1391 ut
417 1357 467 1390 nos
481 1339 627 1405 aliquando

95 1421 217 1485 exemplo
235 1433 285 1468 suo
300 1415 417 1466 totaliter
432 1412 574 1479 patiamur,
599 1426 628 1460 ac

95 1494 115 1544 si
143 1494 201 1543 Deo
229 1488 348 1540 derelicti
372 1488 512 1538 videamur
536 1503 543 1535 ε
573 1485 627 1535 sive

96 1565 204 1631 quando
220 1560 352 1611 Dominus
367 1560 424 1609 vult
438 1573 488 1607 nos
501 1557 626 1622 probare;

95 1636 134 1686 vel
145 1631 308 1697 nosmetipsi
318 1630 444 1680 volumus
455 1629 534 1678 nobis
547 1627 626 1678 etiam

95 1707 199 1773 aliquas
213 1717 306 1769 poenas
320 1700 426 1763 inferre,
442 1711 472 1750 ut
484 1700 522 1750 sic
536 1698 627 1748 Domi·

94 1794 127 1829 no
151 1786 248 1827 nostro
276 1773 475 1823 conformemur
493 1771 520 1820 in
539 1786 626 1836 poena,

95 1859 122 1900 ut
140 1848 164 1899 ei
182 1847 321 1913 possimus
338 1843 500 1894 conformari
516 1842 545 1891 in
567 1842 627 1908 glo-

94 1920 141 1969 ria.
158 1918 219 1977 Vel,
235 1932 264 1966 se
277 1915 433 1965 derelictum
448 1929 464 1963 a
478 1914 533 1963 Deo
554 1914 628 1962 Patre

95 1990 168 2051 dicit,
190 1989 257 2055 quia
271 1998 334 2037 tunc
350 1986 404 2037 fere
423 1985 529 2035 inutilis
553 1983 628 2035 vide·

96 2064 174 2114 batur
201 2062 260 2126 ejus
291 2059 397 2123 Passio,
422 2059 455 2107 de
477 2067 533 2108 toto
554 2057 626 2108 enim

95 2148 192 2201 genere
226 2131 370 2181 hominum
399 2146 454 2180 non
489 2129 629 2180 videbatur

95 2208 194 2274 aliquis
214 2204 309 2256 redimi
333 2204 386 2254 nisi
410 2205 487 2267 latro,
509 2203 556 2270 qui
574 2201 629 2253 fere

96 2280 171 2329 solus
198 2278 228 2328 in
256 2291 318 2326 eum
353 2274 491 2337 credebat,
521 2283 628 2338 excepta

97 2352 172 2401 beata
184 2347 308 2413 Virgine,
321 2343 383 2413 quae
395 2357 459 2396 tunc
474 2346 554 2396 etiam
570 2361 628 2396 cre-

97 2420 197 2471 didisse
223 2434 276 2468 non
298 2417 453 2484 ambigitur,
477 2417 505 2466 in
533 2417 629 2480 hujus-

98 2490 171 2541 modi
191 2490 268 2540 enim
288 2489 345 2554 ipsa
366 2503 473 2553 semper
487 2488 627 2553 excipitur.

97 2560 256 2612 ODomina
277 2574 345 2619 mea,
362 2568 465 2624 quanto
478 2559 569 2609 dolore
588 2569 629 2609 te·

98 2629 213 2690 nebaris,
228 2629 336 2695 quando
361 2627 462 2678 Filium
487 2638 565 2677 tuum
591 2628 629 2678 sic

98 2702 259 2751 clamantem
286 2698 426 2749 audiebas!
453 2699 489 2749 Et
513 2700 628 2762 attende,

97 2771 169 2838 quod
190 2770 221 2819 in
246 2769 299 2819 isto
330 2771 445 2820 clamore
475 2785 528 2819 non
555 2781 630 2820 erant

98 2844 185 2894 adhuc
198 2843 331 2906 tenebrae3
347 2853 372 2892 et
385 2841 445 2892 ideo
457 2844 529 2909 quod
544 2843 576 2893 de
588 2853 629 2892 te-

98 2913 187 2964 nebris
200 2924 241 2964 est
256 2913 368 2972 dictum,
381 2923 421 2963 est
438 2929 484 2979 per
497 2913 630 2979 anticipa-

99 2985 199 3035 tionem
216 2983 411 3049 accipiendum.

129 3057 164 3125 39
179 3058 220 3108 Ex
234 3072 286 3106 noc
309 3073 427 3106 uariam
444 3073 515 3115 Quart
530 3072 630 3106 asanaa

100 3146 197 3180 ruumr
208 3130 320 3180 Cuarsrr
330 3130 431 3180 Passio.
447 3158 477 3167 -
489 3129 631 3195 Hocquar-

82 3211 158 3250 ·tum
188 3200 301 3250 verbum
328 3200 428 3250 Christi
449 3199 501 3251 fuit
526 3214 630 3266 magnae

100 3270 264 3331 acerbitatis,
290 3270 353 3335 quia
378 3271 520 3321 clamando
537 3281 630 3321 osten-

100 3343 139 3394 dit
153 3343 371 3408 magnitudinem
394 3343 436 3393 sui
457 3343 569 3402 doloris,
584 3343 632 3410 qui

100 3425 191 3468 tantus
212 3415 274 3476 fuit,
291 3416 363 3482 quod
384 3431 438 3481 prae
453 3417 510 3481 ejus
528 3416 632 3467 acerbi·

100 3496 153 3539 tate
169 3501 199 3538 se
219 3485 317 3537 clamat
341 3501 356 3536 a
373 3486 447 3536 Patre
464 3486 632 3548 derelictum,

101 3559 130 3611 in
141 3559 285 3611 acerbitate
298 3559 440 3618 Passionis,
450 3559 526 3609 omni
538 3561 633 3611 solatio

101 3630 271 3681 destitutum.
297 3630 363 3689 Quae
378 3629 489 3696 quidem
506 3631 634 3682 acerbitas

102 3700 240 3752 Passionis
270 3715 301 3750 ex
326 3700 379 3750 hoc
401 3710 509 3766 apparet
532 3718 538 3752 :
561 3704 634 3768 quod

102 3771 159 3839 ipse
173 3771 324 3837 patiebatur
337 3770 452 3822 exterius
462 3771 491 3821 in
505 3781 560 3822 toto
573 3789 635 3823 cor-

103 3858 178 3908 pore,
193 3852 266 3893 etex
281 3842 357 3893 omni
370 3851 445 3908 parte
459 3857 597 3904 sensuum,
611 3854 636 3907 et

104 3928 136 3964 ex
149 3913 226 3964 omni
246 3928 343 3979 genere
359 3923 570 3979 tormentorum
591 3914 636 3964 in-

1160 291 1209 361 595

679 421 723 462 tus
742 427 806 462 vero
826 426 858 461 ex
872 420 992 461 matema
1011 416 1206 480 compassione,

679 499 738 550 quae
752 498 847 534 omnes
861 482 961 533 Christi
983 482 1088 536 dolores
1108 503 1206 554 corpo-

679 555 747 605 rales
767 554 794 603 in
811 555 900 620 seipsa
922 570 969 620 per
983 557 1093 606 materni
1119 561 1206 612 cordis

679 627 892 693 compassionem
907 628 1063 693 plenissime
1076 633 1208 684 transfor·

679 701 782 763 mabat;
799 710 825 750 et
838 717 870 750 ex
882 701 1078 767 discipulorum
1092 705 1168 770 lapsu
1183 718 1208 758 et

678 772 862 836 excaecatione,
879 774 925 839 qui
940 789 1035 825 omnes
1050 785 1111 827 tunc
1125 794 1140 829 a
1156 780 1208 832 fide

679 844 844 906 exciderant3
872 859 919 893 nec
950 861 1005 896 non
1036 862 1067 896 ex
1098 852 1207 909 pretiosi

679 914 817 980 sanguinis
842 924 895 964 tam
918 916 1060 982 multiplici
1084 920 1209 986 deperdi-

679 985 762 1044 tione,
779 985 843 1051 quia
857 986 1036 1037 consideravit
1049 992 1122 1055 quod
1144 1010 1208 1060 pre-

678 1056 747 1106 tium
771 1071 826 1106 suae
836 1057 1039 1122 Redemptionis
1053 1061 1079 1111 in
1094 1074 1134 1115 tot
1156 1068 1208 1118 ho-

679 1129 799 1180 minibus
813 1129 927 1195 ingratis
937 1131 1082 1183 annihilari
1094 1137 1188 1190 debuit
1201 1159 1207 1190 :

680 1199 730 1250 hoc
758 1200 842 1259 enim,
866 1201 1013 1250 secundum
1029 1203 1207 1274 Bernardum,

680 1271 807 1335 majorem
822 1271 942 1320 dolorem
961 1271 985 1320 ei
1009 1271 1110 1335 intulit,
1127 1295 1208 1345 quam

680 1359 774 1393 omnes
786 1359 872 1410 poenae
886 1360 953 1409 quas
965 1346 1130 1400 extrinsecus
1145 1369 1207 1418 per-

680 1413 750 1473 tulit,
775 1415 847 1465 unde
875 1415 917 1464 bis
943 1415 1092 1482 ingeminat
1113 1423 1209 1475 :Deus

680 1500 762 1548 meur,
777 1497 806 1536 ut
821 1502 852 1536 ex
865 1485 916 1536 hoc
928 1489 1084 1540 ostendatur
1097 1491 1211 1545 immen-

680 1556 745 1606 sitas
772 1555 814 1606 sui
843 1555 964 1615 doloris,
990 1568 1045 1608 tam
1073 1561 1102 1611 in
1132 1580 1209 1617 carne

680 1644 761 1695 quam
785 1629 813 1679 in
831 1630 931 1690 anima,
948 1642 1078 1696 quantum
1093 1636 1126 1685 ad
1139 1637 1209 1689 vires

680 1701 820 1752 inferiores
843 1701 945 1766 corpori
970 1703 1070 1768 affixas,
1092 1707 1156 1772 quia
1180 1709 1209 1760 in

680 1774 866 1839 superioribus
878 1775 982 1825 viribus
993 1777 1091 1829 animae
1103 1780 1209 1833 frueba-

680 1858 724 1898 tur
752 1847 873 1913 perfecte,
898 1848 959 1899 licet
982 1850 1010 1901 in
1037 1852 1209 1908 inferioribus

680 1928 849 1984 torqueretur
869 1919 1049 1972 acerbissime.
1073 1925 1209 1977 Clamavit

680 1989 760 2040 etiam
772 2003 835 2039 voce
853 2005 962 2055 magua,
979 2003 1115 2056 peccatum
1131 1996 1210 2046 incli-

681 2061 780 2119 nando,
795 2060 866 2125 quod
879 2059 963 2110 fuerat
979 2073 1058 2113 tantae
1074 2067 1169 2116 mortis
1185 2077 1210 2118 et

681 2130 796 2180 miseriae
831 2146 909 2181 causa
934 2149 940 2182 :
965 2133 1037 2197 quia,
1061 2139 1209 2188 secundum

680 2201 859 2265 Ambrosium,
878 2217 994 2267 quorum
1018 2206 1135 2270 suscepit
1160 2224 1211 2258 na-

680 2282 778 2330 turam,
803 2270 902 2321 horum
920 2273 1033 2336 ploravit
1056 2275 1208 2340 miseriam3

682 2353 708 2394 et
724 2352 755 2392 ut
775 2341 904 2391 duritiam
922 2341 1035 2392 humani
1053 2344 1161 2396 affectus
1178 2351 1210 2398 ad

646 2420 648 2425 '
681 2412 722 2464 sui
738 2412 862 2462 excitaret
875 2413 1103 2477 compassionem.
1118 2418 1210 2468 Scien.

681 2487 746 2536 dum
761 2496 860 2544 tamen,
876 2486 949 2550 quod
964 2485 1046 2536 homo
1062 2489 1211 2541 rationabi-

680 2559 741 2610 liter
752 2557 831 2607 debet
841 2559 942 2608 moveri
952 2561 983 2609 ad
996 2562 1210 2626 compatiendum

682 2628 791 2680 Christo
804 2627 903 2694 triplici
923 2628 1027 2680 ratione
1042 2647 1048 2680 :
1064 2632 1161 2697 primo,
1180 2651 1211 2684 ex

682 2711 757 2751 motu
780 2709 907 2750 creaturae
942 2701 1124 2764 insensibilis,
1151 2721 1212 2771 quae

681 2783 736 2823 tota
768 2771 877 2821 Christo
912 2772 1039 2823 morienti
1073 2790 1212 2839 compassa

681 2842 747 2906 fuit3
774 2843 900 2902 secunde,
928 2858 960 2892 ex
980 2842 1132 2893 conditione
1156 2860 1212 2895 suae

683 2913 800 2979 propriae
826 2922 937 2974 naturae3
961 2924 1056 2962 natura
1077 2914 1150 2963 enim
1174 2925 1213 2965 tot

683 2983 804 3033 membra
826 2982 944 3047 providit
960 2981 1064 3046 corpori
1083 2982 1212 3042 humano,

683 3064 750 3122 quot
771 3062 834 3103 sunt
852 3053 910 3103 dies
929 3053 956 3101 in
972 3067 1053 3117 anno,
1075 3063 1105 3106 ut
1119 3054 1213 3106 dicunt

684 3125 798 3192 physici,
812 3126 845 3175 ad
861 3124 1056 3190 designandum
1071 3128 1144 3195 quod
1157 3143 1213 3178 non

683 3199 718 3250 sit
746 3198 803 3247 dies
827 3197 868 3246 vel
894 3209 1080 3264 momentum,
1106 3200 1135 3250 in
1159 3217 1214 3267 quo

684 3273 767 3322 homo
783 3267 944 3318 beneficium
962 3271 1156 3337 redemptionis
1172 3272 1214 3323 af-

685 3341 803 3392 fectuose
823 3350 926 3390 etcum
947 3340 1091 3406 gratiarum
1111 3343 1215 3394 actione

686 3429 740 3463 non
756 3411 834 3462 debet
852 3411 999 3475 recordatu
1020 3411 1108 3474 tertio,
1123 3429 1156 3463 ex
1170 3415 1215 3464 di-

684 3482 754 3534 vinae
772 3480 846 3532 vocis
862 3479 1062 3545 imprecatione,
1077 3481 1142 3547 quia
1159 3482 1216 3549 ipse

685 3569 803 3622 sponsus
816 3552 1023 3604 amaritudinem
1038 3567 1093 3603 suae
1108 3552 1216 3603 Passio-

686 3626 729 3676 nis
755 3624 828 3690 jubet
854 3623 913 3674 sine
937 3623 1075 3674 intervallo
1097 3621 1216 3689 imprimi

687 3697 784 3749 nostris
799 3696 945 3757 mentibus,
960 3695 1052 3748 dicens
1066 3713 1073 3746 τ
1088 3697 1164 3747 Pone
1177 3709 1218 3744 ma

688 3777 717 3822 ut
731 3770 900 3838 signaculum
916 3784 996 3834 super
1010 3784 1057 3821 cor·
1071 3775 1162 3830 tuum3
1175 3766 1217 3816 cui

687 3841 747 3893 voci
761 3842 851 3892 anima
869 3841 961 3891 devota
975 3841 1161 3904 obtemperans
1174 3851 1218 3887 re-

688 3914 802 3980 spondet
816 3930 822 3964 :
836 3911 997 3965 Fasciculus
1010 3909 1133 3978 myrrhae
1149 3907 1219 3958 dile-
