2626 4328
293 208 342 257 DE
354 209 480 270 SEXTA,
494 211 530 260 ΙΝ.
551 212 721 265 PASSIONE
736 216 873 270 DOMINI.

30 328 52 373 et
65 322 103 372 da
126 321 192 373 milri
219 324 389 375 acerbitatem
409 325 505 376 calicis
519 327 560 377 tui

31 407 78 444 toa
91 392 217 456 horrere,
236 395 284 444 sed
303 410 361 446 cum
377 397 480 459 gaudio
498 411 560 447 am·

28 465 110 531 plecti
131 467 256 519 eldibere
274 468 311 518 ad
330 469 454 532 salutas,
469 476 500 520 at
508 484 559 536 pro

31 550 122 589 maore
136 543 182 589 tuo
195 538 293 589 antima
304 553 369 590 meae
379 540 480 591 sitiattr'
486 556 561 592 ama·

32 624 60 662 ta
75 610 170 662 titileia
184 612 339 664 videantur.

56 681 94 746 46
109 683 200 733 Suxro
216 699 313 748 mann,
328 700 502 736 consonum
516 702 562 736 ou

32 768 72 804 nur
88 770 240 806 naaman.
261 783 291 792 -
315 758 424 808 Sextum
448 759 562 808 verbum

32 823 90 883 fuit,
107 839 172 874 cum
185 825 269 876 dixit:
284 827 500 879 consummatum
511 834 562 891 eat,

32 896 55 945 id
70 905 114 946 est
127 905 217 946 totum
229 899 392 964 completum
407 912 448 951 est
460 901 491 951 in
504 915 564 966 ope·

33 981 57 1016 re
87 966 173 1017 etiam
202 969 337 1034 usquead
366 971 431 1020 aceti
457 981 565 1036 potum.

35 1036 176 1104 Quidquid
191 1039 224 1087 de
244 1054 287 1089 me
301 1040 355 1089 Lex
375 1051 401 1090 et
421 1041 563 1107 Prophetae

33 1112 227 1178 poedixerant‚
252 1120 277 1162 et
302 1114 436 1181 quidquid
461 1116 494 1164 de
522 1129 565 1164 me

35 1187 165 1253 scriptum
185 1194 249 1247 erat,
272 1195 298 1234 et
311 1201 378 1250 opus
400 1185 566 1252 redemptio-

36 1258 73 1308 nis
87 1258 229 1315 humanae,
245 1265 270 1305 et
290 1272 372 1306 omne
386 1273 456 1323 opus
475 1272 566 1306 meum

37 1330 106 1396 quod
127 1329 159 1380 in
177 1329 278 1378 mundo
294 1327 378 1378 iacere
399 1330 489 1390 debui,
503 1344 567 1380 con-

38 1408 195 1454 summatum
221 1407 263 1452 est
286 1414 313 1452 et
339 1402 505 1469 perfectum
537 1417 569 1452 ac

38 1476 116 1527 ctiam
129 1473 225 1524 omnis
239 1488 318 1539 poena
337 1483 363 1523 et
376 1475 467 1524 omnis
481 1488 571 1539 pugna

39 1554 226 1596 consummata
248 1553 328 1594 estet
351 1545 493 1610 completa,
506 1561 571 1595 om-

40 1619 135 1686 nisque
149 1617 227 1667 labor
240 1626 267 1666 et
277 1617 364 1675 dolor,
383 1633 464 1684 quem
482 1617 570 1667 susci-

40 1705 97 1754 pere
120 1702 260 1748 veneram,
280 1696 319 1736 est
338 1686 448 1752 finitus3
464 1699 571 1753 tempus

41 1773 157 1825 quoque,
171 1773 226 1823 quo
239 1757 309 1807 inter
323 1757 452 1808 homines
460 1773 519 1808 esse
530 1758 574 1808 de·

12 1834 18 1845 '
41 1828 95 1890 bui,
109 1828 144 1879 ad
165 1827 300 1876 honorem
313 1827 362 1878 Dei
380 1828 465 1878 Patris
477 1838 502 1878 et
515 1828 573 1877 uti-

41 1899 143 1950 litatem
167 1895 298 1958 fidelium,
330 1907 369 1947 est
399 1899 575 1963 completum,

42 1979 63 2021 et
84 1967 280 2031 obedientiam,
303 1984 384 2034 quam
405 1969 481 2018 dedit
504 1968 574 2018 mibi

44 2042 127 2102 Pater,
146 2039 263 2106 perfecte
283 2042 434 2106 complevi3
449 2051 477 2091 et
491 2040 574 2108 quid-

43 2112 105 2178 quid
122 2110 266 2176 oportebat
280 2109 336 2160 fieri
351 2122 496 2177 antequam
511 2127 575 2160 mo-

43 2200 121 2245 rerer,
137 2182 240 2233 iactum
254 2193 294 2233 est
304 2199 310 2245 ;
322 2193 348 2233 et
363 2184 433 2233 nihil
446 2191 575 2242 remanet,

44 2255 255 2322 necquidquam
271 2255 324 2319 jam
339 2264 420 2305 restat
435 2254 508 2320 quod
523 2269 577 2304 an-

43 2336 149 2393 tequam
163 2323 263 2374 moriar
277 2325 363 2374 adhuc
373 2325 430 2376 fieri
443 2333 577 2390 oporteat,

44 2395 75 2446 Et
94 2396 173 2447 hanc
202 2395 465 2446 consummationem
494 2395 576 2445 etiam

45 2467 98 2534 ipse
110 2467 289 2534 praedixerat:
305 2466 576 2527 Consumabuntur,

46 2539 290 2605 immensorum
311 2553 371 2604 quae
392 2537 496 2603 scripta
517 2541 578 2587 sunt

44 2624 89 2675 per
108 2608 266 2676 Prophetas
297 2609 330 2658 de
354 2608 427 2657 Filio
452 2606 577 2657 hominis.

47 2683 157 2733 beetoso
173 2679 257 2746 igitur
273 2689 299 2730 et
311 2679 390 2729 felleo
401 2679 499 2744 poculo
513 2694 578 2744 pro-

48 2751 149 2816 pinato,
162 2750 274 2800 intulit:
294 2749 510 2800 Consummatum
530 2754 579 2810 est,

49 2833 175 2890 tanquam
195 2820 219 2870 si
235 2820 264 2870 in
282 2830 361 2885 gustu
376 2819 442 2871 aceti
465 2829 491 2870 et
510 2818 580 2870 fellis

49 2893 129 2945 totius
151 2891 329 2944 amarissimae
354 2892 489 2942 Passionis
510 2907 580 2942 ton-

51 2975 181 3016 summata
193 2963 333 3030 plenitudo
351 2963 515 3013 consisteres
532 2963 581 3011 Per

52 3035 98 3088 hoc
109 3037 187 3089 enim
202 3036 315 3086 diluitur
333 3036 438 3102 primus
453 3035 499 3084 ille
512 3033 581 3083 male

53 3109 216 3160 delectabilis
236 3119 340 3174 gustus.
357 3109 426 3158 Nam
448 3122 511 3156 cum
535 3119 582 3169 per

54 3188 159 3245 gustum
174 3179 243 3244 ligni
257 3179 347 3230 suavis
362 3189 388 3229 et
401 3177 475 3228 vetiti
498 3177 582 3225 totius

55 3263 147 3304 nostrae
168 3252 331 3319 perditionis
357 3267 436 3301 causa
452 3248 583 3300 exstiterit

56 3324 239 3388 prevaricator
268 3325 372 3388 Adam,
401 3334 584 3390 opportunum

58 3393 105 3447 tuit
119 3407 146 3448 et
168 3413 330 3463 congruum,
353 3412 399 3463 per
421 3396 495 3446 viam
516 3410 584 3445 con-

59 3469 163 3520 trariam
182 3468 303 3520 invenire
322 3470 400 3520 saluti
422 3479 520 3519 nostra
540 3482 585 3518 re-

61 3541 184 3592 medium.
199 3541 312 3593 Etcum
326 3541 355 3591 in
369 3539 487 3606 singulis
494 3554 587 3589 mem-

62 3607 425 3678 brisipsiusacutissimarum
433 3609 588 3676 passionum

64 3683 204 3735 militantes
238 3684 342 3750 sagitta
371 3683 587 3741 crebrescerent.

65 3764 174 3817 quarum
191 3754 341 3820 indignatio
360 3753 485 3804 ebibebat
504 3752 588 3818 spiri-

10 3842 12 3847 ·
67 3829 119 3882 tum
133 3824 200 3892 eius,
217 3825 337 3886 decebat,
349 3835 380 3875 ut
392 3825 446 3875 cibi
460 3824 590 3890 verbique

1090 227 1138 278 601

612 329 768 382 vehiculum
782 349 952 402 nequaquam
967 351 1085 392 maneret
1096 342 1146 392 im-

614 417 706 464 mune,
717 416 746 456 ut
757 407 938 459 verificaretur
951 411 1017 461 illud
1034 414 1146 476 Prophe-

614 482 648 555 tte
671 490 678 524 :
704 477 828 542 Repleuit
849 495 888 530 me
911 483 1145 546 antarituo‘inibus,

615 546 756 599 mebriavit
775 565 816 600 me
837 553 979 604 absinthio.
1000 556 1059 605 Hoc
1082 573 1144 607 rer-

616 617 680 667 bum
705 629 811 669 sextum
842 638 943 687 magnae
975 624 1144 690 perfectionis

615 686 679 748 fuit,
691 704 752 738 cum
767 692 853 742 dixit:
869 695 1085 747 consummatum
1096 704 1145 756 esi,

615 773 662 823 per
686 758 739 810 boc
765 761 925 828 insinuans,
952 769 1025 843 qqod
1052 768 1145 818 omnin

616 842 864 893 consummaverat,
895 851 957 900 quoe
989 852 1038 902 pro
1062 838 1147 888 salute

617 901 735 954 humana
758 905 848 970 ipsum
868 909 1007 959 Christum
1031 911 1086 975 pati
1104 913 1145 962 vel

616 989 694 1039 agere
718 977 874 1042 oportebat;
904 990 929 1029 et
952 981 1148 1047 exemplariter,

618 1049 647 1093 ut
665 1058 808 1110 sequamur
830 1049 949 1113 vestigia
969 1052 1034 1114 ejus.
1059 1051 1145 1107 Sicut,

618 1113 706 1163 bonus
727 1116 845 1166 medicus
863 1118 950 1182 primo
968 1135 1016 1183 pro
1040 1119 1149 1169 infirmo

618 1183 716 1234 dietam
750 1195 845 1249 taxat;
879 1189 998 1238 secundo
1023 1191 1149 1240 sudorem

619 1265 758 1318 procurat;
783 1257 861 1306 tertio
887 1259 909 1307 si
939 1259 1064 1323 praedicta
1090 1276 1147 1309 non

620 1327 766 1389 suffici-unt,
784 1330 879 1381 indicit
895 1332 1083 1395 minutionem,
1102 1329 1151 1401 pro

622 1399 769 1450 humorum
783 1403 964 1466 correctione;
986 1413 1082 1469 quarto
1097 1404 1152 1453 mi-

621 1471 716 1521 nistrat
729 1473 866 1537 potionem
881 1491 928 1539 pro
943 1476 1020 1526 mala:
1036 1475 1153 1526 mateniae

623 1542 810 1593 evacuatione:
822 1545 865 1594 Sic
882 1545 1016 1607 Christus,
1031 1555 1061 1594 ut
1072 1561 1123 1595 nos
1139 1561 1154 1594 a

623 1614 719 1664 morbo
742 1616 840 1680 peccati
858 1618 979 1675 salvaret,
1004 1633 1052 1682 pro
1074 1616 1155 1666 nobis

624 1686 713 1751 primo
739 1688 914 1753 quadraginta
935 1689 1030 1739 diebus
1051 1689 1156 1753 ieiuna-

623 1756 681 1820 vit3
696 1759 816 1808 secundo
835 1760 961 1809 sudorem
977 1759 1155 1824 sanguineum

626 1843 675 1892 pro
697 1827 776 1878 nobis
791 1829 939 1890 exhalavit3
958 1829 1036 1879 tertio
1053 1843 1101 1894 per
1119 1837 1158 1876 to-

624 1907 685 1948 tum
705 1915 803 1965 corpus
820 1909 901 1950 suum
916 1900 1097 1950 minutionem
1112 1915 1157 1948 ce-

626 1968 749 2028 lebravit,
766 1971 873 2034 quando
895 1986 943 2034 pro
966 1969 1045 2019 nobis
1070 1977 1157 2018 totum

627 2040 788 2106 sanguinem
818 2057 898 2091 suum
925 2038 1159 2091 abundantissime

627 2111 688 2162 sine
702 2127 816 2162 nuntero
833 2122 858 2162 et
878 2127 1003 2161 mensura
1023 2110 1103 2169 fudit,
1118 2109 1159 2159 sic

628 2183 701 2248 quod
721 2197 818 2247 corpus
842 2198 923 2232 suum
945 2183 973 2230 in
999 2196 1077 2230 cruce
1091 2195 1157 2244 pen-

628 2254 695 2303 dens
719 2263 849 2318 tanquam
878 2252 1011 2300 cremium
1034 2248 1158 2309 exaruit3

629 2333 724 2389 quarto
734 2323 874 2381 etultimo,
888 2320 1021 2386 praedictis
1031 2318 1160 2369 antidotis

631 2410 687 2445 non
699 2402 849 2452 contentus,
867 2392 1004 2456 potionem
1020 2388 1161 2440 amarissi-

631 2481 703 2515 mam
726 2464 851 2530 sumpsit,
874 2463 982 2528 quando
1004 2477 1052 2527 pro
1070 2469 1161 2510 nostra

631 2535 791 2602 egritudine
812 2533 937 2601 fuganda,
961 2533 1021 2584 felle
1040 2542 1069 2582 et
1091 2540 1165 2582 aceto

633 2623 661 2657 se
672 2607 758 2672 potari
774 2606 906 2670 permisit.
925 2604 959 2654 Et
971 2605 1030 2653 ideo
1045 2603 1165 2653 rationa-

633 2679 722 2728 biliter
750 2677 841 2726 dixit:
873 2676 1089 2726 Consuaranorum
1116 2678 1164 2733 est,

634 2749 774 2800 inveniens
785 2763 832 2814 per
847 2747 898 2796 hoc
909 2747 983 2812 quod
993 2745 1086 2795 omnia
1096 2758 1166 2792 com-

634 2821 766 2886 pleverat,
793 2834 853 2884 quae
879 2833 927 2881 pro
960 2827 1050 2866 nostra
1080 2813 1166 2861 salute

633 2890 722 2942 fienda
735 2900 819 2940 erant.

664 2977 700 3027 47
722 2961 861 3010 Docrnrnn
883 2973 916 3005 ax
941 2971 992 3005 noc
1015 2966 1100 3002 amno
1114 2966 1166 2999 tm-

634 3046 760 3083 suurnus.
777 3057 808 3066 -
834 3029 882 3076 Per
905 3027 956 3074 hoc
971 3025 1084 3073 verbum
1103 3035 1166 3070 sea-

635 3114 704 3163 tum,
715 3102 843 3150 docemur
854 3095 1040 3162 poeniteatiam
1053 3091 1167 3141 inchoa-

635 3188 690 3228 tam
704 3185 892 3225 consummare
903 3180 929 3218 et
950 3168 1033 3218 vitam
1048 3174 1168 3215 nostram

637 3248 691 3298 fine
699 3244 791 3294 debito
803 3240 957 3298 terminare,
968 3254 997 3288 ac
1009 3236 1101 3287 omnia
1110 3250 1169 3300 ope-

638 3334 667 3369 ra
683 3324 774 3367 nostra
787 3313 819 3362 ad
836 3312 962 3361 virtutem
979 3306 1171 3374 perfectionem

638 3403 665 3442 et
673 3390 792 3440 debitam
806 3385 949 3451 perducere
962 3379 1172 3432 consummatio

639 3479 710 3514 nem.
725 3461 803 3512 Unde
826 3457 1020 3523 Augustinus:
1037 3472 1052 3500 n
1074 3451 1172 3503 Dixisti

640 3535 721 3586 etiam
733 3530 849 3581 Domine
865 3545 871 3577 ι
888 3528 1105 3578 Cousummalum
1120 3528 1170 3582 etl,

641 3615 828 3659 consummata
860 3601 961 3652 etenim
988 3609 1063 3650 erant
1086 3595 1175 3648 vatici-

643 3679 688 3729 nia
699 3676 902 3742 Prophetarum,
911 3671 1002 3737 figurae
1015 3669 1174 3722 hostiarum,

643 3749 772 3801 acerbitas
800 3756 828 3796 et
853 3744 993 3794 diversitas
1019 3753 1172 3806 pinnarum,

644 3819 797 3872 emendatio
809 3815 958 3881 culparum.
975 3812 1049 3862 Felix
1063 3808 1110 3875 qui
1125 3821 1175 3871 po-
