2626 4328
352 219 399 270 DE
415 212 541 274 SEXTA,
561 210 594 261 IN
614 209 782 260 PASSIONE
800 210 935 265 DOMINI.

95 340 222 393 surrexit.
239 339 305 390 Plus
325 336 408 404 igitur
421 333 473 385 luit
486 333 519 384 dc
532 330 625 398 sepul-

92 413 158 464 chro
193 424 355 476 resurgere,
379 422 460 473 quam
487 405 521 455 de
548 417 626 453 cruce

92 485 272 546 descendere3
291 481 352 547 plus
369 479 421 530 fuit
443 486 557 529 mortem
581 491 626 528 re-

91 555 231 622 surgendo
255 554 409 609 destruere,
436 563 518 616 quam
543 547 626 599 vitam

91 625 280 678 descendendo
299 637 440 674 servare.»
455 620 523 671 Vide
537 619 627 677 etiam,

90 697 242 750 secundum
256 695 486 760 Chrysoslomum,
499 691 528 741 in
539 689 628 741 verbis

93 768 156 820 istis
179 782 274 818 vocem
293 764 413 815 filiorum
431 761 541 823 diaboli,
556 775 628 826 quo·

93 841 179 892 modo
203 839 346 890 imitantur
365 851 457 887 vocem
481 844 628 900 paternam.

91 913 225 965 Diabolus
236 911 340 962 dicebat
355 927 362 960 :
379 909 412 960 Si
420 908 509 959 Filius
522 907 575 957 Dei
591 920 628 969 es,

94 984 209 1035 mittete
224 983 365 1045 deorsum,·
379 990 405 1030 et
417 977 502 1030 ludaei
514 978 608 1029 dicunt
621 993 628 1026 :

92 1055 127 1106 Si
142 1053 235 1106 Filius
246 1052 296 1106 Dei
307 1066 344 1114 es,
356 1051 484 1104 descende
495 1050 527 1102 de
542 1063 629 1100 cruce.

94 1125 232 1177 Similiter·
253 1130 279 1174 el
302 1123 440 1190 principes
461 1120 629 1172 sacerdotum

94 1196 239 1248 illudentes
255 1209 313 1246 cum
336 1192 450 1251 Scribis,
466 1192 494 1242 id
518 1200 558 1241 est
578 1191 630 1240 Le-

96 1265 246 1333 gisperitis,
264 1270 291 1315 et
307 1263 466 1323 senioribus,
483 1261 510 1312 id
525 1271 566 1311 est
585 1262 630 1327 iu-

96 1338 204 1389 dicibus
230 1336 397 1396 ordinariis,
427 1335 571 1396 dicebant,
597 1335 630 1384 ad

94 1411 257 1462 alterutrum
285 1409 450 1459 irridendo:
471 1407 550 1458 Alios
573 1407 631 1457 sal-

96 1498 145 1535 vos
161 1483 241 1549 secli,
256 1493 284 1533 et
302 1481 398 1547 utique
411 1490 465 1530 tam
479 1479 629 1546 spirituali-

95 1565 137 1606 ter
160 1570 244 1621 quam
267 1552 453 1619 corporaliter,
475 1565 505 1602 se
525 1551 629 1602 salvum

89 1626 196 1693 saciat,
207 1625 235 1679 id
249 1635 290 1675 est
299 1622 434 1689 supplicio
447 1621 533 1672 crucis
546 1631 630 1681 eruat,

96 1699 123 1748 si
156 1697 201 1748 hic
225 1701 266 1746 est
289 1695 422 1756 Christus,
452 1693 479 1743 id
509 1703 549 1744 est
574 1694 630 1743 Rex

96 1769 155 1820 sive
182 1766 303 1825 Messias,
331 1765 384 1815 Dei
408 1763 515 1826 electus,
541 1763 568 1813 id
592 1773 631 1814 est

95 1841 146 1892 Dei
166 1840 263 1890 Filius.
282 1839 360 1889 Unde
378 1837 453 1889 Beda
472 1853 479 1887 ι
497 1854 510 1882 a
525 1838 582 1887 lmo
602 1852 631 1888 se

96 1914 205 1963 salvum
220 1910 303 1961 lacere
312 1910 345 1958 de
356 1924 433 1959 cruce
445 1909 631 1959 descendendo

99 1985 198 2044 noluit.
217 1983 281 2050 quia
302 1982 359 2048 ipse
378 1992 418 2032 est
437 1981 563 2032 Christus
582 1982 631 2033 Dei

95 2058 208 2108 electus.
224 2057 293 2106 Nam
313 2055 360 2121 qui
374 2054 433 2105 ideo
451 2053 526 2105 venit
538 2064 569 2105 ut
582 2069 632 2121 pro

98 2127 181 2178 nobis
201 2124 409 2191 crucifigeretur,
431 2124 491 2175 ideo
512 2125 632 2190 seipsum

98 2199 203 2249 salvare
214 2197 248 2246 de
261 2210 338 2246 cruce
351 2195 535 2246 descendendo
547 2197 634 2261 negle-

96 2271 153 2335 xit;
177 2268 241 2336 quia
256 2284 317 2319 cum
330 2268 424 2319 ceteris
440 2268 631 2334 peccatoribus,

98 2343 181 2395 etiam
209 2341 272 2392 illos
298 2341 346 2407 qui
371 2356 433 2390 eum
461 2338 631 2400 crucifixere,

99 2412 204 2464 salvare
220 2411 360 2462 moriendo
380 2410 491 2461 curavit.
506 2429 520 2458 n
532 2410 568 2460 Et
582 2410 633 2460 ite—

100 2499 165 2535 rum
187 2482 310 2533 dicebant
325 2499 332 2532 :
347 2480 426 2533 Alios
444 2482 537 2532 saluos
553 2481 632 2546 fecit,

98 2556 219 2622 seipsum
233 2569 285 2605 non
304 2559 394 2618 polest
411 2553 515 2603 salvum
526 2553 632 2619 jacere.

99 2627 180 2678 Unde
198 2627 387 2692 Hieronymus
405 2642 414 2675 .-
432 2643 447 2671 a
468 2623 555 2675 Etiam
583 2641 634 2676 no-

99 2698 188 2749 lentes
210 2694 372 2747 confitentur
386 2694 486 2745 Scribae
511 2705 538 2746 et
559 2696 634 2748 Pha-

99 2768 188 2833 risaei,
210 2769 283 2835 quod
305 2769 372 2819 alios
392 2769 481 2819 salvos
498 2767 598 2820 fecerit.
619 2789 633 2818 s

100 2840 195 2906 ltaque
213 2847 302 2889 vestra
316 2853 365 2889 vos
387 2839 547 2890 condemnat
570 2855 634 2890 sen-

101 2909 195 2961 tentia.
211 2907 266 2970 Qui
285 2908 358 2958 enim
381 2909 449 2959 alios
462 2910 549 2960 salvos
564 2909 634 2971 fecit,

102 2979 209 3047 utique,
229 2980 253 3029 si
277 2979 365 3040 vellet,
388 2988 414 3030 et
434 2978 556 3046 seipsum
576 2995 635 3031 ser·

103 3065 168 3101 vare
184 3058 297 3115 poterat
323 3050 356 3100 Et
376 3049 474 3100 iterum
489 3049 635 3102 dicebant:

101 3123 136 3175 Si
162 3137 218 3174 rex
248 3122 338 3174 lsrael
360 3129 411 3184 est,
439 3139 494 3173 non
519 3124 638 3190 quicun-

100 3209 165 3261 que,
178 3194 225 3246 sed
233 3193 345 3252 Messias
356 3194 507 3260 promissus
517 3196 546 3247 in
558 3197 638 3265 Lege,

102 3269 175 3323 sicut
191 3267 250 3334 ipse
268 3268 374 3319 dicebat
387 3270 420 3320 de
434 3283 480 3330 se,
496 3270 609 3324 descend
629 3279 639 3324 t

104 3351 176 3390 nunc
189 3338 225 3389 de
239 3352 325 3403 eruce,
341 3349 372 3390 ut
386 3339 525 3394 videamus
539 3287 640 3395 scilicit

102 3409 233 3463 virtutem
247 3410 343 3476 ipsius,
359 3413 424 3479 quia
435 3414 481 3466 alii
494 3431 570 3483 reges
584 3432 639 3471 non

106 3493 227 3552 possunt
248 3484 312 3536 talia
336 3485 441 3554 facere;
464 3495 490 3541 el
506 3491 641 3543 credimus

100 3553 148 3620 ei,
175 3555 223 3608 sed
255 3557 464 3623 mentiebantur,
490 3561 608 3613 dicentes
633 3579 640 3613 :

107 3627 264 3679 Credimus.
294 3627 371 3678 Unde
400 3628 472 3681 idem
497 3631 641 3700 Hierony-

106 3712 169 3749 mus
192 3715 202 3751 :
223 3715 238 3745 a
269 3698 451 3751 Fraudulenta
488 3702 642 3769 promissio.

105 3766 181 3828 Quid
206 3778 247 3820 est
268 3768 340 3820 enim
364 3771 426 3837 plus
449 3771 483 3822 de
500 3788 577 3824 cruce
598 3774 641 3826 vi-

1160 215 1212 283 579

679 327 745 410 cliro
764 338 901 380 mortuum
924 339 1080 402 resurgere?
1095 341 1128 393 Et
1149 358 1212 394 sur-

681 410 767 461 rexit,
798 410 825 451 et
859 417 914 453 non
942 407 1050 459 creditis
1074 412 1098 462 ei
1112 429 1120 477 ;
1147 431 1212 483 ergo

680 471 788 524 etiamsi
806 473 839 524 de
855 490 931 527 cruce
944 478 1118 544 descenderit,
1131 487 1211 540 simi-

679 543 739 593 liter
752 560 806 594 non
821 547 932 597 credetis
946 548 979 600 ei.
995 551 1045 602 Sed
1061 555 1130 606 mihi
1141 558 1213 612 vide·
1295 559 1297 563 ’

679 628 724 699 tur
737 618 789 667 hoc
801 618 935 673 daemones
947 622 1100 681 immittere.
1115 633 1211 685 Statim

680 704 754 738 emm
782 698 813 739 ut
835 692 978 744 crucifixus
1004 708 1045 748 est
1068 701 1211 770 Dominus,

681 773 822 812 senserunt
844 763 971 816 virtutem
996 771 1091 831 crucis,
1117 784 1143 825 et
1168 776 1213 826 in-

684 832 845 883 tellexerunt
859 833 953 886 fractas
974 853 1032 891 esse
1052 842 1122 896 vires
1137 861 1211 911 suas3

683 912 709 952 ct
724 902 776 953 hoc
790 915 913 970 aguntur
924 908 957 958 de
971 925 1047 979 cruce
1061 913 1213 979 descendat,

682 991 715 1026 ne
728 974 826 1027 faceret
838 979 952 1030 salutem
967 997 1050 1048 quam
1064 985 1212 1042 inchoarat.

683 1048 734 1098 Sed
752 1050 884 1100 Dominus
899 1052 985 1104 sciens
999 1057 1213 1112 adversariorum

685 1119 809 1181 insidias,
826 1135 964 1187 permanet
987 1125 1015 1175 in
1039 1129 1169 1193 patibulo,
1184 1143 1214 1184 ut

681 1189 819 1241 diabolum
844 1192 962 1244 destruat
979 1211 986 1244 :
1002 1214 1015 1243 n
1030 1197 1087 1249 haec
1108 1202 1213 1255 Hiero-

684 1276 791 1327 nymus.

716 1348 749 1383 20
770 1334 906 1385 Dranonus
929 1351 1013 1388 sunna
1035 1355 1139 1394 crucan
1159 1360 1216 1396 sra-

683 1419 754 1455 rrssa
775 1419 890 1456 aaaron.
907 1435 937 1445 —
952 1407 1057 1460 Tamen
1076 1411 1104 1462 in
1127 1415 1214 1466 Tobia

685 1492 767 1542 super
790 1478 987 1531 exenteratione
1010 1482 1092 1547 piscis
1116 1485 1216 1552 tegitur

682 1547 832 1598 daemonem
847 1549 953 1600 stetisse
972 1567 1053 1618 super
1075 1555 1215 1609 brachium

685 1617 783 1679 crucis,
799 1628 824 1669 et
838 1620 1020 1673 considerasse
1038 1639 1072 1674 an
1091 1627 1216 1680 Christus

683 1690 802 1756 aliquam
827 1693 958 1743 maculam
984 1697 1082 1760 peccati
1097 1700 1215 1752 haberet.

686 1761 763 1811 Unde
786 1761 926 1828 discipulis
946 1763 973 1813 in
993 1781 1071 1818 coena
1090 1769 1215 1822 dicebat:

690 1836 767 1887 Venit
784 1836 852 1887 enim
868 1839 996 1906 princeps
1016 1844 1107 1893 mundi
1128 1845 1215 1912 liujus,

684 1909 711 1960 id
737 1919 777 1960 est
805 1921 955 1960 amatorum
985 1914 1090 1975 mundi,
1116 1917 1217 1968 scilicet

684 1983 825 2034 adversum
837 1998 889 2048 me,
904 1985 992 2036 sedin
1011 2000 1051 2036 me
1074 1989 1219 2041 nonhabet

685 2054 842 2121 quidquam,
865 2057 938 2122 quod
961 2057 994 2106 ad
1019 2073 1047 2109 se
1073 2060 1216 2126 pertineat.

687 2126 721 2176 Et
734 2126 861 2191 quamvis
879 2136 1015 2192 peccatum
1029 2145 1083 2179 non
1099 2131 1217 2192 haberet,

686 2207 712 2247 et
733 2195 794 2246 ideo
810 2197 890 2246 morti
904 2197 1039 2249 obnoxius
1060 2216 1114 2251 non
1129 2211 1217 2263 esset,

691 2268 761 2319 mori
788 2279 878 2319 tamen
907 2269 1017 2332 voluit,
1044 2271 1108 2337 quia
1143 2273 1219 2325 Pater

686 2340 838 2406 mandavit;
852 2352 878 2392 et
889 2342 949 2392 ideo
963 2343 1078 2408 subjecit
1093 2361 1100 2395 :
1117 2345 1174 2396 Sed
1191 2353 1221 2398 ut

686 2419 833 2479 cognoscat
846 2413 960 2463 mundus
973 2414 1035 2479 quia
1050 2415 1138 2481 diligo
1158 2417 1220 2468 Pa-

688 2491 764 2545 irem,
781 2490 806 2534 et
817 2485 888 2534 sicul
899 2485 1054 2536 maliciorum
1066 2487 1140 2537 dedit
1155 2488 1220 2540 milri

686 2557 780 2618 Pater,
794 2554 834 2604 sic
852 2553 931 2616 facio,
945 2555 1045 2606 scilicet
1064 2573 1113 2622 pro
1127 2558 1221 2608 homi-

688 2626 770 2676 nibus
791 2624 942 2676 moriendo.
967 2624 1115 2678 Considera
1139 2630 1220 2679 modo

686 2698 753 2767 quid
770 2699 799 2749 in
814 2698 928 2749 aliorum
944 2698 1017 2749 exitu
1034 2700 1138 2750 daemon
1159 2700 1222 2751 facit
1283 2725 1285 2729 ·

686 2770 732 2839 qui
750 2780 843 2822 contra
866 2768 957 2836 ipsum
979 2770 1075 2820 mundi
1099 2771 1221 2822 Salvato-

685 2857 743 2893 rem
768 2850 795 2892 et
816 2840 965 2891 Dominum
980 2839 1072 2890 venire
1089 2854 1222 2904 praesum-

687 2913 749 2981 psit.
762 2913 840 2965 Unde
850 2909 1003 2978 Gregorius
1016 2927 1025 2960 :
1040 2927 1054 2956 a
1064 2910 1221 2960 Curandum

690 2986 770 3038 nobis
792 2995 841 3048 est,
861 2994 964 3035 etcum
979 2982 1085 3048 magnis
1102 2982 1223 3048 quotidie

691 3057 800 3108 fletibus
817 3054 1003 3120 cogitandum,
1025 3067 1108 3117 quam
1128 3067 1223 3118 saevus,

694 3144 777 3195 quam
795 3125 924 3177 terribilis
944 3139 992 3176 sua
1006 3125 1035 3174 in
1051 3123 1130 3175 nobis
1143 3139 1225 3190 opera

693 3199 858 3264 requirens,
886 3195 914 3244 in
948 3195 991 3246 die
1021 3195 1105 3245 nostri
1136 3195 1225 3246 exitus

691 3269 820 3336 princeps
849 3265 928 3333 liujus
959 3265 1051 3316 mundi
1075 3264 1175 3329 veniat,
1200 3264 1224 3317 si

692 3341 772 3393 etiam
785 3340 818 3389 ad
830 3338 917 3421 Deum
931 3337 961 3389 in
973 3353 1051 3389 carne
1063 3337 1224 3389 morientem

692 3413 781 3476 venit,
803 3421 830 3463 et
850 3411 877 3461 in
896 3412 943 3462 illo
963 3409 1067 3477 aliquid
1089 3409 1225 3477 quaesivit,

693 3486 722 3538 in
741 3501 796 3552 quo
810 3483 931 3535 invenire
944 3482 1013 3533 nihil
1031 3482 1127 3548 potuit.
1148 3481 1226 3533 Prius

694 3573 756 3609 vero
768 3571 830 3606 eum
843 3555 872 3606 in
884 3553 1021 3605 miraculis
1029 3554 1117 3604 Deum
1129 3567 1227 3619 cogno·

693 3638 784 3690 verat,
810 3627 856 3677 sed
879 3627 915 3677 de
940 3625 1095 3692 cognitione
1121 3639 1170 3675 sua
1192 3621 1225 3674 ad

694 3697 891 3750 dubitationem
905 3696 1011 3761 cecidit,
1029 3698 1138 3762 quando
1152 3695 1226 3745 hunc

698 3770 851 3837 passibilem
880 3769 948 3821 vidit
969 3785 977 3821 ι
998 3788 1012 3817 n
1037 3769 1093 3820 haec
1123 3767 1226 3831 Grego-

110 3846 221 3891 rentem
248 3839 420 3906 descendere,
440 3856 475 3893 an
499 3842 533 3896 de
555 3847 648 3911 sepul·
686 3845 761 3898 rius.
774 3845 805 3896 In
815 3858 892 3895 cruce
902 3858 966 3910 ergo
974 3852 1101 3909 tanquam
1117 3839 1145 3890 in
1158 3837 1227 3890 deci·
