2626 4328
93 289 149 356 458

94 419 156 470 quae
173 404 313 471 sigillatur.
328 406 360 457 Et
374 407 471 458 merito
485 409 566 459 debes
580 425 623 460 me

92 477 203 543 diligere
217 487 331 544 utroque
347 480 438 544 modo,
452 481 516 546 quia
530 482 624 532 Fortis

92 556 133 599 est
158 555 186 599 ut
205 564 278 600 mors
303 550 420 615 dileetio,
439 552 490 602 hoe
509 564 550 603 est
569 562 623 603 tam

91 619 198 670 fortiter
212 629 238 670 te
252 620 344 682 dilexi,
368 622 440 688 quod
462 639 510 687 pro
532 638 624 674 amore

94 702 141 744 tuo
161 703 285 744 mortuus
307 710 383 759 sum;
412 702 439 746 et
461 696 530 746 dura
556 696 626 747 sicat

95 763 218 829 infernus
237 765 381 829 aemulatio,
404 766 469 832 quia
492 767 519 816 in
543 767 625 818 nullis

91 838 265 889 tentamentis
279 838 398 890 hostium
413 855 429 890 a
441 850 540 891 nostrae
551 841 625 890 salu-

91 906 129 958 tis
143 922 207 958 cura
221 908 335 959 revocati
346 909 442 974 potuit,
455 911 525 960 sicut
540 910 625 961 infer-

95 994 147 1030 nus
171 979 253 1030 nullis
280 981 441 1032 miserorum
461 982 625 1033 cruciatibus

95 1052 242 1118 mitigatur.
258 1055 314 1104 Pet·
324 1055 423 1105 multas
437 1070 500 1122 ergo
516 1056 627 1109 tribula-

95 1125 181 1176 tiones
187 1133 292 1190 oportet
304 1141 352 1178 nos
363 1127 465 1179 intrare
474 1128 500 1178 in
510 1143 624 1194 regnum

96 1195 243 1260 coelorum;
256 1198 336 1263 'quod
351 1198 418 1248 bene
436 1197 566 1264 figuratur
581 1214 626 1264 per

95 1266 147 1324 hpc
167 1267 240 1330 quod
262 1282 327 1317 crux
347 1268 455 1333 ponitur
470 1269 540 1318 inter
558 1268 626 1318 cho-

94 1352 155 1387 rum
178 1346 204 1386 et
224 1338 355 1387 cancellos
380 1339 506 1401 ecclesiae,
532 1348 562 1388 ut
577 1338 624 1405 qui

94 1409 209 1459 chorum
235 1409 334 1459 intrare
358 1410 501 1471 voluerint,
529 1412 626 1462 vadant

94 1479 146 1530 sub
169 1495 254 1538 cruce,
276 1478 340 1544 quia
360 1480 394 1528 ab
418 1480 534 1531 Ecclesia
551 1481 625 1530 mili-

95 1558 170 1599 tante
182 1549 215 1598 ad
229 1548 454 1614 triumphantem,
477 1565 558 1600 nemo
573 1551 625 1601 nisi

95 1634 142 1685 per
158 1633 263 1669 crucem
285 1629 371 1684 potest
390 1619 495 1671 intrare.
510 1621 626 1670 Multum

93 1688 194 1756 quippe
210 1688 294 1753 placet
308 1689 373 1748 Deo,
389 1689 462 1755 quod
477 1689 560 1739 homo
573 1705 626 1740 me-

94 1760 209 1810 moriam
224 1759 359 1810 Passionis
371 1770 397 1810 et
411 1761 554 1812 vulnerum
569 1762 626 1826 eius

93 1841 179 1897 portet
193 1829 222 1879 in
237 1830 315 1880 corde
330 1846 388 1881 suo.
404 1831 532 1882 Narratur
550 1832 624 1883 enim

94 1903 244 1969 quodcum
261 1901 372 1968 quidam
386 1903 496 1953 eremita
509 1904 625 1955 sanctis-

95 1974 172 2026 simae
187 1974 247 2025 vitae
261 1974 392 2026 instanter
404 1975 554 2027 Dominum
567 1993 626 2027 exo·

95 2054 173 2106 raret,
191 2054 223 2095 ut
245 2044 297 2094 sibi
319 2046 470 2096 ostenderet
487 2047 560 2113 quod
574 2047 625 2097 sibi

95 2118 165 2169 inter
178 2127 264 2169 cetera
278 2118 386 2170 servitia
404 2120 491 2186 magis
506 2129 626 2186 accepta-

96 2200 151 2253 ret;
176 2189 244 2240 vidit
259 2190 396 2240 hominem
418 2192 521 2253 nudum
541 2192 627 2258 trepi-

94 2263 203 2314 dantem
219 2262 328 2329 frigore,
345 2273 371 2313 et
383 2279 489 2315 crucem
503 2279 626 2330 magnam

54 2382 56 2387 .
96 2352 179 2401 super
194 2351 223 2386 se
247 2336 418 2402 bajulantem,
444 2347 470 2388 et
493 2336 546 2388 sibi
566 2337 627 2404 quis

95 2419 165 2470 esset
179 2409 355 2475 interroganti
370 2408 501 2461 dicentem
524 2427 531 2461 ι
551 2410 628 2461 Jesus

96 2479 222 2530 Christus
249 2495 298 2545 ego
326 2491 397 2530 sum.
418 2480 526 2547 Rogasti
553 2480 626 2531 enim

98 2566 142 2601 me
157 2559 187 2601 ut
207 2550 256 2600 tibi
272 2553 442 2602 ostenderem
463 2552 536 2619 quod
557 2552 629 2602 inter

96 2631 184 2672 cetera
195 2620 303 2670 servitia
318 2622 387 2672 mihi
405 2622 491 2687 magis
505 2623 627 2688 compla-

96 2700 177 2753 ceret,
198 2700 224 2740 et
239 2706 312 2741 nunc
326 2691 375 2741 tibi
392 2691 452 2741 dico
467 2692 540 2757 quod
565 2692 625 2751 hoc,

95 2761 198 2813 scilicet
219 2762 292 2827 quod
306 2761 369 2828 quis
384 2762 467 2812 homo
489 2762 561 2828 juvet
583 2778 627 2813 me

97 2844 204 2900 portare
220 2849 328 2884 crucem
342 2850 440 2896 meam,
461 2845 487 2885 et
505 2836 625 2895 vulnera,

19 2924 22 2929 ⁴
96 2915 123 2957 et
137 2905 291 2957 Passionem
306 2906 333 2955 in
348 2907 427 2957 corde
439 2923 499 2958 suo.
510 2898 558 2959 'Et
570 2907 626 2958 haec

94 2978 185 3029 dicens
199 2977 316 3029 evanuit.
331 2978 443 3029 Crucem
459 2978 566 3029 Domini
579 2980 626 3030 de-

94 3048 190 3099 bemus
204 3048 331 3115 bajulare,
343 3058 369 3099 et
382 3049 471 3114 juvare
486 3065 549 3100 eum
563 3065 625 3116 por-

94 3128 159 3181 tare,
173 3131 200 3171 et
212 3121 263 3172 hoc
280 3138 287 3172 :
303 3121 332 3171 in
346 3122 434 3182 corde,
443 3137 489 3188 per
502 3121 626 3173 recorda-

95 3192 198 3244 tionem
220 3204 246 3244 et
269 3193 497 3260 compassionem
525 3193 553 3244 in
570 3209 625 3253 ore,

95 3278 144 3329 per
157 3263 279 3315 crebram
294 3272 320 3314 et
342 3265 466 3315 devotam
480 3265 625 3334 gratiarum

96 3333 244 3397 actionem
263 3333 291 3383 in
313 3349 433 3400 corpore,
449 3350 496 3402 per
510 3333 626 3400 flagella-

95 3404 199 3457 tionem
216 3416 243 3456 et
255 3404 465 3471 castigationem,
488 3417 518 3457 ut
532 3407 627 3457 Salva-

94 3475 146 3526 tori
159 3487 254 3527 nostro
265 3473 353 3538 corde,
368 3493 415 3529 ore
428 3488 455 3529 et
477 3493 556 3544 opere
570 3492 627 3545 gra·

94 3544 148 3595 tias
160 3561 280 3612 agamus.

125 3632 144 3680 4
165 3617 295 3670 Nouanus
315 3634 458 3671 vutusttuu
472 3621 583 3671 Cnatsrt
599 3634 626 3669 ru

92 3702 173 3738 ssrtsu
183 3705 326 3742 ttrrsaatt
340 3708 373 3742 ar
387 3707 506 3744 ursrreo.
519 3721 550 3731 -
566 3690 627 3743 Cui·

92 3760 153 3811 dam
178 3762 259 3813 etiam
280 3764 337 3815 seni
361 3774 491 3816 matronae
517 3765 626 3815 reclusae

92 3831 292 3885 multitudinem
305 3845 332 3886 et
343 3850 487 3887 numerum
500 3835 624 3887 omnium

91 3902 234 3956 vulnerum
250 3905 352 3958 Christi
365 3906 433 3959 scire
452 3905 581 3975 cupienti,
598 3913 624 3956 et

1200 243 1208 265 Ι

377 291 550 343 SECUNDAE
568 292 691 344 PARTlS
707 295 823 349 CAPUT
840 300 929 352 LVlll.

680 427 728 478 pro
753 413 802 464 hac
825 431 853 468 re
875 415 1000 468 flebiliter
1013 418 1099 469 Deum
1113 420 1209 480 oranti,

679 499 731 534 vox
745 484 836 538 coelica
852 488 934 539 missa
955 488 1023 539 dixit
1046 506 1053 540 ι
1081 489 1211 556 Quinque

679 554 766 606 millia
782 559 975 624 quadringenta
990 559 1135 625 nonaginta
1147 560 1210 610 vul-
1237 600 1240 621 ,,

679 642 743 677 nera
760 627 812 677 mei
827 630 945 694 corporis
960 628 1136 694 eustitert‘mt;
1150 645 1209 695 quae

678 696 702 746 si
717 699 837 749 venerari
849 700 975 764 volueris,
993 699 1142 750 orationem
1159 701 1211 750 Do-

680 768 810 820 minicam
825 786 887 821 cum
908 771 1068 822 salutatione
1081 770 1209 836 Angelica

679 838 833 904 quindecies
858 842 979 908 quotidie
1001 842 1028 892 in
1050 840 1207 891 memoriam

681 909 817 961 Passionis
846 927 914 963 mete
940 912 1089 979 replicabis,
1115 912 1209 979 sicque

679 995 752 1030 anno
774 983 894 1033 revoluto
911 984 1124 1050 unumquodque
1146 980 1208 1034 viss-

679 1065 731 1100 nus
757 1052 945 1103 venerabiliter
975 1053 1110 1104 salutabis.
1147 1053 1209 1103 Haec

678 1119 764 1170 oratio
778 1121 853 1172 valde
864 1123 947 1188 placet
962 1123 1027 1180 Deo.
1039 1133 1118 1190 prout
1132 1133 1208 1189 post-

679 1191 791 1240 modum
811 1194 955 1242 revelatum
975 1193 1026 1243 fuit
1039 1193 1146 1244 cuidam
1161 1208 1209 1244 so-

678 1262 776 1314 litario.
800 1265 836 1314 Et
863 1265 990 1332 accipitur
1013 1266 1057 1316 hie
1080 1281 1209 1316 numerus

678 1336 825 1387 secundum
851 1353 953 1388 annum
982 1337 1156 1398 bissextilem,
1178 1349 1209 1388 ut

679 1423 785 1475 semper
797 1409 916 1461 sufficere
927 1411 1028 1476 possit;
1041 1410 1106 1475 quia
1119 1410 1210 1460 minor

680 1494 810 1530 numerus
836 1495 917 1546 quem
942 1481 1053 1546 quidam
1084 1492 1208 1546 ponunt,
1243 1508 1249 1515 ·

678 1550 778 1606 seilicet
790 1552 911 1618 quinque
921 1551 1006 1602 millia
1015 1551 1210 1618 quadringenta

678 1621 847 1686 septuaginta
875 1623 1014 1689 quinque,
1043 1622 1102 1672 aliis
1129 1624 1209 1675 annis

678 1701 793 1754 tantum,
817 1696 944 1745 sednon
968 1697 1019 1746 hoc
1042 1694 1151 1747 sufficit.
1171 1697 1210 1746 De

679 1779 791 1815 numero
801 1766 944 1818 vulnerum
956 1766 1058 1818 Christi
1073 1776 1137 1817 sunt
1147 1783 1209 1818 ver-

679 1852 726 1887 sus
738 1836 804 1888 isti:

679 1977 808 2040 Mittitur,
820 1984 847 2028 ut
856 1977 965 2044 legitur,
982 1979 1054 2041 olim,
1070 1994 1126 2030 vox
1140 1979 1209 2049 coeli·

1080 2051 1120 2112 [ca
1142 2048 1209 2098 lenis

712 2119 766 2168 Cor
787 2117 933 2182 refovendo
956 2119 1028 2170 senis
1044 2118 1155 2186 flebilis,
1183 2123 1210 2166 ut

1054 2188 1210 2254 [sequitur.-

679 2261 716 2311 D.
742 2260 794 2311 duc
815 2261 944 2323 undecim,
960 2261 1001 2312 X.
1024 2262 1130 2325 dempta
1145 2261 1210 2312 sim-

1007 2334 1093 2399 [piice,
1108 2332 1212 2383 Christi

716 2405 792 2457 Unde
815 2405 950 2470 revixisti,
978 2406 1088 2457 vulnera
1114 2412 1210 2457 cuncta

1122 2480 1210 2542 [scies.

680 2622 734 2672 Tot
752 2622 853 2688 quippe
873 2621 982 2673 fuerunt
1002 2623 1111 2672 vulnera
1125 2620 1210 2671 Chri-

679 2691 723 2751 sti,
739 2690 893 2756 accipiendo
918 2691 1042 2742 videlicet
1060 2690 1211 2756 quamlibet

680 2763 784 2828 plagam
815 2761 1001 2828 flagellationis
1028 2776 1076 2826 pro
1100 2761 1211 2812 vulnere

679 2849 747 2898 un03
760 2843 786 2883 et
796 2843 956 2898 puncturam
970 2831 1111 2897 cujuslibet
1123 2833 1211 2898 spinae

680 2919 728 2970 pro
757 2919 822 2953 uno.
853 2903 936 2967 Cujus
961 2902 1072 2968 quidem
1101 2903 1209 2954 numeri

679 2987 767 3043 partes
787 2975 900 3041 singulae
915 2984 1067 3040 congruunt
1080 2975 1211 3040 mysterio

680 3048 817 3100 Passionis
852 3047 1011 3098 Dominicae.
1042 3045 1212 3098 Millenarius

678 3119 761 3182 enim,
781 3117 828 3184 qui
849 3128 889 3168 est
919 3117 1032 3167 ultimus
1051 3115 1130 3166 limes
1156 3133 1211 3166 nu-

679 3207 825 3254 merorum,
853 3190 977 3252 ultimam
1000 3200 1026 3240 et
1055 3203 1212 3252 supremam

679 3261 868 3330 perfectionem
896 3261 924 3311 in
951 3261 1000 3311 hac
1028 3260 1083 3312 vita
1104 3259 1211 3310 homini

679 3332 836 3400 possibilem
858 3330 987 3393 insinuat,
1010 3345 1092 3398 quam
1116 3330 1213 3396 utique

678 3402 803 3456 Christus
819 3401 848 3451 in
861 3416 909 3452 sua
928 3401 1053 3453 Passione
1065 3410 1091 3451 et
1104 3416 1213 3452 summe

678 3470 843 3538 adimplevit.
879 3471 1028 3531 Quinarius
1055 3481 1146 3521 autem
1176 3473 1209 3522 ad

679 3543 799 3610 quinque
811 3557 907 3593 sensus
921 3542 1041 3600 refertur,
1061 3540 1088 3590 in
1109 3540 1213 3606 quibus

679 3613 807 3664 omnibus
829 3611 955 3662 Christus
982 3625 1076 3676 passus
1097 3609 1159 3671 fuit,
1182 3621 1213 3660 ut

678 3701 774 3738 sensus
787 3695 894 3737 nostros
908 3684 1006 3734 nostris
1020 3683 1135 3750 peccatis
1149 3698 1212 3734 cot-

679 3766 774 3823 ruptos
812 3755 995 3819 reintegraret.
1033 3754 1212 3806 Centenarius

660 3861 663 3867 ·
679 3829 760 3882 etiam
784 3827 977 3896 perfectionem
1000 3837 1084 3879 notat.
1098 3828 1133 3888 Et
1149 3826 1211 3879 ideo

679 3917 726 3970 per
736 3900 933 3970 quadringenta
945 3898 1070 3966 perfectio
1082 3899 1151 3951 Novi
1162 3901 1213 3951 Te-
