2626 4328
455 261 502 313 DE
517 258 637 311 LAUDA
650 261 784 318 DlVlNA.

554 483 693 534 ORATIO

94 654 158 704 Jesu
172 653 284 717 largitor
299 651 434 701 donorum
454 649 591 712 omnium,
609 651 656 718 qui
680 651 709 702 in
730 650 803 718 ignis
822 651 911 718 specie
934 666 1015 718 super
1034 651 1184 718 discipulos

64 737 127 776 tuos
141 723 241 774 misisti
253 721 383 788 Spiritum
398 723 536 782 Sanctum,
550 737 643 790 precor
657 732 683 772 et
694 722 816 782 obsecro,
839 722 972 788 piissime,
991 731 1022 774 ut
1044 722 1103 772 haec
1115 723 1185 773 dona

64 811 127 862 quae
142 792 269 859 discipuli
294 791 332 842 tui
356 793 388 843 de
406 804 451 844 tua
475 803 650 859 sumpserunt
664 793 794 860 largitate,
811 793 875 844 licet
886 794 1016 860 indignus
1031 808 1137 844 sumam
1152 793 1185 844 ad

64 870 181 920 salutem
196 882 293 926 meam,
308 875 334 916 te
348 866 496 933 largiente3
510 877 537 917 et
551 866 629 917 mitte
645 881 725 932 super
739 882 789 916 nos
806 883 898 918 servos
909 878 971 919 tuos
985 867 1117 934 Spiritum
1130 877 1184 918 tuae

64 940 192 1000 caritatis,
204 938 368 999 dilectionis,
383 951 409 990 et
423 940 505 1006 pacis,
519 939 566 1007 qui
582 941 662 990 corda
674 948 766 990 nostra
779 939 878 1000 visitet,
893 956 908 991 a
922 941 996 992 vitiis
1010 950 1114 1007 purget,
1126 940 1185 992 vir-

64 1012 171 1064 tutibus
185 1012 310 1071 illustret,
325 1011 353 1060 in
371 1011 480 1062 vinculo
493 1011 646 1062 dilectionis
666 1011 805 1078 astringat,
820 1011 924 1063 lumine
945 1023 998 1062 tuae
1020 1011 1185 1078 cognitionis

64 1087 192 1147 illustret,
216 1095 241 1136 et
264 1086 360 1135 ardore
376 1084 597 1136 tuae-dilectionis
611 1083 777 1149 inflammet3
797 1085 922 1137 condona
937 1085 1018 1136 nobis
1033 1093 1148 1151 peccata,
1161 1094 1188 1135 et

63 1161 135 1210 dona
148 1158 231 1210 vitam
245 1166 382 1208 aeternam.
396 1157 495 1208 Amen.
568 1189 570 1195 ,

442 1561 609 1632 CAPUT
632 1561 798 1630 LXXXV

453 1821 507 1890 De
528 1820 632 1890 laude
656 1820 789 1892 divina.

102 2087 111 2123 1
129 2071 230 2121 Laurus
246 2074 397 2121 nrvma'nu
419 2085 492 2129 Quart
506 2058 602 2120 casati

67 2157 152 2194 surius
167 2156 362 2192 couuennnrro.
381 2169 411 2180 —-
426 2142 461 2191 Et
477 2140 543 2208 quia
556 2141 601 2191 di·

67 2223 142 2263 etum
157 2223 197 2261 est
207 2212 239 2261 de
251 2211 330 2261 laude
346 2211 447 2271 divina,
465 2227 519 2278 qua
532 2226 602 2261 sent-

69 2298 115 2349 per
127 2282 214 2332 Deum
228 2282 336 2331 laudare
349 2282 490 2342 debemus,
502 2280 601 2332 idcirco

68 2363 264 2418 consequenter
288 2353 321 2401 de
346 2367 375 2402 ea
401 2351 601 2418 aliquantulum

69 2424 152 2473 latius
173 2424 322 2475 videamus.
343 2425 478 2474 immensa
501 2423 602 2490 quippe

69 2494 206 2546 Creatoris
219 2505 245 2546 et
264 2496 418 2547 Conditoris
442 2496 481 2547 tui
499 2495 602 2547 benefi-

70 2566 122 2626 cia,
135 2580 196 2632 quae
211 2566 270 2628 tibi,
286 2584 301 2617 0
317 2567 407 2617 anima
421 2582 490 2629 mea,
505 2567 539 2617 ab
559 2581 600 2627 eo,

69 2652 133 2688 cum
148 2647 174 2688 te
195 2652 227 2688 ex
247 2637 334 2688 nihilo
354 2636 452 2688 creavit
466 2648 491 2687 et
505 2637 602 2688 condi·

69 2707 119 2771 dit,
138 2707 235 2758 collata
255 2718 331 2769 sunt,
346 2709 379 2758 ad
395 2706 519 2758 debitum
535 2723 602 2758 eon·

68 2777 152 2827 tinuae
179 2776 356 2837 dilectionis,
393 2792 423 2828 ae
454 2777 602 2843 gratiarum

68 2846 183 2897 actionis
206 2857 232 2896 et
256 2847 344 2897 laudis
369 2848 468 2914 jugiter
484 2847 602 2898 redden-

68 2917 136 2968 dum
159 2928 184 2969 te
211 2918 372 2984 astringunt.
398 2920 439 2968 Ad
460 2919 512 2969 hoc
527 2919 602 2969 enim

69 3003 132 3038 curn
159 3003 215 3038 non
240 3003 322 3048 esses,
348 2989 405 3038 sola
431 2997 458 3038 et
486 2988 603 3054 gratuita

69 3061 191 3112 bonitate
207 3061 281 3113 illius
299 3072 393 3124 creata,
411 3071 438 3111 et
453 3061 486 3110 ad
501 3060 603 3111 simili·

70 3133 191 3185 tudinem
206 3134 255 3185 Dei
270 3133 338 3184 facta
359 3149 396 3193 es,
418 3144 448 3184 ut
460 3148 523 3182 eum
538 3131 604 3183 dili-

69 3206 158 3270 gendo
174 3220 281 3271 semper
304 3215 329 3255 et
352 3204 410 3254 sine
425 3204 480 3254 fine
499 3203 603 3255 collau-

70 3275 127 3325 des.
149 3276 224 3326 Unde
243 3275 387 3326 Anselmus
414 3293 423 3327 .-
449 3292 463 3321 a
488 3273 602 3340 Evigila,

69 3346 161 3397 anima
174 3363 242 3408 mea,
258 3347 372 3412 evigila;
383 3348 490 3398 adhoere
502 3345 604 3397 divinis

71 3417 161 3482 bonis,
176 3418 287 3470 intende
301 3419 484 3483 sempiternis,
502 3428 604 3484 tempo·

70 3490 173 3541 talibus
182 3492 327 3542 derelictis.
343 3490 490 3541 Considera
502 3491 531 3540 in
542 3490 603 3556 ipso

70 3562 215 3612 creationis
232 3562 354 3622 exordio,
380 3561 447 3627 quid
473 3560 604 3613 sublimi-

70 3635 143 3695 tatis,
163 3635 230 3701 quid
251 3634 390 3702 dignitatis
406 3635 537 3685 Conditor
551 3633 602 3686 tibi

70 3710 236 3770 contulerit3
251 3718 278 3759 et
292 3708 425 3774 perpende
435 3724 491 3775 quo
500 3723 603 3773 amore,

71 3796 126 3846 qua
139 3782 312 3833 veneratione
323 3782 453 3833 colendus
466 3781 510 3833 sit.
525 3781 604 3832 Certe

72 3866 135 3902 cum
160 3851 364 3904 universitatem
392 3867 483 3902 rerum
505 3850 603 3903 visibi-

652 2068 721 2121 lium
741 2077 767 2120 et
785 2070 977 2132 invisibilium,
992 2088 1085 2126 creans
1097 2084 1123 2127 et
1137 2092 1187 2129 or-

652 2140 751 2191 dinans
770 2140 920 2191 humanam
949 2153 1072 2194 naturam
1099 2146 1186 2200 facere

652 2211 841 2277 disposuisset,
872 2227 981 2262 summo
1009 2215 1126 2266 consilio
1153 2219 1187 2269 de

652 2291 706 2332 tuae
726 2281 893 2332 conditionis
909 2282 1041 2348 dignitate
1055 2287 1187 2349 tractavit,

652 2361 745 2419 utpote
759 2368 842 2418 quarn
855 2353 952 2403 ceteris
967 2355 1106 2415 creaturis,
1122 2371 1184 2422 quae

654 2423 683 2473 in
709 2423 813 2473 mundo
839 2432 916 2486 sunt,
944 2423 1025 2474 altius
1050 2425 1187 2478 honorare

653 2493 798 2559 disposuit.
809 2493 877 2544 Vide
893 2493 978 2558 igitur
989 2494 1187 2548 sublimitatem

653 2572 706 2614 tuae
723 2563 876 2622 creationis,
892 2574 918 2615 et
936 2574 1047 2616 retracta
1062 2566 1186 2618 debitum

653 2636 781 2687 reddendi
814 2637 924 2689 amoris.
951 2638 1118 2704 Faciamus,
1151 2641 1189 2693 ait

653 2705 744 2766 Deus,
771 2706 902 2758 homiaem
931 2707 969 2758 ad
993 2709 1139 2776 imaginem
1162 2715 1189 2761 et

653 2777 858 2829 similitudinem
900 2785 1031 2830 nostram.
1073 2779 1188 2831 Attende

654 2847 739 2913 igitur
753 2847 898 2914 diligenter
919 2849 985 2914 quid
1004 2849 1049 2908 sit,
1064 2849 1102 2900 ad
1116 2849 1188 2899 ima,-

653 2918 744 2983 ginem
757 2924 784 2968 ei
796 2918 999 2969 similitudinem
1012 2919 1066 2968 Dei
1085 2927 1111 2968 te
1130 2933 1189 2968 esse

653 2997 778 3038 creatam.
793 2989 917 3053 Agnosce
929 2987 1001 3037 aliud
1017 3002 1076 3038 esse
1091 2987 1190 3039 simili-

654 3059 781 3123 tudinem,
799 3061 873 3110 aliud
897 3061 1042 3126 imaginem
1067 3078 1076 3112 .·
1102 3070 1190 3126 potest

653 3130 727 3181 verbi
748 3131 833 3197 gratia
858 3130 957 3181 habere
979 3130 1190 3182 similitudinem

634 3264 637 3270 Ι
654 3202 799 3268 quamdam
818 3216 880 3252 cum
896 3201 1009 3252 homine
1019 3216 1115 3268 equus,
1128 3202 1188 3266 bos,

654 3283 680 3324 et
694 3283 789 3325 ceterae
805 3273 910 3325 similes
927 3286 1072 3338 creaturae;
1089 3274 1190 3342 imagi·

654 3361 718 3396 nem
732 3360 795 3396 vero
809 3344 930 3396 hominis
953 3361 1008 3396 non
1025 3345 1116 3406 habet,
1133 3344 1186 3397 nisi
1266 3383 1268 3387 ,

653 3417 720 3468 alter
733 3417 829 3467 homo.
843 3417 987 3468 Manducat
999 3416 1092 3477 homo,
1107 3432 1189 3468 man-

654 3491 732 3540 ducat
743 3500 770 3540 et
784 3505 880 3551 equus,
893 3505 952 3540 ecce
966 3490 1092 3556 quaedam
1107 3489 1189 3540 simi·

654 3559 751 3623 litudo,
769 3575 799 3610 ac
814 3559 971 3610 communis
992 3559 1063 3611 inter
1080 3571 1189 3612 naturas

654 3631 790 3694 diversas;
817 3630 966 3696 imaginem
983 3646 1046 3683 vero
1065 3630 1190 3682 hominis

656 3721 709 3756 non
726 3705 857 3765 imitatur,
872 3704 925 3756 nisi
940 3706 1008 3757 alter
1024 3707 1107 3757 homo
1122 3705 1191 3770 ejus·

654 3779 716 3829 dem
734 3788 845 3838 naturae,
861 3778 938 3841 cujus
952 3777 1043 3845 imago
1064 3787 1112 3828 est.
1137 3774 1192 3826 Di·

655 3849 735 3916 gnior
753 3849 837 3915 igitur
857 3858 897 3901 est
921 3848 1022 3916 imago,
1042 3862 1124 3914 quam
1150 3844 1190 3907 st,
