2626 4328
504 250 551 302 DE
567 248 687 302 LAUDE
702 249 836 303 DlVlNA.

97 389 141 424 me
171 371 284 421 dulciter
311 369 343 420 ad
375 379 399 419 te
427 367 541 418 traxisti.
570 365 632 417 nh!

96 457 204 494 summa
244 452 269 491 et
306 437 502 489 inaestimabilis
532 436 631 504 pietas,

94 513 229 580 numquid
250 512 277 562 in
291 511 335 562 his
354 511 481 560 omnibus
495 509 629 575 meipsum

96 586 209 637 alaude
228 585 365 636 continere
389 582 501 650 potero?
523 584 633 649 Nequa-

96 675 198 727 quam,
224 659 295 719 Deus
325 673 419 716 meus,
446 655 632 706 misericordia

96 744 166 780 mea.
181 729 235 778 >Pro
250 727 293 776 his
316 727 443 776 omnibus
463 735 490 778 et
508 725 569 776 aliis
584 724 631 774 in·

98 798 221 850 numeris
236 797 373 848 beneficiis
384 808 447 863 opto
459 806 486 848 et
499 795 631 854 desidero,

97 882 127 923 ut
142 872 204 922 talis
225 881 354 936 tanquam
377 871 493 937 jucunda
513 869 631 920 laudatio

97 946 133 996 sit
148 944 197 995 tibi
224 959 256 994 ex
277 959 330 1006 me,
347 943 435 1010 qualis
459 941 511 993 fuit
537 942 630 992 beato-

98 1033 159 1066 rum
183 1014 330 1082 spirituum
349 1015 417 1074 laus,
439 1024 503 1064 tunc
516 1028 579 1064 cum
599 1011 628 1062 in

98 1089 187 1154 primo
221 1095 329 1153 aspectu
366 1095 419 1135 tuae
449 1083 631 1134 divinissimae

97 1157 244 1224 majestatis
257 1156 410 1223 gaudebant
427 1169 456 1204 se
470 1153 632 1204 aeternaliter

100 1228 129 1279 in
154 1237 200 1278 tua
223 1228 302 1279 laude
328 1225 516 1288 confirmatos;
545 1224 631 1274 malos

99 1314 161 1350 vero
175 1309 228 1349 ate
243 1298 302 1348 sine
320 1297 374 1347 fine
394 1297 527 1346 detrusos.
542 1295 627 1345 Item-

99 1386 161 1437 que,
189 1380 244 1421 tarn
270 1384 367 1434 magna
389 1377 499 1433 tamque
518 1366 635 1432 jucunda

98 1443 133 1493 sit
146 1442 192 1492 illa
205 1441 332 1500 laudatio,
352 1448 453 1506 quanta
466 1448 507 1489 est
520 1437 630 1489 anima-

99 1530 160 1565 rum
188 1524 360 1574 sanctarum,
392 1528 454 1562 cum
488 1527 502 1560 a
531 1525 634 1560 carcere

98 1581 245 1654 purgatorii
263 1595 358 1650 ereptae
373 1585 449 1634 vultu
468 1582 560 1648 gloriae
576 1592 635 1639 tuae,

99 1659 188 1725 primo
205 1668 412 1725 praesentantur,
438 1665 469 1706 ut
492 1665 565 1706 tuam
591 1655 635 1719 ju-

99 1731 215 1781 cundam
255 1730 350 1780 faciem
391 1728 568 1791 intueantur3
608 1735 635 1775 et

98 1813 199 1868 quanta
216 1801 268 1852 erit
282 1801 342 1850 laus
358 1799 386 1849 in
404 1797 500 1864 plateis
514 1797 632 1849 coelestis

98 1873 257 1931 Jerusalem,
281 1881 342 1936 post
368 1869 476 1920 finalem
505 1867 631 1919 omnium

101 1945 349 2005 Resurrectionem,
374 1943 485 2010 quando
512 1937 590 1992 electi
619 1955 635 1991 a

101 2017 181 2066 malis
194 2015 324 2082 segregati
339 2017 425 2064 Deum
439 2013 559 2078 jucundo
570 2026 634 2062 cor-

100 2088 133 2139 de
150 2088 307 2146 laudabunt,
324 2101 354 2136 ac
373 2086 406 2136 de
421 2100 469 2136 sua
485 2084 632 2135 salvatione

101 2158 261 2210 aeternaliter
285 2157 481 2223 gloriabuntur.
497 2155 522 2205 Ο
537 2169 634 2205 aman·

100 2229 208 2281 tissima
218 2228 359 2294 sapientia,
373 2228 480 2278 bonitas
490 2227 634 2289 immensa,
655 2242 658 2248 ·

102 2313 128 2351 te
152 2316 254 2366 precor,
277 2298 308 2351 ut
321 2300 397 2349 omni
411 2314 489 2349 mane
512 2297 632 2348 diluculo

101 2388 164 2422 cum
177 2373 210 2422 ad
225 2383 250 2422 te
265 2385 415 2433 surrexero,
430 2380 456 2421 et
470 2371 562 2420 oculos
576 2383 636 2434 ape·

104 2458 193 2503 ruero,
214 2444 295 2493 simul
316 2457 425 2509 quoque
438 2456 484 2492 cor
499 2455 591 2491 meum
606 2439 634 2490 in

102 2526 148 2566 tua
175 2516 255 2566 laude
282 2516 429 2581 aperiatur,
456 2529 487 2564 ac
515 2514 634 2579 quodam

103 2584 215 2636 lucifero
231 2587 382 2652 splendore,
402 2596 428 2636 et
447 2585 574 2636 flammeo
588 2599 635 2635 ar-

103 2660 169 2708 dore
182 2659 270 2709 laudis
284 2671 337 2709 tuae
352 2658 438 2709 facula
453 2658 588 2708 immensa
602 2672 634 2708 ex

103 2745 135 2780 eo
149 2729 232 2780 simul
254 2741 387 2796 exsurgat.
406 2729 441 2780 Et
455 2738 516 2795 peto
526 2738 563 2779 .ut
578 2728 637 2778 haec

103 2801 161 2851 laus
177 2811 232 2851 tam
255 2801 353 2851 blande
373 2811 399 2852 et
415 2800 533 2851 suaviter
555 2814 633 2849 reso-

105 2881 150 2921 net
179 2870 208 2920 in
233 2871 312 2921 corde
339 2882 386 2921 tuo
420 2879 540 2936 paterno,
565 2869 637 2920 sicut

104 2956 202 2992 sonare
229 2942 370 2992 consuevit
391 2957 440 2992 suo
470 2941 552 2990 modo
574 2953 638 2989 om-

104 3013 181 3063 nium
191 3013 409 3072 citharaedorum,
424 3027 454 3063 ac
462 3011 635 3062 musicalium

105 3085 348 3135 instrumentorum
372 3083 462 3134 suavis
487 3081 638 3134 modulatio

107 3156 136 3208 in
152 3157 232 3207 corde
250 3157 376 3222 iucundo,
402 3166 472 3206 statu
493 3153 640 3220 juventutis

109 3226 216 3277 florido.
231 3228 265 3277 Et
278 3227 306 3277 in
321 3227 371 3278 hac
386 3225 473 3276 laudis
496 3223 582 3275 facula
599 3224 641 3276 si-

110 3297 167 3347 mul
181 3298 307 3348 ascendat
321 3307 373 3348 tuae
391 3295 479 3347 laudis
501 3305 556 3346 tam
570 3294 640 3344 odo-

108 3365 188 3418 rifera
211 3367 280 3418 fumi
294 3367 399 3434 virgula
414 3383 421 3417 :
435 3376 492 3418 tam
512 3363 638 3432 gratiosa,

108 3437 175 3487 acsi
199 3447 270 3488 esset
290 3436 438 3503 composita
455 3452 487 3487 ex
509 3435 640 3487 omnibus

108 3511 277 3560 aromatibus
303 3509 421 3575 myrrhae
446 3519 473 3560 et
496 3508 599 3570 thuris,
611 3518 639 3560 et

109 3579 231 3631 universi
247 3580 365 3646 pulveris
376 3578 547 3646 pigmentarii
559 3595 568 3646 ς
582 3589 639 3631 tam

109 3650 242 3715 speciosa,
268 3651 338 3702 sicut
360 3665 424 3701 cum
447 3650 547 3702 vernali
568 3660 641 3703 tem-

111 3736 177 3787 pore
196 3722 276 3773 flores
300 3723 444 3773 herbarum
466 3723 600 3790 pullulant
611 3722 641 3774 in

110 3792 223 3859 campis,
235 3780 382 3845 *coloribus
406 3794 537 3862 pulchris,
556 3803 583 3846 et
596 3807 642 3846 ar·

111 3864 191 3916 bores
208 3875 280 3917 stant
295 3865 439 3918 frondibus
451 3866 642 3934 ornam-gra·

1168 253 1221 321 787

688 366 724 419 tis
744 369 894 436 odoribus;
914 371 1004 438 sitque
1029 371 1117 422 laudis
1144 371 1226 437 hujus

688 437 784 501 facula,
812 452 867 493 tam
892 459 1017 496 amorosa
1039 455 1066 495 et
1088 442 1224 502 deliciosa,

688 521 719 562 ut
736 513 764 562 in
781 529 810 564 ea
830 517 900 567 oculi
923 517 962 568 tui
977 515 1170 568 delectabiliter
1183 514 1225 566 fe·

690 594 791 646 rantur,
807 596 916 654 totaque
932 588 1047 640 coelestis
1061 588 1122 638 aula
1137 588 1225 637 resul-

689 662 727 704 tet
736 670 744 718 ;
771 666 797 707 et
822 657 880 709 haec
907 659 1024 726 jugiter,
1050 659 1112 710 sine
1139 658 1225 709 inter·

690 727 842 794 missione,
870 731 1053 784 fervidissimo
1087 742 1173 792 aestu,
1200 741 1226 782 et

690 801 864 867 rapidissimo
888 807 977 857 calore
997 805 1037 857 tui
1061 804 1161 855 amoris
1175 821 1224 856 ex-

690 884 782 941 surgat
797 892 805 926 :
820 890 852 926 ex
868 879 956 939 corde,
971 893 1019 943 per
1033 877 1157 929 devotam
1172 893 1225 928 me-

690 946 867 1013 ditationem3
887 966 919 1002 ex
928 951 1018 1010 labiis,
1032 967 1079 1017 per
1092 951 1222 1001 fervidam

691 1019 871 1087 locutionem3
894 1032 920 1073 et
939 1038 971 1073 ex
985 1023 1115 1072 omnibus
1132 1020 1224 1088 operi-

689 1091 742 1141 bus
759 1094 837 1153 meis,
852 1110 900 1160 per
912 1103 1031 1144 sanctam
1047 1108 1076 1144 ac
1090 1094 1226 1144 coelestem

689 1164 933 1217 conversationem.
948 1165 982 1216 Et
999 1164 1057 1215 haec
1077 1165 1164 1214 laudis
1179 1163 1223 1214 fa-

690 1235 749 1284 cula
772 1250 821 1286 sua
847 1237 948 1287 virtute
971 1251 1067 1285 omnes
1094 1234 1224 1285 inimicos

690 1307 819 1371 repellat,
851 1307 1106 1373 gratiamcaugeat,
1139 1305 1223 1356 finem

689 1376 797 1426 beatum
809 1377 939 1438 obtineat,
952 1387 977 1428 et
991 1377 1104 1444 gloriam
1117 1388 1224 1427 aeternae

689 1447 865 1499 beatitudinis
878 1449 1011 1514 acquirat,
1023 1459 1054 1500 ut
1068 1447 1132 1499 finis
1143 1448 1226 1513 hujus

687 1521 846 1585 temporalis
860 1519 957 1578 laudis,
972 1520 1007 1570 sit
1019 1519 1128 1570 initium
1143 1529 1224 1569 aeter-

690 1604 731 1640 nae
745 1591 833 1641 laudis
850 1590 943 1656 patriae
960 1590 1086 1642 coelestis.

721 1659 796 1712 5Ur
810 1662 883 1712 Daus
897 1677 930 1712 ar
943 1662 975 1712 D.
992 1661 1025 1712 N.
1039 1661 1063 1711 l.
1078 1661 1108 1711 C.
1124 1674 1221 1711 uarius

689 1747 842 1794 tnuuarua,
856 1750 963 1784 uanrnu
983 1751 1001 1784 a
1020 1748 1150 1784 raaaaurs
1163 1748 1220 1783 aas·

690 1803 813 1853 ranarius
847 1820 880 1854 ar
912 1820 961 1854 uos
988 1819 1076 1853 cumn:
1104 1817 1221 1853 curasrt

689 1887 829 1924 ruurscaaa
859 1890 988 1925 ursanus.
1013 1902 1044 1912 -
1068 1873 1105 1924 Ut
1133 1884 1224 1923 autem

688 1942 721 1992 ad
732 1943 781 1994 Dei
793 1944 900 1994 laudem
914 1943 1078 2010 provoceris,
1089 1943 1225 2003 abstrahe,

689 2029 795 2076 quaeso,
812 2025 930 2066 mentem
947 2027 1020 2067 tuam
1037 2015 1186 2075 aterrenis,
1199 2026 1226 2065 et

689 2085 746 2135 leva
763 2100 821 2135 eam
843 2087 875 2136 ad
901 2086 1027 2146 coelestia,
1052 2095 1109 2136 toto
1127 2094 1226 2135 conatu

689 2170 744 2220 quo
759 2156 874 2222 poteris3
888 2172 918 2206 ac
935 2157 1074 2219 considera
1088 2155 1226 2221 quomodo

689 2225 764 2276 illius
777 2227 893 2277 coelestis
907 2227 987 2277 curiae
1006 2227 1078 2277 cives
1091 2227 1227 2276 delectan-

689 2305 742 2357 tur,
770 2297 893 2362 jubilant,
908 2307 934 2348 et
960 2299 1094 2348 exsultant
1119 2297 1147 2346 in
1170 2296 1239 2346 Deo·

690 2368 843 2432 continue,
873 2369 1101 2436 singulorumque
1130 2367 1228 2434 gaudia

691 2455 884 2508 rememorans,
900 2443 1008 2494 tandem
1022 2452 1102 2508 prout
1117 2441 1226 2507 poteris,

690 2521 717 2561 et
743 2512 918 2578 permitteris,
936 2513 1003 2580 ipsis
1025 2511 1181 2564 laetantibus
1200 2521 1227 2562 et

691 2584 872 2648 jubilantibus
896 2586 1037 2652 reingere,
1053 2596 1079 2636 et
1092 2584 1225 2636 immisce.

692 2654 820 2706 Exclamo
839 2672 903 2723 ergo
919 2657 998 2721 corde
1012 2665 1078 2716 toto,
1095 2666 1120 2706 et
1135 2655 1178 2705 dic
1193 2670 1226 2705 ex

691 2724 892 2779 intimiscum
923 2726 1050 2778 Anselmo
1077 2742 1086 2776 .·
1114 2743 1128 2772 a
1156 2725 1228 2774 Deus

691 2811 780 2856 meus,
796 2797 862 2862 quid
880 2797 988 2859 melius,
1004 2795 1070 2862 quid
1082 2793 1228 2845 amabilius

691 2875 717 2916 te
739 2866 871 2917 aestimavi
893 2882 973 2932 super
994 2875 1102 2924 terram,
1116 2874 1147 2914 ut
1162 2863 1228 2914 abs·

692 2937 831 2988 traherem
853 2953 900 2987 cor
921 2952 1013 2986 meum
1035 2945 1099 2994 ate,
1114 2935 1146 2984 ad
1163 2950 1229 2985 con-

693 3007 885 3072 cupiscendum
899 3007 1050 3073 quidquam
1074 3004 1103 3055 in
1122 3005 1226 3055 mundo

692 3078 794 3144 absque
810 3077 858 3128 te?
876 3078 931 3128 Cur
944 3075 1051 3127 amavi?
1066 3075 1154 3136 Quare
1167 3092 1228 3126 con-

694 3147 784 3214 cupivi
799 3147 828 3198 in
842 3147 919 3198 omni
933 3147 987 3197 vita
999 3162 1058 3198 mea
1067 3146 1227 3213 quidquam,

693 3231 790 3287 praeter
820 3230 847 3272 te
874 3221 966 3279 lesum
994 3221 1080 3271 Deum
1110 3221 1228 3272 meum?

694 3293 783 3353 Quare
807 3291 920 3342 distuli?
946 3293 1002 3343 Cur
1021 3290 1154 3342 intermisi
1171 3293 1228 3343 ullo

693 3376 815 3432 tempore
836 3375 871 3426 te,
885 3366 957 3430 Jesu,
979 3381 1085 3416 versare
1097 3365 1124 3414 in
1139 3366 1228 3426 corde,
1257 3414 1259 3418 .

694 3446 720 3488 te
733 3446 788 3487 tota
803 3446 893 3487 mente
909 3436 1044 3507 amplecti,
1059 3447 1086 3487 et
1099 3433 1224 3488 delectari

695 3507 722 3557 in
740 3516 786 3557 tua
800 3507 962 3558 dulcedine?
986 3507 1042 3558 Cur
1065 3523 1120 3558 non
1135 3503 1226 3558 omnia

694 3579 826 3630 desideria
848 3595 908 3630 mea
923 3581 954 3630 ad
960 3589 995 3643 ,te
1009 3581 1127 3630 converti
1141 3581 1149 3630 ἰ
1164 3579 1224 3637 Quo

694 3652 837 3713 abierunt,
867 3653 975 3719 quando
1002 3662 1028 3704 te
1056 3653 1144 3703 solum
1170 3661 1224 3698 non

693 3724 828 3783 adierunt,
852 3723 945 3775 omnia
968 3723 1094 3775 interiora
1117 3716 1225 3786 spiritus

695 3794 771 3846 mei?
803 3794 857 3846 Ubi
887 3810 971 3857 eram,
1003 3793 1111 3860 quando
1137 3798 1224 3836 tecum

694 3869 851 3934 meatesnon
865 3868 955 3920 eram?
973 3867 1053 3928 Quod
1066 3862 1224 3922 efluxerunt,
