2626 4328
140 230 188 280 DE
204 231 392 283 CONCURSU
409 233 529 287 DiSClP.
546 234 593 284 ET
609 233 798 289 MULIERUM
815 238 861 291 AD
878 238 1126 291 SEPULCHRUM.
1156 240 1209 308 673

94 357 204 393 aranon.
219 344 297 394 -Et
310 347 471 398 describitur
491 347 623 414 Angelus,

94 424 201 479 aspectu
214 414 336 481 fulgureo
346 427 371 467 et
383 418 482 468 vestitu
492 417 606 468 candido
617 434 624 468 τ

95 495 126 537 ut
141 498 249 551 aspectu
265 489 351 539 malos
363 499 476 551 terreat,
492 499 518 540 et
529 489 626 540 vestitu

94 559 181 609 bonos
198 562 312 612 mulceat
326 564 359 612 ad
371 564 536 615 credendum
548 563 626 615 Chri·

93 629 129 680 sti
145 629 393 698 Resurrectionem
413 635 497 686 timor
512 634 586 685 enim
603 643 629 685 et

95 716 172 751 amor
192 702 291 753 debent
312 705 440 756 inclinare
459 707 492 756 ad
517 706 627 756 creden-

93 770 169 820 dum.
202 773 276 823 Erat
302 782 389 825 antem
413 781 537 843 aspectus
559 775 626 844 ejus,

95 844 167 893 sicut
177 843 288 910 fulgur,
304 847 366 912 quia
382 847 462 899 facies
476 850 533 914 eius
549 849 626 898 vide-

96 913 174 962 batur
187 913 274 979 ignea,
290 917 322 965 ad
339 917 525 969 incutiendum
538 928 626 969 terro-

94 999 152 1034 rem
179 987 360 1053 custodibus3
388 996 414 1040 et
446 990 627 1041 uestimentum

93 1056 154 1122 ejus
168 1057 238 1107 sicut
251 1059 319 1121 nix,
338 1060 370 1110 ad
387 1061 506 1111 dandum
527 1076 626 1112 conso-

96 1128 226 1179 lationem
245 1132 412 1184 mulieribus.
433 1134 534 1201 Fulgor
552 1133 626 1185 enim

92 1210 224 1250 terrorem
250 1204 357 1254 timoris
381 1204 503 1269 denotat;
529 1205 627 1255 candor

92 1288 156 1323 vero
194 1275 277 1325 vestis
309 1277 436 1341 gaudium
473 1269 622 1328 Dominicte

93 1344 306 1396 Resurrectionis
313 1347 463 1398 denuntiat.
472 1349 549 1399 Unde
560 1363 627 1398 usus

92 1416 215 1467 Ecclesiae
232 1418 323 1478 habet,
346 1430 376 1469 ut
397 1436 428 1470 eo
451 1424 571 1488 tempore
597 1420 624 1470 in

93 1485 210 1535 Ecclesia
231 1488 260 1537 in
284 1488 352 1539 albis
371 1491 494 1556 psallant;
511 1500 538 1541 et
559 1506 625 1541 con·

91 1557 206 1606 suetudo
227 1568 267 1608 est
289 1559 440 1611 Palaestinis
466 1561 524 1611 dies
543 1561 627 1611 festos

91 1627 301 1691 celebrantibus,
330 1642 360 1682 ut
383 1632 443 1684 alba
467 1632 627 1685 vestimenta

93 1699 216 1752 induant.
242 1703 355 1768 Propter
374 1705 447 1770 quod
474 1705 624 1756 subditur:

94 1770 163 1820 Prae
173 1771 267 1822 timore
283 1780 387 1836 autem,
405 1784 431 1824 et
447 1775 551 1840 fulgore
566 1776 627 1826 vul-

96 1850 141 1890 tus
165 1842 231 1906 ejus,
258 1845 384 1894 exten-riti
407 1852 469 1895 sunt
494 1847 625 1910 custodes,

96 1920 125 1960 et
137 1912 276 1978 stupefacti
296 1913 379 1964 instar
398 1926 567 1968 mortuorum
586 1917 626 1983 ja·
646 1966 648 1970 .

95 1992 186 2032 centes
206 1997 213 2031 t
238 1999 296 2032 ecce
313 1987 450 2050 quomodo
468 1988 554 2036 malos
573 1996 628 2038 ter-

95 2051 160 2115 ruit,
173 2062 199 2102 et
213 2053 251 2103 eis
265 2055 350 2104 durus
371 2055 431 2107 fuit.
457 2057 508 2107 Ubi
530 2057 627 2110 Raba-

95 2138 146 2175 nus
177 2143 187 2176 .·
219 2145 233 2172 a
261 2127 380 2179 Timonis
409 2131 541 2182 anxietate
565 2137 629 2182 sunt

93 2198 229 2260 exterriti,
246 2199 292 2264 qui
312 2201 412 2251 amoris
430 2201 557 2254 fiduciam
572 2219 628 2253 non

94 2267 238 2330 habebant,
257 2274 283 2319 et
290 2270 365 2336 faeti
386 2278 448 2322 sunt
460 2272 532 2322 uelut
554 2288 628 2324 mor-

93 2338 140 2400 tui,
154 2338 201 2404 qui
210 2341 422 2393 Resurrectioais
433 2344 632 2394 veritatemcre·

92 2408 154 2457 dere
174 2410 327 2462 noluerunt.
348 2431 362 2459 n
384 2413 417 2463 Et
442 2414 629 2464 Seuerianus.-

94 2497 108 2526 u
134 2479 330 2532 Custodiebant
359 2483 435 2533 enim
465 2483 629 2534 crudelitatis

94 2550 196 2611 studio,
212 2568 267 2601 non
285 2554 391 2618 pietatis
401 2553 544 2620 obsequio;
560 2564 630 2604 stare

95 2629 185 2670 autem
206 2638 260 2671 non
276 2634 372 2688 potest,
387 2640 469 2690 quem
485 2625 628 2675 conscien-

96 2693 135 2744 tia
148 2693 278 2757 destituit,
297 2696 410 2763 impellit
430 2708 558 2748 reatus.»
577 2696 629 2749 Hic

97 2775 169 2827 nota,
186 2768 259 2832 quod
279 2769 306 2818 in
326 2769 376 2820 hoc
396 2770 565 2836 cognoscitur
576 2771 628 2820 bo-

97 2853 150 2887 nus
172 2839 291 2903 Angelus
305 2855 320 2889 a
335 2840 420 2901 male,
444 2856 459 2891 a
483 2841 627 2906 principio.

97 2907 165 2956 Nam
180 2908 267 2958 bonus
292 2911 411 2976 Angelus
426 2926 433 2959 :
452 2910 482 2960 in
496 2910 627 2976 principio

96 2988 186 3044 terret,
208 2997 240 3031 ex
263 2998 313 3032 suo
340 2982 460 3048 fulgore;
485 2982 515 3032 in
537 2982 627 3033 medio

96 3050 238 3113 confortat,
265 3068 297 3102 ex
322 3068 370 3103 sua
396 3053 573 3118 allocutione;
599 3053 627 3104 in

95 3119 150 3170 fine
165 3121 291 3186 iaetiii2at,
315 3139 346 3173 ex
361 3123 483 3173 immissa
503 3123 628 3174 consola-

96 3194 180 3245 tione.
193 3193 280 3245 Malus
302 3205 391 3247 autem
408 3197 519 3263 angelus
533 3212 548 3247 e
561 3212 627 3246 con-

95 3279 175 3314 verso
191 3283 197 3314 :
217 3265 244 3314 in
261 3267 393 3332 principio
411 3276 501 3327 terret,
527 3282 559 3317 ex
579 3281 627 3317 sua

95 3335 221 3385 horribili
235 3352 313 3400 voce;
329 3338 357 3387 in
372 3338 461 3388 medio
473 3336 580 3404 decipit,
595 3353 628 3388 ex

94 3406 182 3456 fallaci
198 3408 391 3473 promissione3
406 3419 433 3459 et
453 3409 481 3459 in
495 3408 548 3459 fine
560 3424 628 3459 con·

95 3481 192 3540 tristat,
206 3497 238 3530 ex
251 3483 392 3532 subsecuta
405 3483 569 3549 deceptione.

128 3550 145 3601 8
171 3553 265 3604 Versa
286 3570 436 3612 Loquentis
461 3556 573 3606 Auunci.
597 3583 628 3592 -

96 3627 272 3692 Respondens
286 3635 372 3678 autem
386 3626 508 3693 Angelus
526 3627 628 3678 mulie-

96 3711 160 3747 rum
175 3696 344 3762 trepidationi
357 3706 385 3747 et
395 3697 542 3759 affectibus,
556 3697 631 3749 dixit

97 3768 139 3819 eis
158 3784 167 3819 :
184 3768 277 3818 Nolite
301 3769 391 3819 timere
404 3784 460 3820 vos.
474 3770 513 3820 Ac
533 3769 566 3830 si,
583 3785 627 3820 se-

97 3838 219 3889 cundum
243 3839 416 3906 Gregorinm,
433 3850 522 3907 aperte
538 3839 626 3891 dicat:

681 368 694 397 a
707 351 819 404 Paveant
834 354 872 405 illi
887 353 933 422 qui
948 371 1003 405 non
1015 365 1106 405 amant
1115 357 1211 408 adven·

679 431 738 472 tum
752 439 930 491 supernorum
941 421 1053 488 duium;
1072 427 1212 492 pertimes-

679 504 737 544 cant
747 497 793 562 qui
805 498 956 549 carnalibus
965 497 1104 549 desideriis
1114 498 1209 564 pressi,

679 565 711 614 ad
741 580 834 618 eorum
868 569 1023 619 societatem
1055 570 1208 636 pertingere

679 632 827 701 desperant.
845 639 900 689 Vos
914 649 1003 690 autem
1021 654 1067 689 cur
1082 635 1209 704 pertime-

679 705 762 768 scitis,
776 707 823 774 qui
839 724 929 760 servos
945 710 1002 775 ejus
1017 725 1098 776 quem
1112 711 1211 776 quaeri-

679 777 732 841 tisl,
760 788 787 829 et
811 790 914 830 vestros
942 781 1065 831 concives
1094 780 1212 832 videtis?

680 849 746 900 Ecce
771 852 908 917 quomodo
933 851 1018 903 bonos
1047 853 1165 914 mulcet,
1185 864 1211 904 et

678 920 717 970 eis
732 919 846 972 blandus
869 922 978 973 exstitit.
994 943 1007 970 u
1019 923 1048 972 In
1060 939 1115 990 quo
1130 925 1212 975 etiam

679 991 804 1053 ostendit,
819 993 882 1058 quia
896 993 1031 1043 Dominus
1042 993 1119 1044 iesus
1133 993 1211 1045 Chri·

678 1072 745 1122 stus,
759 1063 807 1129 qui
821 1074 860 1113 est
871 1063 993 1130 Angelus
1013 1065 1107 1130 magni
1121 1067 1211 1117 consi·

678 1134 710 1184 lii
723 1134 819 1195 dictus,
836 1134 865 1184 in
880 1136 1018 1186 ultima'et
1035 1138 1152 1202 generali
1167 1152 1211 1188 re·
1235 1160 1237 1164 ⁴

678 1206 842 1255 surrectione
864 1207 1001 1272 apparebit
1017 1217 1063 1256 :et
1084 1207 1211 1259 terribilis

678 1274 809 1340 reprobis,
821 1275 921 1342 quibus
935 1277 1004 1327 dicet
1019 1291 1025 1324 :
1041 1277 1179 1327 Discedite
1191 1293 1209 1328 a

679 1358 728 1407 me,
752 1345 897 1407 maledicti,
917 1345 944 1395 in
961 1347 1049 1411 ignem
1064 1353 1191 1396 aeternnm
1200 1365 1211 1410 ,-

677 1425 703 1465 et
717 1414 831 1465 blandus
846 1415 932 1480 justis,
948 1417 1047 1482 quibus
1057 1415 1126 1466 dicet
1141 1431 1148 1465 τ
1166 1415 1211 1468 Ve-

678 1487 739 1549 nite,
764 1487 894 1538 benedicti
919 1489 1016 1538 Patris
1038 1489 1097 1552 mei,
1116 1488 1211 1555 perci-

675 1559 732 1624 pile
742 1568 864 1626 regnunt.
879 1561 924 1611 Sic
940 1561 1093 1626 moraliter,
1115 1562 1213 1626 praela-

678 1639 722 1680 tus
750 1631 847 1692 bonus,
875 1630 923 1698 qui
951 1631 1069 1698 Angelus
1097 1631 1208 1682 Domini

678 1701 843 1751 exercituum
871 1711 920 1760 est,
946 1702 1097 1752 obstinatos
1120 1711 1211 1763 terret,

678 1782 705 1822 et
728 1772 888 1838 poenitentes
908 1773 1050 1823 demulcet.
1068 1773 1119 1823 Hic
1138 1773 1211 1823 enim

678 1851 805 1892 notantur
823 1843 884 1893 dua
898 1843 1075 1908 conditiones,
1090 1858 1151 1910 quae
1165 1844 1213 1894 de·

680 1913 745 1963 bent
767 1928 826 1963 esse
846 1913 875 1962 in
902 1915 997 1980 angelo
1021 1915 1166 1975 sacerdote,
1182 1928 1211 1964 ac

680 1983 798 2048 praelato,
812 1993 838 2034 et
848 1984 1021 2049 praedicatore
1036 2001 1043 2033 ε
1057 1984 1121 2050 quia
1135 1984 1214 2034 debet

681 2056 769 2122 primo
789 2071 925 2107 venenum
941 2057 1040 2123 peccati
1058 2073 1105 2121 per
1125 2066 1213 2106 terro-

680 2144 738 2179 rem
763 2128 947 2194 erstinguere;
970 2138 996 2178 et
1019 2129 1149 2188 secundo,
1166 2143 1213 2195 per

682 2201 803 2250 honestae
839 2199 1050 2250 conversationis
1091 2214 1211 2250 amorem

682 2272 768 2320 bonos
781 2271 894 2321 allicere.
917 2270 950 2320 Et
970 2269 1132 2335 subjungit:
1148 2269 1212 2320 Scio

681 2340 749 2390 enim
765 2341 836 2406 qnod
861 2341 954 2390 Jesum
968 2340 1141 2399 Salvatorem,
1167 2340 1213 2405 qui

680 2409 831 2478 crucifixus
847 2415 896 2474 est,
921 2410 1042 2476 quaeritis
1070 2410 1098 2459 in
1119 2409 1212 2476 sepul-

680 2480 745 2530 chro
756 2481 826 2530 sicut
838 2483 976 2530 mortuum
989 2496 995 2529 :
1007 2479 1053 2546 qui
1062 2480 1212 2546 crucifixus

679 2559 727 2616 est,
753 2552 861 2604 additur
882 2553 915 2603 ad
936 2552 1114 2603 differentiam
1139 2552 1209 2604 alio-

680 2639 750 2685 rum,
764 2623 811 2690 qui
827 2623 908 2676 etiam
927 2623 1038 2674 nomine
1051 2624 1114 2674 iesu
1129 2639 1209 2674 voca-

681 2697 794 2758 bantur;
810 2694 884 2755 item,
906 2693 1013 2745 additur
1033 2694 1065 2744 ad
1089 2693 1212 2744 beneficii

680 2767 816 2818 Passionis
830 2766 1125 2829 commemorationem,
1140 2765 1213 2815 unde

679 2841 826 2904 Apostolus
850 2856 857 2889 τ
885 2839 1046 2903 Recogitate
1079 2851 1137 2886 eum
1166 2835 1212 2901 qui

680 2910 759 2961 talem
781 2910 939 2960 sustinuita
952 2908 1139 2973 peccatoribus
1158 2905 1210 2957 ad·

680 2995 774 3033 uersus
786 2983 953 3048 semetipsum
968 2980 1214 3043 contradictionem,-

679 3053 755 3112 item,
777 3052 885 3101 additur
899 3051 931 3100 ad
949 3049 1212 3100 commendationem

680 3124 846 3184 mulierum,
875 3137 936 3188 quae
964 3132 991 3172 et
1015 3123 1106 3173 lesum
1132 3121 1212 3172 etism

679 3193 836 3245 crucifixum
855 3193 1029 3258 quaerebant:
1046 3192 1124 3241 multi
1139 3192 1212 3242 enirn

679 3269 771 3325 lesum
783 3273 925 3332 quarunt,
941 3264 967 3314 id
981 3275 1021 3314 est
1036 3263 1211 3325 Salinatorem,

680 3339 727 3388 sed
746 3354 800 3387 non
816 3335 983 3396 crucifixum,
1001 3335 1065 3402 quia
1087 3351 1140 3384 non
1165 3350 1214 3402 per

680 3424 794 3469 crucem,
808 3423 870 3458 cum
882 3416 972 3458 tamen
985 3407 1031 3456 ille
1045 3421 1101 3456 non
1114 3404 1166 3456 nisi
1181 3405 1210 3456 in

680 3477 1217 3544 istainueniatur.UndeChrysortomus:

681 3570 695 3597 a
709 3551 786 3602 Multi
807 3551 919 3601 libenter
934 3558 1059 3615 quaerunt
1075 3556 1213 3615 'purpura-

680 3634 749 3684 tum,
766 3622 812 3672 sed
832 3620 910 3687 pauci
929 3630 1055 3686 quaerunt
1070 3634 1133 3670 eum
1148 3634 1212 3670 cru-

680 3692 790 3744 cifixum
811 3692 854 3743 vel
880 3690 1064 3758 flagellatum)
1088 3691 1133 3749 sed
1160 3705 1210 3740 an-

681 3778 790 3833 tequam
832 3764 985 3814 inveniatur
1025 3772 1212 3829 purpuratus,

682 3838 770 3906 primo
803 3835 886 3904 quaeri
916 3836 997 3886 debet
1024 3835 1179 3901 flagellatus.
1200 3851 1214 3880 n
