2626 4328
155 218 209 271 632

153 334 186 384 ad
207 333 342 385 modicam
366 331 525 400 petitionem
547 328 622 379 dedit
645 328 686 379 la·

153 405 223 455 troni
242 420 357 470 regnum
379 403 523 465 coelorum3
538 399 591 450 t'uit
610 399 687 449 valde

153 479 252 543 largus,
260 476 290 527 in
305 475 471 536 redimendo,
483 473 548 539 quia
560 487 615 523 non
629 480 687 537 gut-

152 562 216 610 tam,
233 551 280 600 sed
295 560 382 601 totum
397 547 557 614 sanguinem
572 561 621 613 pro
635 560 686 595 no-

152 631 208 672 stra
235 619 420 684 redemptione
445 617 533 677 dedit,
557 616 630 667 unde
656 614 686 665 in

155 692 262 743 Psalmo
278 707 284 740 :
300 689 370 750 Quia
385 689 461 755 apud
475 687 619 738 Dominum
633 685 686 735 mi-

153 761 313 821 sericordia,
339 765 366 810 et
391 759 501 823 copiosa
529 757 603 824 apud
628 770 686 806 eum

153 831 307 898 redemptio.
319 831 380 881 Ideo
397 829 525 888 Ecclesia,
534 828 568 878 ad
585 826 686 877 simili-

153 903 276 953 tudinem
290 900 402 960 Christi,
416 912 456 951 est
473 899 554 950 hodie
569 897 685 947 multum

154 973 273 1024 liberalis
291 972 319 1022 in
341 972 452 1030 orando,
470 982 497 1021 et
511 968 628 1019 multum
641 967 686 1033 pia

154 1043 182 1093 in
211 1044 352 1109 parcendo.
377 1042 464 1092 Hodie
488 1041 569 1092 etiam
594 1039 686 1090 fideles

153 1115 277 1165 ecclesias
298 1130 402 1173 omnes,
427 1123 453 1163 et
470 1111 562 1162 altaria
577 1109 686 1160 visitare

153 1196 361 1246 consueverunt,
388 1185 465 1249 cujus
493 1182 590 1248 triplex
617 1179 685 1230 ratio

153 1268 193 1308 est
214 1275 221 1307 ε
239 1258 327 1323 prima
340 1267 389 1316 est,
411 1255 483 1322 quod
501 1255 547 1304 illa
567 1250 685 1303 visitatio

151 1327 524 1395 repraesentat·visitationem
541 1325 685 1390 Apostolo-

152 1416 213 1451 rum
238 1412 264 1451 et
282 1411 435 1451 sanctarum
453 1398 609 1457 mulierum,
625 1411 685 1463 quae

151 1470 244 1521 crebro
267 1469 410 1520 visitabant
430 1469 618 1534 sepulchrum
639 1481 685 1516 se-

151 1540 237 1591 cunda
270 1550 324 1601 est,
354 1538 419 1602 quia
449 1538 576 1588 Christus
604 1536 685 1587 hodie

150 1626 246 1663 omnes
262 1612 382 1670 Sanctos,
397 1610 444 1676 qui
462 1609 572 1661 fuerunt
583 1625 598 1659 a
610 1609 685 1675 prin-

150 1683 220 1748 cipio
238 1682 332 1732 mundi
354 1697 441 1747 usque
462 1697 543 1740 nunc,
564 1696 683 1746 praesen-

149 1753 248 1804 tialiter
271 1753 398 1809 visitavit,
425 1755 489 1803 dum
511 1753 545 1803 ad
566 1752 683 1803 limbum

151 1825 305 1889 descendit;
335 1825 412 1874 tertia
438 1825 505 1875 ratio
533 1834 588 1887 est,
619 1823 684 1890 quia

151 1895 243 1945 Sancti
258 1895 339 1945 hodie
353 1896 449 1945 debent
462 1895 539 1945 valde
558 1894 683 1945 liberales

152 1979 219 2028 esse,
239 1964 349 2015 fuerunt
368 1965 442 2015 enim
465 1965 546 2015 hodie
571 1965 604 2015 de
624 1980 683 2015 car-

152 2049 210 2085 cere
229 2035 344 2095 liberati,
363 2047 389 2086 et
406 2037 436 2086 in
451 2037 555 2087 coeleste
568 2051 682 2101 regnum

151 2105 288 2158 sublimati
304 2123 310 2156 :
326 2106 350 2156 si
364 2107 428 2173 quis
441 2107 513 2157 enim
530 2107 563 2157 de
581 2121 684 2157 carcere

150 2178 318 2241 liberaretur,
332 2190 358 2230 et
379 2180 408 2229 in
429 2179 575 2245 imperium
595 2179 684 2228 subli-

150 2263 277 2313 maretur,
290 2252 365 2302 illam
376 2253 447 2303 diem
459 2252 553 2319 utique
566 2252 683 2302 multum

150 2323 281 2390 diligeret,
294 2335 320 2375 et
340 2324 369 2374 in
390 2324 436 2374 illa
452 2325 498 2374 die
515 2325 632 2374 multum
646 2324 683 2375 li·

149 2396 246 2447 beralis
269 2407 353 2461 esset;
379 2397 474 2447 merito
496 2396 578 2463 igitur
601 2397 683 2446 hodie

148 2469 240 2520 fideles
254 2472 365 2520 Sanctos
381 2470 498 2530 visitant,
514 2480 544 2521 ut
563 2470 597 2520 ab
616 2470 683 2536 ipsis

148 2540 180 2590 de
209 2554 311 2589 carcere
333 2540 463 2599 liberatis,
491 2540 565 2590 etin
591 2539 681 2606 impe-

147 2610 219 2658 rium
242 2610 405 2671 sublimatis,
428 2610 557 2663 beneficia
576 2612 682 2662 valeant

148 2679 279 2728 obtinere.

179 2747 196 2799 8
212 2751 332 2799 Darorro
352 2765 387 2799 nr
404 2765 568 2799 consraurra
582 2767 680 2802 nuntr-

148 2836 205 2871 nuu
226 2834 301 2870 araca
324 2820 423 2869 Dourru
447 2834 630 2871 smunrunau.
650 2849 680 2858 -

149 2889 281 2941 Mulieres
295 2895 391 2950 autem,
407 2903 468 2955 quae
479 2899 555 2939 erant
569 2890 679 2941 Christo

148 2964 262 3024 devotae,
275 2961 357 3013 funus
371 2963 528 3024 subsecutae,
542 2965 679 3028 quomodo

81 3085 83 3088 .
148 3034 338 3102 etinquoloco
347 3050 445 3099 corpus
454 3034 680 3100 Dominiponere-

147 3118 200 3169 tur,
213 3109 357 3174 diligenter
374 3118 535 3159 curaverunt
549 3107 680 3174 respicere

146 3191 281 3241 etnotare,
294 3192 324 3231 ut
338 3192 431 3246 postea
445 3180 469 3230 ei
479 3190 600 3246 tempore
611 3198 678 3233 con·

146 3266 213 3314 gruo
228 3267 327 3302 munus
343 3266 399 3301 suae
409 3251 561 3302 devotionis
568 3264 679 3318 possent

145 3321 247 3383 offerre,
264 3333 291 3372 et
303 3321 423 3373 officium
437 3323 526 3373 funeri
537 3323 678 3390 impende·

145 3405 181 3454 re,
189 3407 219 3441 ac
233 3408 332 3456 corpus
345 3391 403 3456 ejus
416 3392 554 3459 inungere.
566 3394 615 3445 Per
626 3395 678 3447 hoc

142 3461 318 3527 significatur,
351 3462 416 3528 quia
444 3464 542 3515 animae
576 3466 677 3518 devotae

143 3533 241 3583 debent
253 3535 412 3600 mysterium
428 3536 565 3589 Passionis
576 3537 676 3590 Christi

142 3605 257 3657 sollicite
282 3609 459 3672 considerare,
488 3619 513 3660 et
540 3625 599 3661 eam
626 3627 676 3676 pro

142 3693 222 3743 posse
242 3678 352 3730 imitari.
373 3680 451 3731 Unde
474 3681 550 3731 Beda
568 3696 578 3729 .·
594 3700 608 3728 a
622 3681 675 3733 Sed

142 3759 169 3799 et
199 3748 328 3799 hactenus
355 3760 452 3802 sanctae
479 3751 606 3803 mulieres
631 3752 675 3803 die

144 3820 310 3882 Parasceves‚
341 3819 369 3870 id
396 3831 436 3872 est
461 3821 674 3889 preparationis,

427 213 601 268 SECUNDAE
625 211 750 263 PARTlS
765 211 883 265 CAPUT
905 214 996 265 LXVl.

741 327 813 379 idem
834 327 942 390 faciunt,
957 344 1020 379 cum
1032 328 1132 379 animae
1145 329 1262 385 humiles

741 409 767 450 et
785 416 839 467 quo
852 401 962 466 majoris
976 400 1030 451 sibi
1044 400 1157 452 consciae
1167 399 1271 470 fragili·

740 470 812 532 tatis,
823 487 854 523 eo
867 471 961 537 majori
968 471 1113 522 Salvatoris
1122 485 1217 523 amore
1225 472 1270 525 ier·

739 553 847 605 ventes,
868 544 1006 596 Passionis
1027 545 1085 610 ejus
1099 545 1222 613 vestigiis
1241 547 1270 601 in

739 613 791 665 hoc
804 616 905 675 seculo,
920 631 974 682 quo
992 615 1100 681 requies
1121 626 1270 685 estprrepa-

739 686 820 736 randa
837 685 936 747 futura,
951 686 1094 753 diligenter
1112 687 1269 755 obsequun-

738 764 796 819 tur;
813 766 839 807 et
852 757 875 807 si
897 758 965 809 sorte
978 758 1084 808 valeant
1097 757 1210 818 imitari,
1227 758 1272 827 pia

738 826 894 880 curiositate
919 843 974 895 quo
999 827 1094 878 ordine
1119 827 1157 878 sit
1180 828 1270 881 eadem

740 897 992 966 Passio'completa,
1013 898 1194 965 perpendunt.
1214 900 1270 961 Qua

738 967 814 1029 lecta,
828 970 929 1028 audita,
944 968 1087 1028 recordata,
1103 984 1169 1019 mox
1181 969 1216 1021 ad
1229 985 1271 1036 pa-

738 1040 853 1091 randum
881 1057 962 1108 opera
987 1040 1139 1102 virtutum,
1172 1042 1270 1109 quibus

738 1111 864 1164 Christus
875 1114 1028 1173 delectetur,
1049 1128 1078 1163 se
1096 1124 1269 1178 convertunt;

738 1192 768 1233 ut
786 1181 863 1235 finita
881 1184 1020 1250 praesentis
1036 1183 1099 1234 vitae
1118 1185 1269 1245 Parascere,

739 1253 767 1304 in
780 1255 873 1323 requie
887 1256 963 1306 beata
982 1264 1134 1318 exspectent
1152 1265 1270 1323 ternpore

738 1325 961 1386 resurrectionis,
990 1340 1128 1376 occurrere
1162 1326 1269 1377 Christo

738 1414 800 1450 cum
813 1397 977 1450 aromatibus
990 1397 1175 1463 spiritualium
1187 1398 1269 1451 actio-

739 1485 805 1520 num
821 1487 829 1520 :
845 1489 859 1531 p
874 1469 931 1519 baec
954 1469 1040 1519 Beda.
1058 1468 1161 1533 loseph
1182 1479 1269 1521 autem

738 1551 764 1592 et
782 1542 944 1593 Nicodemus
959 1540 1121 1592 inclinantes
1141 1542 1269 1602 Domino,

738 1623 764 1663 et
786 1613 929 1663 adorantes
946 1611 1134 1677 sepulchrum,
1154 1628 1269 1665 recesse-

737 1692 818 1747 runt;
834 1683 918 1733 Maria
928 1698 991 1733 vero
1003 1692 1029 1732 et
1042 1681 1099 1742 alii,
1111 1682 1160 1748 qui
1173 1684 1269 1735 arctius

736 1754 880 1817 amabant,
911 1764 1118 1813 remanserunt,
1150 1754 1269 1807 sedertter

736 1832 831 1879 contra
850 1825 1028 1891 sepulchrum,
1044 1835 1070 1876 et
1089 1826 1269 1887 lamentantes

736 1898 904 1958 Dominum,
936 1908 962 1947 et
999 1907 1183 1962 exspectantes
1213 1899 1271 1963 ejus

737 1968 909 2034 promissum.
951 1968 979 2017 ln
1013 1983 1068 2033 quo
1116 1968 1268 2021 ostenditur

736 2054 829 2089 earum
851 2039 1016 2100 constantia,
1051 2047 1077 2089 et
1106 2037 1197 2091 fervor
1222 2039 1266 2089 di-

736 2109 858 2171 lectionis
891 2124 953 2174 erga
981 2109 1141 2170 Dominum,
1178 2110 1267 2177 quia,

737 2179 922 2230 recedentibus
961 2180 1101 2246 discipulis
1143 2195 1174 2231 ac
1207 2181 1267 2233 aliis

737 2249 829 2310 notis,
868 2249 957 2300 adhuc
993 2250 1169 2302 remanebant
1198 2250 1267 2303 circa

736 2321 919 2386 sepulchrum.
946 2321 1022 2372 Unde
1045 2321 1265 2389 Hieronymi:

737 2412 748 2437 α
765 2391 865 2443 Ceteris
879 2391 1096 2457 relinquentibus
1106 2392 1265 2453 Dominum,

735 2464 863 2515 mulieres
878 2463 907 2512 in
931 2461 1020 2513 officio
1032 2474 1212 2528 perseverant,
1226 2481 1267 2517 ex-

735 2546 883 2601 spectantes
903 2536 976 2600 quod
996 2535 1158 2600 promiserat
1172 2536 1263 2599 Jesus;

734 2619 760 2658 et
790 2610 851 2659 ideo
879 2616 1037 2659 meruerunt
1061 2607 1152 2672 primo
1176 2607 1265 2659 ridere

733 2690 926 2747 resurgentem,
943 2677 1007 2745 quia
1030 2690 1266 2743 perseveraverunt

733 2765 819 2816 usque
838 2751 867 2799 in
883 2750 974 2799 finem.
992 2767 1005 2796 n
1027 2748 1105 2799 Unde
1123 2759 1150 2799 et
1170 2750 1266 2801 Rada-

733 2835 835 2871 nuszc
855 2820 924 2870 Aliis
937 2819 1008 2870 notis
1023 2819 1087 2869 Jesu
1100 2819 1135 2871 ad
1153 2835 1204 2873 sua
1219 2836 1265 2873 re-

732 2892 899 2952 deuntibus,
930 2893 995 2943 solae
1023 2892 1170 2953 mulieres,
1204 2908 1267 2960 que

732 2963 870 3015 ardentius
885 2964 1024 3022 amabant,
1040 2962 1206 3029 obsequium
1220 2965 1277 3016 fu·.

733 3034 806 3085 neris
845 3034 1046 3100 inspiciebant,
1082 3046 1265 3102 exspeomntes

732 3110 806 3174 quod
841 3109 1022 3174 promiserat;
1058 3117 1084 3159 et
1111 3109 1173 3163 ideo
1204 3120 1266 3178 post

732 3180 966 3232 Resurrectionem
1006 3180 1095 3245 primo
1125 3180 1266 3233 Christum

731 3251 832 3301 vident.
857 3251 942 3301 Beatae
963 3251 1099 3311 mulieres,
1123 3267 1186 3318 quae
1209 3252 1266 3303 mi-

732 3322 912 3373 nistraverunt
943 3320 1043 3371 viventi
1065 3359 1073 3382 ,
1103 3321 1267 3375 adstiterunt

730 3392 877 3453 morienti,
900 3393 1034 3443 obsecutae
1054 3403 1119 3443 sunt
1142 3394 1267 3460 sepulto,

730 3473 756 3515 et
772 3463 811 3514 sic
824 3463 972 3528 congavisae
988 3473 1052 3513 sunt
1065 3463 1233 3528 resurgenti!
1249 3483 1265 3512 s

730 3536 809 3586 Unde
826 3534 907 3584 etiam
929 3534 984 3585 cnr
1007 3539 1144 3585 satiemus
1160 3551 1168 3584 r
1184 3553 1200 3581 a
1212 3534 1264 3585 Vi-

727 3605 792 3656 disti
814 3603 959 3655 mulierum
986 3603 1173 3664 ortitudinem,
1190 3604 1265 3657 vidi-

728 3676 762 3726 sti
777 3676 959 3735 dilectionem,
973 3674 1064 3725 vidisti
1085 3674 1266 3741 magnanimi·

729 3758 819 3810 tatem,
834 3764 894 3815 quae
912 3763 999 3815 usque
1020 3749 1052 3797 ad
1068 3759 1184 3799 mortem
1200 3747 1262 3801 fuit.

728 3821 869 3873 Imitemur
890 3821 940 3871 has
969 3819 1095 3871 mulieres
1115 3835 1169 3872 nos
1189 3819 1264 3883 riri;
