2626 4328
202 150 210 177 l

166 306 215 357 DE
227 305 393 358 SECUNDO
409 306 677 369 consummato.
693 307 729 359 IN
748 308 923 359 Pnsslouu
940 308 1077 359 DOMINI.
1139 306 1192 373 637

64 434 146 474 emtor
155 422 184 473 in
208 439 274 474 nece
290 423 439 474 Domini.»
454 423 507 476 ilbi
520 422 602 474 ctiam

64 493 283 559 chrysostomus
298 513 306 545 :
321 513 335 541 a
349 495 417 546 Vide
428 505 517 546 autem
532 510 601 560 qua-

65 566 130 618 liter
148 568 231 618 etiam
257 569 379 619 nolentes
396 578 549 619 concertant
569 567 602 618 ad

67 639 308 691 demonstrandam
325 641 472 693 veritatem.
491 640 602 692 lrrefra-

69 712 167 778 gabilis
196 713 269 763 enim
292 715 484 765 demonstratio
506 715 602 764 Resur-

68 784 198 835 rectionis
211 784 279 836 facta
295 797 335 836 est
348 802 394 853 per
408 801 438 836 ea
453 801 513 852 quae
531 801 601 851 prae-

62 857 224 908 tenderunt.
244 859 316 919 Quia
338 859 413 910 enim
436 858 602 909 custoditum

66 936 110 978 ert
133 928 321 993 sepulchrum,
343 930 417 980 nulla
438 929 513 980 fraus
534 928 621 991 iacta,

66 1007 118 1049 est.
131 997 161 1049 Si
182 1011 272 1050 autem
294 999 366 1050 fraus
384 999 454 1051 facta
476 1015 532 1049 non
550 1009 602 1060 est,

66 1067 213 1120 manifeste
229 1080 257 1121 et
271 1069 487 1136 irrefragabiliter
502 1069 613 1120 Domi--

62 1153 121 1189 nus
145 1140 263 1190 surrexit
285 1156 292 1190 :
315 1158 329 1187 r
353 1140 411 1190 haec
431 1140 601 1206 chrysosto-

62 1223 135 1260 mus.
149 1210 262 1261 Pilatus
274 1226 338 1262 vero
352 1213 403 1277 iarn
421 1210 546 1276 fatigatus
560 1209 601 1261 ait

44 1279 146 1330 ‚illics
158 1281 277 1332 Hahctis
291 1282 451 1343 custodiam,
464 1281 549 1330 idest
564 1280 599 1329 do

64 1349 147 1401 robis
160 1351 300 1403 licentiam
321 1352 440 1418 ponendi
466 1352 598 1414 custodes,

61 1429 92 1470 et
111 1423 231 1472 concedo
249 1423 324 1489 quod
345 1421 482 1487 accipiatis
501 1420 600 1472 milites

63 1490 97 1540 ad
121 1491 329 1542 custodiendum
353 1508 416 1542 cum
444 1507 492 1557 pro
513 1501 600 1542 vestra

62 1563 218 1626 voluntate;
234 1564 270 1614 ite
282 1570 307 1616 et
321 1564 452 1615 custodite
466 1564 535 1615 sicut
546 1564 600 1614 sri-

64 1631 111 1682 tr's.
129 1632 212 1692 Quasi
228 1634 349 1684 diceret:
365 1635 392 1685 Si
408 1634 487 1684 debet
507 1650 599 1685 resur-

63 1721 138 1771 gere,
148 1707 218 1756 male
226 1708 350 1772 poteritis
359 1709 501 1760 custodire.
511 1710 599 1769 Quam

63 1778 169 1845 impius
187 1790 213 1830 et
233 1779 323 1832 fatuus
343 1793 399 1833 erat
415 1783 527 1843 Pilatus,
549 1783 596 1849 qui

62 1848 138 1900 sicut
153 1849 295 1901 Christum
309 1853 433 1918 permisit
452 1853 548 1913 occidi,
563 1853 599 1904 ita

58 1930 91 1971 et
114 1921 261 1987 custodiri;
278 1938 340 1973 eum
362 1925 442 1974 morti
464 1924 599 1986 adiudica-

59 1988 112 2051 ait,
130 1990 171 2041 eis
192 1992 273 2042 etiam
295 1996 420 2044 custodes
439 1995 521 2046 dedit.
541 1994 597 2044 Va-

60 2063 133 2114 dunt
151 2063 202 2128 illi,
224 2075 249 2116 et
269 2065 407 2117 venientes
429 2067 492 2118 illuc
509 2067 597 2133 primo

59 2151 161 2202 corpus
178 2137 235 2202 ejus
250 2137 407 2205 inspiciunt,
422 2151 448 2191 et
464 2156 535 2201 eum,
549 2139 597 2207 qui

62 2208 170 2258 Auctor
189 2207 252 2259 vitre
275 2211 415 2271 claruerat,
432 2210 461 2260 in
486 2209 598 2261 infernis

60 2277 188 2328 claustris
202 2289 335 2330 retentum
353 2296 390 2343 se,
409 2281 598 2347 deprehendis·

61 2363 90 2398 se
110 2348 243 2410 laetantes,
263 2351 438 2418 sepulchrum
461 2353 596 2412 muniunt,

60 2420 167 2473 milites
184 2432 304 2473 armatos
324 2425 449 2474 custodes
476 2434 596 2489 ponunt3

56 2491 163 2543 deiude
184 2494 301 2559 lapidem
325 2495 373 2561 qui
396 2505 453 2546 erat
475 2495 504 2545 in
527 2495 596 2546 ostio

61 2564 245 2625 monumenti,
268 2566 342 2617 unde
362 2581 485 2617 accessus
504 2565 533 2616 in
554 2580 597 2617 se·

58 2635 211 2700 pulchrum
231 2647 287 2688 erat
308 2638 401 2704 sigillo
417 2637 551 2702 merdis,
568 2652 598 2688 ac

60 2705 142 2756 etiam
164 2707 265 2774 sigillis
280 2709 338 2760 suis
356 2709 474 2776 signant,
491 2725 525 2761 ne
543 2709 596 2761 ali-

61 2776 126 2843 quis
138 2777 199 2829 sine
216 2779 285 2830 scitu
305 2797 398 2832 eorum
413 2782 517 2848 ingredi
531 2796 596 2848 pos-

60 2849 113 2914 sit;
127 2861 157 2901 et
169 2851 314 2917 diligenter
327 2854 421 2904 omnia
433 2854 544 2906 faciunt.
561 2855 597 2906 Et

56 2918 89 2971 in
102 2921 156 2972 hoc
172 2933 283 2988 apparet
296 2926 400 2976 malitia
413 2941 518 2986 eorum,
532 2927 597 2994 quia

53 2992 142 3043 etiam
158 2993 186 3044 in
201 2997 359 3048 custodibus
373 3014 429 3048 non
445 2997 595 3060 confidunt,

58 3064 108 3113 sed
130 3063 245 3131 insuper
263 3067 352 3132 sigilla
367 3079 517 3134 apponunt.
537 3071 595 3122 Hoc

56 3144 151 3185 autem
170 3145 259 3187 totum
276 3139 410 3191 Dominus
426 3141 513 3191 soluit
526 3140 594 3201 fieri,

56 3215 170 3271 propter
185 3208 314 3273 maiorem
333 3211 525 3262 certitudinem
545 3213 595 3264 Re·

54 3276 235 3328 surrectionis
248 3294 315 3339 suae,
327 3290 360 3331 ut
374 3291 400 3331 et
418 3281 480 3346 ipsi,
493 3297 594 3348 quam-

55 3345 99 3403 uis
117 3347 320 3410 nolerrtes,eibi
337 3362 430 3402 tamen
444 3362 526 3403 testes
538 3353 593 3404 sint

53 3415 206 3468 Dominum
215 3420 402 3482 resurrexisse,
412 3432 438 3472 et
453 3424 528 3472 nullo
538 3440 594 3474 mo

53 3487 92 3538 do
103 3487 144 3539 sir
159 3489 280 3554 positum
294 3491 377 3542 furari
389 3494 517 3556 pondere.
528 3495 592 3546 Non

55 3565 98 3611 m
114 3562 187 3611 aisn
209 3563 359 3625 eonsilium,
381 3578 428 3615 nec
450 3567 591 3632 sapientia,

55 3644 104 3681 aec
116 3630 261 3697 fortitudo
282 3640 379 3701 contra
393 3635 543 3686 Dominum.
560 3638 593 3688 Et

56 3714 130 3765 reete
142 3704 171 3755 in
186 3705 233 3755 tali
247 3707 308 3756 loco
322 3707 456 3759 Dominus
469 3711 592 3774 sepultu-

55 3792 117 3829 ram
139 3791 221 3828 uram
238 3779 328 3844 elegit,
343 3780 389 3830 ubi
411 3782 483 3832 nulla
503 3784 592 3846 possi-

53 3848 152 3900 bilitas
164 3849 286 3901 fodiendi
299 3861 378 3910 esset,
391 3863 524 3918 quatenus
537 3871 593 3905 orn·

55 3934 121 3970 nem
127 3921 297 3972 occasionem
307 3924 485 3974 calumniandi
492 3926 504 3976 J
508 3925 592 3977 udaeis

658 422 784 484 auferret,
799 439 834 475 ne
846 423 948 476 torreri
965 425 994 476 in
1009 424 1122 475 maceria
1136 425 1191 476 cir·

657 495 814 545 cumulusus
827 504 905 555 esset,
920 496 961 546 vel
975 496 1096 561 quolibet
1110 494 1193 560 parie-

658 576 698 625 te,
727 565 846 617 dicerent
870 566 922 632 ipsi
946 567 1094 633 discipulos
1118 565 1192 616 illius

658 636 760 688 furatos
773 654 834 688 eum
850 638 941 689 fuisse.
958 639 1035 690 Unde
1048 639 1190 706 Hierony·

659 722 718 759 mus
733 727 741 760 :
758 726 772 754 a
787 711 847 759 Non
866 711 1003 761 suffecerat
1022 708 1191 776 principibus

659 780 826 830 sacerdotum
847 791 873 830 et
886 781 986 831 Scribis
1004 791 1030 831 et
1047 780 1192 830 Pharisaeis

660 850 823 904 crucifixisse
844 853 990 903 Dominum
1015 854 1189 913 salvatorem,

660 923 713 974 nisi
737 925 910 990 sepulchrum
937 925 1117 985 custodirent,
1142 938 1191 974 co-
1267 950 1274 970 .

659 993 765 1046 hortem
786 995 945 1060 acciperent,
959 1004 985 1044 et
999 994 1137 1060 signarent
1148 994 1191 1044 la-

660 1064 761 1130 pidem,
775 1076 801 1116 et
816 1076 948 1131 quantum
962 1064 991 1114 in
1005 1064 1060 1115 illis
1074 1074 1124 1124 est,
1139 1079 1193 1114 ma·

660 1153 728 1188 num
742 1148 909 1204 opponerent
925 1138 1089 1204 resurgenti;
1104 1139 1150 1188 sed
1162 1147 1193 1187 ut

658 1208 797 1274 diligentia
809 1223 903 1258 eorum
920 1219 1016 1258 nostrae
1031 1207 1093 1258 fidei
1108 1206 1193 1273 profi·

658 1289 739 1340 ceret,
753 1290 853 1346 quanto
869 1279 943 1329 enim
958 1278 1113 1344 diligentius
1135 1293 1193 1328 ser·

657 1360 821 1410 vatur,tanto
830 1349 917 1415 magis
927 1349 1099 1415 Resurgentis
1107 1349 1194 1400 virtus

660 1423 819 1474 ostenditur.
842 1442 856 1470 r
879 1422 955 1472 Unde
978 1431 1004 1473 et
1024 1420 1193 1490 chrysosto-

659 1510 718 1546 mus
733 1513 741 1546 .·
757 1513 771 1541 a
785 1495 819 1545 Et
829 1495 858 1546 in
874 1493 1021 1545 durissimo
1035 1492 1124 1559 lapide
1139 1508 1194 1542 mo·

660 1578 833 1626 numentum,
843 1565 928 1616 fuerat
939 1564 1069 1626 excisum,
1082 1575 1108 1614 et
1118 1578 1193 1629 gran·

659 1637 702 1686 dis
717 1637 786 1703 lapis
805 1635 910 1702 positus
929 1636 1017 1687 estad
1033 1634 1145 1693 ostium,
1167 1643 1193 1685 et

658 1708 779 1758 custodia
804 1707 913 1774 ponit'ur
937 1707 1055 1756 militum
1082 1705 1111 1754 in
1134 1705 1193 1755 cir-

658 1779 746 1843 cuitu;
769 1787 800 1828 ut
825 1789 926 1844 quanto
951 1776 1048 1827 fortius
1072 1785 1193 1826 servatur

659 1868 692 1902 ne
704 1850 786 1901 furari
801 1860 901 1916 posset,
916 1860 989 1899 tanto
1006 1847 1091 1914 magis
1106 1847 1192 1897 virtus

658 1923 707 1974 Dei
731 1932 854 1989 appareat
880 1936 941 1972 cum
960 1918 1144 1970 resurrexerit.
1163 1917 1191 1968 Si

657 1995 729 2045 enim
753 1993 932 2059 sepulchrum
955 1990 1051 2042 fuisset
1067 1990 1094 2038 in
1112 1999 1191 2048 terra,

657 2068 744 2118 dicere
766 2075 916 2132 poterant:
940 2063 1114 2113 Suffoderunt
1137 2069 1192 2109 ter-

657 2156 724 2200 ram,
740 2150 767 2191 et
785 2139 864 2191 furati
883 2146 946 2187 sunt
967 2150 1038 2186 eum.
1054 2133 1083 2183 Si
1098 2132 1194 2182 fuisset

656 2211 724 2278 lapis
738 2211 866 2277 parvulus
881 2207 995 2274 positus,
1011 2207 1099 2256 dicere
1116 2213 1193 2268 pote-

657 2293 717 2334 rant
740 2300 746 2332 :
771 2280 899 2331 Paruulus
917 2279 985 2344 lapis
1006 2277 1066 2336 fuit,
1083 2286 1108 2325 et
1128 2274 1193 2323 dor-

657 2354 804 2406 mientibus
827 2352 924 2413 nobis,
947 2350 1068 2400 tulerunt
1083 2363 1156 2397 eum.
1178 2365 1192 2392 n

657 2431 690 2480 Et
704 2429 803 2478 iterum
825 2442 832 2476 ς
851 2443 866 2470 a
880 2422 1027 2490 Diligentia
1038 2421 1192 2472 Scribarum

656 2501 766 2568 prodest
779 2497 842 2548 fidei
861 2506 970 2547 nostrae.
986 2495 1103 2556 Servate,
1120 2493 1192 2544 Pha·

656 2571 744 2631 risaei‚
774 2578 885 2620 servate.
911 2567 985 2617 Deus
1007 2563 1110 2616 includi
1136 2580 1191 2615 non

656 2652 760 2709 potest.
785 2641 857 2692 Deus
883 2639 912 2689 in
938 2637 1082 2704 sepulchro
1107 2635 1190 2686 teneri

657 2730 713 2765 non
730 2722 826 2779 potest.
841 2710 887 2778 qui
901 2710 972 2776 fecit
992 2709 1087 2761 ooelum
1100 2713 1127 2758 et
1140 2714 1191 2758 ter-

655 2800 725 2848 rant,
741 2784 818 2850 cujus
840 2784 870 2834 in
893 2781 999 2848 pugillo
1018 2791 1088 2830 terra
1103 2787 1143 2828 est
1164 2787 1190 2827 et

655 2859 770 2919 coelum,
794 2858 839 2924 qui
865 2853 994 2920 oppandit
1018 2851 1143 2902 mundum
1162 2848 1188 2898 in

656 2930 744 2980 uibus
762 2928 871 2994 digitis.
895 2925 950 2985 Qui
973 2939 1038 2988 crgo
1064 2919 1191 2985 appendit

655 3001 800 3061 mundum,
817 3013 873 3048 uuo
895 2994 1039 3060 sepulchro
1058 3007 1114 3041 non
1136 3004 1188 3056 po·
1210 3006 1216 3022 ⁴

654 3081 707 3122 test
726 3068 867 3121 contineri.
883 3085 898 3114 r
915 3065 993 3126 Unde
1009 3062 1088 3113 etiam
1101 3059 1188 3110 Hila-

654 3143 737 3192 νέως
754 3159 769 3187 a
782 3140 870 3190 Metus
891 3134 999 3186 furandi
1019 3131 1150 3198 corporis,
1163 3141 1189 3180 et

653 3210 790 3278 sepulchri
815 3206 938 3260 custodia
960 3215 1043 3271 atque
1060 3201 1189 3268 obsigna-

653 3286 702 3346 tio,
717 3283 838 3336 stultitiae
858 3292 939 3346 atque
961 3277 1128 3329 infidelitatis
1146 3285 1188 3326 te-

628 3403 631 3408 .
652 3357 813 3410 stimonium
828 3364 878 3412 est,
892 3367 953 3403 curn
969 3351 1045 3418 prius
1056 3359 1187 3415 praecepto

652 3428 763 3480 Domini
778 3424 983 3492 conspexissent
997 3423 1031 3473 de
1044 3420 1188 3487 sepulchro

652 3510 792 3550 mortuum
808 3496 1006 3548 suscitatum.»

691 3587 722 3636 17
749 3572 843 3620 Prunrr
866 3568 1042 3624 llauoursouu
1064 3578 1187 3614 exsrnrurt

651 3659 685 3694 ur
708 3659 812 3693 omrusc
830 3667 860 3680 -
886 3641 988 3691 Pilatus
1004 3649 1095 3689 autem
1117 3653 1186 3704 prae-

650 3714 750 3772 dictus,
764 3713 937 3778 postmodum
954 3711 983 3761 in
1007 3709 1101 3759 multis
1114 3710 1184 3774 apud

651 3785 792 3835 Tiberium
816 3785 948 3834 Caesarem
973 3797 988 3832 a
1014 3780 1115 3831 Judaets
1136 3794 1183 3828 ac·

650 3867 767 3916 casatus,
783 3859 938 3922 deportatus
951 3865 992 3907 est
1012 3855 1040 3905 in
1056 3853 1182 3903 exsilium

652 3929 826 3996 Lugdunum,
835 3929 908 3977 unde
916 3938 971 3978 erat
979 3925 1121 3977 oriundus.
1131 3923 1172 3971 He
