2626 4328
473 297 520 347 DE
537 292 657 345 FINALI
672 293 819 348 JUDICIO.

87 415 186 472 etiam,
211 413 276 478 quia
298 424 367 462 terra
399 423 454 463 tota
478 411 529 466 erit
553 409 622 460 sicut

89 487 231 550 paradisus
246 495 271 535 et
287 485 438 548 planabitur
451 501 458 547 ;
473 493 499 533 et
512 497 557 532 aer
570 483 622 532 erit

87 558 192 616 clarior,
208 572 256 606 nec
283 555 393 605 habebit
418 553 619 619 impressiones

85 645 153 695 quas
168 629 247 678 habet
260 629 357 689 mod03
370 627 541 692 perspicuum
556 641 621 690 quo-

90 717 144 767 que
161 701 188 750 in
205 715 283 766 aqua,
299 710 324 749 et
346 701 392 749 lux
407 699 435 748 in
450 699 513 764 igne
531 713 620 748 mane·

89 774 158 822 bunt
175 790 181 822 :
198 782 223 822 et
234 772 304 821 sicut
318 771 388 836 ignis
403 780 428 820 et
442 785 510 836 aqua
523 769 618 835 purio-

85 862 138 896 res.
151 846 237 895 Orbes
251 859 360 910 quoque
370 844 498 903 coelestes,
510 853 619 907 propter

86 917 334 982 impermixtionem
352 917 454 965 nullam
476 915 617 980 impurita-

87 999 142 1039 tem
173 988 315 1047 habentes,
345 987 419 1036 nulla
458 986 618 1052 indigebunt

85 1059 253 1125 purgatione,
284 1058 352 1108 sicut
389 1058 540 1119 elementa;
571 1058 616 1107 sed

88 1129 276 1179 tantummodo
297 1127 444 1178 cessatione
466 1137 566 1188 motus,
590 1138 617 1177 et

82 1202 142 1251 ideo
156 1202 367 1264 innovabuntur,
382 1201 428 1250 sed
449 1216 504 1249 non
522 1214 616 1265 purga·

85 1272 194 1322 buntur.
210 1271 348 1321 innovatio
369 1286 432 1320 vero
449 1286 552 1329 eorum,
576 1281 615 1320 est

81 1358 96 1392 a
123 1352 192 1392 statu
211 1341 293 1391 veteri
325 1341 353 1390 in
384 1351 484 1391 statum
513 1356 614 1391 novum

80 1412 267 1464 commutatio.
296 1413 329 1461 Et
358 1412 471 1478 requirit
500 1412 528 1460 in
560 1411 614 1462 illis

82 1489 145 1547 duo,
171 1486 293 1536 scilicet:
311 1495 401 1535 motus
424 1486 612 1546 cessationem,

81 1569 107 1608 et
119 1556 245 1606 claritatis
259 1557 428 1621 splendorem
438 1556 611 1621 ampliorem3

82 1631 191 1695 quando
220 1630 259 1679 sol
283 1629 364 1679 stabit
389 1629 417 1678 in
441 1627 561 1690 Oriente,
588 1639 613 1681 et

81 1703 145 1752 luna
159 1701 187 1751 in
200 1701 354 1760 Occidente,
372 1700 419 1750 ubi
439 1712 525 1750 creata
538 1712 611 1761 sunt,

82 1786 107 1826 et
127 1775 163 1824 ibi
186 1775 245 1824 sine
267 1774 319 1824 fine
343 1774 499 1824 manebunt.
524 1774 612 1838 Hujus

79 1846 146 1896 ratio
161 1855 201 1896 est
223 1845 294 1895 ista:
310 1845 374 1911 quia
395 1860 507 1910 corpora
528 1861 611 1910 supe-

83 1917 154 1966 riora
170 1916 316 1966 factasunt
335 1917 366 1965 ad
383 1932 463 1966 usum
490 1915 611 1966 hominis

82 1987 235 2053 dupliciter.
253 1987 313 2037 Uno
328 1988 418 2045 modo,
434 1997 542 2052 propter
561 2003 611 2037 ne-

78 2061 227 2110 cessitatem
243 2059 373 2124 corporis,
390 2060 500 2120 scilicet,
510 2071 609 2110 statum

79 2131 261 2196 generationis
271 2143 296 2181 et
306 2132 496 2196 corruptionis,
504 2142 530 2182 et
540 2131 610 2191 ideo,

78 2211 198 2251 cessante
215 2202 262 2251 illo
281 2213 360 2265 statu,
376 2212 461 2252 cessat
473 2213 498 2252 et
511 2212 610 2253 motus,

81 2274 170 2323 Motus
190 2273 262 2322 enim
285 2275 354 2333 coeli,
376 2284 401 2324 et
424 2268 611 2324 transmutatio

80 2345 109 2394 in
126 2346 265 2396 elementis
280 2348 403 2397 ordinata
418 2358 482 2397 sunt
495 2349 528 2397 ad
541 2363 612 2397 com-

82 2418 210 2483 plendum
235 2434 379 2482 numerum
401 2420 561 2482 electorum;
585 2429 612 2469 et

81 2489 141 2538 ideo
161 2487 218 2552 ipso
238 2505 350 2538 numero
367 2490 509 2554 completo,
522 2489 550 2539 in
567 2491 612 2556 ju-

80 2558 152 2607 dicio
173 2560 326 2618 cessabunt,
342 2559 411 2609 sicut
424 2575 525 2626 eaquae
549 2571 613 2611 sunt

80 2630 113 2680 ad
130 2629 220 2689 finem,
236 2631 330 2681 habito
344 2630 396 2682 fine
409 2643 521 2684 cessant.
546 2635 612 2685 Ces-

80 2713 157 2753 sante
184 2715 273 2753 autem
301 2715 376 2754 motu
403 2706 472 2770 coeli,
499 2706 612 2757 cessabit

81 2785 107 2824 et
129 2786 245 2841 tempus,
268 2777 340 2843 quod
363 2778 484 2844 sequitur
507 2790 611 2830 motum

82 2846 152 2906 coeli,
165 2845 389 2912 quia,secundum
402 2850 610 2916 Apocalypsim:

87 2918 206 2982 Tempus
227 2932 277 2966 non
294 2919 346 2968 erit
361 2920 487 2984 amplius.
503 2923 542 2971 Ex
560 2921 612 2972 hoc

89 2998 176 3052 patet,
215 2989 289 3052 quod
325 2989 382 3039 dies
412 2991 612 3042 resurrectionis

79 3058 211 3122 generalis
226 3060 342 3109 eritdies
351 3060 525 3121 novissimus,
540 3063 612 3112 unde

81 3129 133 3180 Job
145 3131 211 3180 dicit
224 3148 230 3180 :
243 3132 282 3181 Et
296 3132 322 3181 iu
346 3132 491 3182 nouissimo
509 3133 553 3195 die
580 3134 612 3185 de

81 3206 158 3250 terra
185 3209 358 3253 surrecturus
372 3216 439 3252 suin.
455 3203 516 3254 Alio
531 3204 612 3255 modo

79 3286 190 3336 corpora
202 3273 341 3338 superiora
359 3273 425 3323 facta
443 3283 515 3333 sunt,
530 3291 612 3342 prop-

79 3351 120 3390 ter
129 3341 331 3392 delectationem
341 3354 367 3393 et
383 3344 611 3408 pulchritudinem

80 3423 221 3473 creaturae,
244 3425 270 3464 et
296 3426 405 3480 propter
428 3416 611 3482 cognitionem

81 3483 130 3533 Dei
146 3483 174 3534 in
190 3483 262 3547 illis;
280 3496 306 3535 et
318 3486 377 3536 ideo
387 3488 433 3536 lux
447 3502 541 3537 eorum
557 3505 611 3539 non

80 3554 207 3614 cessabit,
236 3554 281 3604 sed
307 3555 462 3621 augebitur.
489 3557 612 3624 Denique

80 3624 193 3683 coelum,
220 3625 276 3685 sol,
301 3625 366 3676 luna
389 3637 414 3676 et
442 3629 526 3679 stellae
550 3645 611 3696 quae

79 3710 152 3744 nunc
170 3694 297 3746 festinant
320 3713 399 3748 cursu
423 3699 610 3764 irretardabili,

79 3764 157 3830 quasi
172 3766 311 3831 cupientes
320 3767 349 3817 in
360 3767 499 3820 meliorem
511 3781 610 3822 statum

79 3837 194 3901 mutari;
211 3849 275 3891 tunc
289 3839 342 3890 fixa
361 3841 539 3895 immobiliter
552 3860 608 3895 ma-

80 3908 182 3959 nebunt
196 3919 222 3959 et
241 3909 341 3975 quieta,
362 3920 388 3961 et
407 3911 525 3964 mirabili
549 3915 610 3980 glo·
649 3925 676 3974 et
700 3919 872 3971 mutabuntur·
885 3937 894 3969 .·
908 3938 921 3966 n
941 3919 998 3969 haec
1011 3916 1188 3982 ·Gregorius.

1155 300 1205 351 811

675 408 823 463 rificatione
842 413 993 466 immutata.
1019 416 1088 466 Nam
1110 417 1207 467 coelum

673 479 786 547 gloriam
801 485 868 535 solis
888 485 994 548 induet;
1013 488 1063 548 sol,
1088 487 1161 547 luna,
1182 496 1207 538 et

673 555 754 605 stellae
779 556 928 606 vestientur
952 556 1082 606 ineffabili
1112 559 1207 622 splen-

672 627 744 678 dore.
764 627 961 694 UndeHaymo
977 646 985 678 :
1003 646 1017 675 u
1031 629 1109 678 Tunc
1123 628 1205 678 etiam

672 698 851 763 complebitur
860 700 887 749 id
900 701 1037 765 quondam
1051 715 1098 764 per
1108 700 1203 751 isaiam

671 771 852 836 praedictum:
877 773 942 822 Erit
963 773 1014 821 lux
1040 773 1110 821 luuoe
1135 772 1205 822 sicut

672 844 722 894 lux
744 845 820 905 solis,
840 851 866 895 et
887 845 938 894 lux
957 846 1024 895 solis
1049 845 1204 910 septempli-

671 917 751 979 citer,
782 916 852 966 sicut
875 915 926 965 lux
962 922 1060 981 septem
1089 916 1201 966 dierum.

670 987 727 1036 Hoc
739 986 811 1036 enirn
823 997 884 1052 post
896 986 974 1035 illurn
984 985 1096 1035 extremi
1112 985 1203 1050 judicii

670 1059 743 1108 diem
772 1059 843 1119 erit,
881 1075 942 1108 cum
973 1057 1076 1108 scilicet
1103 1060 1201 1108 coelum

670 1145 771 1180 novum
785 1144 815 1178 ac
829 1139 899 1179 terra
914 1145 982 1178 nova
998 1128 1087 1178 fuerit.
1102 1128 1204 1179 Omnia

670 1217 788 1268 namque
802 1217 862 1268 quae
876 1217 924 1266 per
938 1200 1054 1266 spatium
1078 1216 1123 1256 sex
1144 1200 1203 1250 die-

668 1287 729 1322 rum
757 1284 882 1338 operatus
913 1283 954 1322 est
978 1273 1059 1333 Deus,
1094 1280 1203 1336 propter

669 1340 809 1391 hominem
822 1341 888 1392 facta
898 1351 975 1404 sunt;
984 1352 1009 1390 et
1020 1339 1046 1388 in
1057 1341 1113 1404 ejus
1125 1340 1202 1404 lapsu

669 1414 765 1463 omnia
788 1414 920 1463 elementa
934 1413 1094 1463 detrimenta
1116 1411 1203 1461 susti-

667 1496 794 1536 nuerunt.
815 1488 882 1536 Nam
910 1496 987 1536 antea
1013 1495 1084 1535 terra
1109 1485 1201 1550 spinas

668 1568 695 1606 et
712 1558 827 1608 tribulos
842 1574 896 1607 non
909 1556 1078 1623 proferebat,
1094 1571 1141 1606 nec
1156 1571 1201 1606 aer

666 1628 718 1678 iste
745 1639 825 1680 tantae
848 1627 1034 1679 crassitudinis
1058 1637 1088 1677 ut
1112 1641 1199 1688 nunc,

665 1703 711 1752 sed
726 1703 822 1767 purior
835 1713 890 1752 erat
903 1718 910 1765 3
925 1701 962 1752 sic
986 1701 1068 1750 etiam
1095 1700 1144 1760 sol,
1173 1710 1200 1750 et

665 1773 738 1833 luna,
750 1784 776 1823 et
789 1773 875 1822 sidera
885 1773 927 1822 sui
937 1771 1049 1821 luminis
1067 1770 1200 1820 sustinue-

664 1853 728 1892 runt
738 1841 906 1892 detrimenta.
920 1843 950 1891 ln
961 1842 1004 1892 die
1018 1856 1081 1917 vero
1096 1840 1198 1905 judicii,

663 1916 808 1966 terminato
820 1915 867 1965 illo
882 1915 1013 1974 examine,
1024 1930 1086 1964 cum
1098 1912 1200 1963 fuerint

663 2001 759 2036 omnes
786 1986 892 2052 reprobi
917 2001 971 2036 una
1000 1986 1061 2034 cum
1089 1983 1198 2034 diabolo

664 2057 782 2108 conclusi
801 2059 830 2107 in
852 2056 999 2115 infernum,
1024 2056 1147 2106 sustollet
1171 2069 1198 2104 se

663 2129 798 2178 Dominus
809 2129 884 2178 Jesus
898 2127 997 2192 pariter
1013 2141 1074 2175 cum
1088 2139 1200 2190 corpore

664 2216 723 2260 suo,
752 2200 825 2265 quod
855 2214 950 2248 omnes
970 2198 1046 2247 electi
1074 2206 1146 2259 sunt,
1170 2194 1199 2244 in

664 2272 771 2321 coelum.
788 2271 823 2321 Et
834 2280 897 2319 tunc
910 2270 960 2319 sibi
981 2270 1045 2318 luna
1069 2267 1198 2333 splendo-

664 2359 720 2393 rem
736 2343 801 2393 soiis
824 2342 974 2406 mutuabit;
990 2342 1030 2391 sol
1053 2356 1116 2390 vero
1135 2355 1198 2405 sep-

664 2416 825 2481 templiciter
850 2430 930 2480 quam
962 2415 1043 2463 modo
1070 2413 1197 2474 lucebit3

664 2487 827 2552 recipietque
847 2487 1017 2550 splendorem
1037 2499 1129 2550 quem,
1147 2483 1199 2533 ho-

665 2559 740 2608 mine
773 2569 920 2623 peccante,
949 2556 1041 2607 amisit
1067 2573 1074 2606 ε
1101 2575 1114 2602 n
1142 2555 1199 2606 haec

664 2631 787 2697 Huymo.
813 2631 885 2680 Patet
910 2645 982 2696 ergo,
1008 2629 1081 2695 quod
1105 2629 1198 2679 coelum

664 2710 689 2754 el
714 2710 788 2754 terra
817 2704 979 2763 transibunt,
1005 2713 1139 2769 quantum
1165 2702 1198 2751 ad

664 2775 789 2835 formam,
800 2776 847 2826 sed
863 2791 917 2824 non
931 2785 1062 2840 quantum
1077 2773 1109 2822 ad
1122 2773 1199 2822 subs-

664 2846 785 2897 tantiam.
806 2847 881 2896 Unde
895 2845 1085 2910 Augustinus:
1103 2863 1116 2889 a
1131 2842 1197 2892 Ele-

664 2927 762 2978 menta,
773 2915 800 2963 id
811 2925 851 2964 est
864 2915 961 2964 coelum
978 2923 1003 2962 et
1016 2921 1125 2970 terram,
1141 2928 1196 2963 non

664 2988 804 3037 credamus
820 2985 960 3043 abolenda,
977 2984 1024 3033 sed
1047 2983 1076 3032 in
1098 2984 1197 3033 melius

664 3056 874 3117 commutanda;
898 3054 1012 3120 figuram
1042 3053 1148 3112 mundi,
1169 3053 1196 3102 id

665 3137 704 3180 est
735 3126 897 3192 imaginem,
930 3142 984 3176 non
1020 3125 1198 3176 substantiam

665 3199 821 3265 perituram.
831 3217 851 3244 vn
867 3198 945 3248 Unde
971 3207 996 3248 et
1023 3196 1197 3262 Gregorius:

665 3292 679 3318 a
697 3271 802 3322 Coelum
821 3278 846 3319 et
869 3279 938 3320 terra
963 3285 1010 3334 per
1033 3284 1092 3319 earn
1117 3282 1200 3333 quam
1225 3275 1229 3284 '

666 3357 735 3392 nunc
751 3341 852 3391 habent
873 3340 1021 3405 imaginem
1045 3347 1199 3400 transeunt;

665 3415 711 3465 sed
726 3425 816 3464 tamen
838 3428 885 3479 per
902 3412 1049 3463 essentiam
1064 3411 1122 3462 sine
1147 3410 1202 3461 fine

665 3488 826 3538 subsistunt.
842 3485 949 3536 Coelum
969 3485 1052 3550 igitur
1070 3494 1096 3534 et
1120 3493 1198 3543 terra,

664 3570 690 3610 et
712 3558 818 3616 transit,
835 3567 861 3606 et
882 3556 948 3617 erit;
968 3555 1100 3622 quoniam
1121 3555 1155 3607 ab
1172 3570 1202 3604 ea

664 3647 747 3699 quam
778 3645 848 3680 nunc
879 3629 960 3679 habet
992 3628 1123 3694 speciem,
1154 3642 1202 3692 per

665 3703 755 3768 ignem
778 3701 900 3766 tergitur,
924 3709 950 3749 et
978 3708 1069 3750 tamen
1098 3699 1126 3748 in
1153 3713 1202 3748 sua

665 3789 770 3840 semper
784 3785 877 3824 natura
903 3784 1031 3836 servatur,
1053 3773 1125 3822 unde
1153 3787 1201 3836 per

666 3848 820 3899 Psalmitam
835 3847 937 3898 dictum
952 3856 993 3898 est
1008 3847 1140 3897 :Mutabis
1155 3858 1197 3907 ea,
