<?xml version="1.0" encoding="UTF-8"?>
<!DOCTYPE html PUBLIC "-//W3C//DTD XHTML 1.0 Transitional//EN"
    "http://www.w3.org/TR/xhtml1/DTD/xhtml1-transitional.dtd">
<html xmlns="http://www.w3.org/1999/xhtml" xml:lang="en" lang="en">
 <head>
  <title>
</title>
<meta http-equiv="Content-Type" content="text/html;charset=utf-8" />
  <meta name='ocr-system' content='tesseract 3.04.00' />
  <meta name='ocr-capabilities' content='ocr_page ocr_carea ocr_par ocr_line ocrx_word'/>
</head>
<body>
  <div class='ocr_page' id='page_1' title='image "./vitajesuchristi00rigogoog_0114.png"; bbox 0 0 2626 4328; ppageno 0'>
   <div class='ocr_carea' id='block_1_1' title="bbox 324 107 1183 181">
    <p class='ocr_par' dir='ltr' id='par_1_1' title="bbox 324 107 1183 181">
     <span class='ocr_line' id='line_1_1' title="bbox 324 107 1183 181; baseline -0.001 -23"><span class='ocrx_word' id='word_1_1' title='bbox 324 107 370 158; x_wconf 86' lang='lat' dir='ltr'>DE</span> <span class='ocrx_word' id='word_1_2' title='bbox 387 107 531 181; x_wconf 78' lang='lat' dir='ltr'>TERTIA,</span> <span class='ocrx_word' id='word_1_3' title='bbox 545 108 581 158; x_wconf 88' lang='lat' dir='ltr'>IN</span> <span class='ocrx_word' id='word_1_4' title='bbox 597 109 767 160; x_wconf 84' lang='lat' dir='ltr'><strong>PASSIONE</strong></span> <span class='ocrx_word' id='word_1_5' title='bbox 782 108 920 159; x_wconf 87' lang='lat' dir='ltr'><strong>DOMINI.</strong></span> <span class='ocrx_word' id='word_1_6' title='bbox 1130 107 1183 175; x_wconf 81' lang='lat'>559</span> 
     </span>
    </p>
   </div>
   <div class='ocr_carea' id='block_1_2' title="bbox 61 221 612 296">
    <p class='ocr_par' dir='ltr' id='par_1_2' title="bbox 61 221 612 296">
     <span class='ocr_line' id='line_1_2' title="bbox 61 221 612 296; baseline 0 -22"><span class='ocrx_word' id='word_1_7' title='bbox 61 221 251 289; x_wconf 79' lang='lat' dir='ltr'>compassione</span> <span class='ocrx_word' id='word_1_8' title='bbox 272 223 304 272; x_wconf 90' lang='lat' dir='ltr'>ad</span> <span class='ocrx_word' id='word_1_9' title='bbox 331 223 478 284; x_wconf 84' lang='lat' dir='ltr'>Christum,</span> <span class='ocrx_word' id='word_1_10' title='bbox 499 224 544 274; x_wconf 90' lang='lat' dir='ltr'>sed</span> <span class='ocrx_word' id='word_1_11' title='bbox 563 233 612 296; x_wconf 65' lang='lat' dir='ltr'>ut,</span> 
     </span>
    </p>
   </div>
   <div class='ocr_carea' id='block_1_3' title="bbox 30 292 594 3709">
    <p class='ocr_par' dir='ltr' id='par_1_3' title="bbox 30 292 594 3709">
     <span class='ocr_line' id='line_1_3' title="bbox 61 292 592 359; baseline -0.004 -15"><span class='ocrx_word' id='word_1_12' title='bbox 61 292 139 345; x_wconf 85' lang='lat' dir='ltr'>citius</span> <span class='ocrx_word' id='word_1_13' title='bbox 151 293 296 343; x_wconf 88' lang='lat' dir='ltr'>duceretur</span> <span class='ocrx_word' id='word_1_14' title='bbox 314 293 346 342; x_wconf 92' lang='lat' dir='ltr'>ad</span> <span class='ocrx_word' id='word_1_15' title='bbox 363 292 573 359; x_wconf 85' lang='lat' dir='ltr'>crucifigendum</span> <span class='ocrx_word' id='word_1_16' title='bbox 585 311 592 359; x_wconf 88' lang='lat'>;</span> 
     </span>
     <span class='ocr_line' id='line_1_4' title="bbox 59 363 592 423; baseline 0.002 -10"><span class='ocrx_word' id='word_1_17' title='bbox 59 363 133 423; x_wconf 86' lang='lat' dir='ltr'>item,</span> <span class='ocrx_word' id='word_1_18' title='bbox 150 373 182 413; x_wconf 89' lang='lat' dir='ltr'>ut</span> <span class='ocrx_word' id='word_1_19' title='bbox 197 363 368 413; x_wconf 85' lang='lat' dir='ltr'>ostenderent</span> <span class='ocrx_word' id='word_1_20' title='bbox 385 379 446 413; x_wconf 89' lang='lat' dir='ltr'>eum</span> <span class='ocrx_word' id='word_1_21' title='bbox 468 379 526 414; x_wconf 90' lang='lat' dir='ltr'>esse</span> <span class='ocrx_word' id='word_1_22' title='bbox 540 365 592 414; x_wconf 91' lang='lat' dir='ltr'>ho-</span> 
     </span>
     <span class='ocr_line' id='line_1_5' title="bbox 61 433 594 500; baseline 0.004 -16"><span class='ocrx_word' id='word_1_23' title='bbox 61 434 162 484; x_wconf 88' lang='lat' dir='ltr'>minem</span> <span class='ocrx_word' id='word_1_24' title='bbox 187 433 328 500; x_wconf 85' lang='lat' dir='ltr'>fatigatum</span> <span class='ocrx_word' id='word_1_25' title='bbox 352 445 378 484; x_wconf 90' lang='lat' dir='ltr'>et</span> <span class='ocrx_word' id='word_1_26' title='bbox 399 434 547 496; x_wconf 88' lang='lat' dir='ltr'>infirmum,</span> <span class='ocrx_word' id='word_1_27' title='bbox 568 446 594 486; x_wconf 89' lang='lat' dir='ltr'>et</span> 
     </span>
     <span class='ocr_line' id='line_1_6' title="bbox 59 505 593 558; baseline 0.004 -2"><span class='ocrx_word' id='word_1_28' title='bbox 59 505 96 556; x_wconf 85' lang='lat' dir='ltr'>sic</span> <span class='ocrx_word' id='word_1_29' title='bbox 113 521 172 557; x_wconf 90' lang='lat' dir='ltr'>non</span> <span class='ocrx_word' id='word_1_30' title='bbox 196 506 348 555; x_wconf 88' lang='lat' dir='ltr'>crederetur</span> <span class='ocrx_word' id='word_1_31' title='bbox 366 506 414 556; x_wconf 91' lang='lat' dir='ltr'>Dei</span> <span class='ocrx_word' id='word_1_32' title='bbox 437 507 531 558; x_wconf 88' lang='lat' dir='ltr'>Filius.</span> <span class='ocrx_word' id='word_1_33' title='bbox 557 507 593 558; x_wconf 94' lang='lat' dir='ltr'>Ut</span> 
     </span>
     <span class='ocr_line' id='line_1_7' title="bbox 59 575 592 644; baseline 0.006 -19"><span class='ocrx_word' id='word_1_34' title='bbox 59 584 148 626; x_wconf 87' lang='lat' dir='ltr'>autem</span> <span class='ocrx_word' id='word_1_35' title='bbox 171 575 212 626; x_wconf 91' lang='lat' dir='ltr'>ait</span> <span class='ocrx_word' id='word_1_36' title='bbox 242 576 470 644; x_wconf 82' lang='lat' dir='ltr'>Chrysostomus,</span> <span class='ocrx_word' id='word_1_37' title='bbox 499 579 592 628; x_wconf 86' lang='lat' dir='ltr'>nullus</span> 
     </span>
     <span class='ocr_line' id='line_1_8' title="bbox 59 646 592 712; baseline 0.006 -16"><span class='ocrx_word' id='word_1_38' title='bbox 59 646 174 696; x_wconf 87' lang='lat' dir='ltr'>aliorum</span> <span class='ocrx_word' id='word_1_39' title='bbox 195 648 347 712; x_wconf 83' lang='lat' dir='ltr'>acceptabat</span> <span class='ocrx_word' id='word_1_40' title='bbox 363 663 469 697; x_wconf 88' lang='lat' dir='ltr'>crucem</span> <span class='ocrx_word' id='word_1_41' title='bbox 488 648 592 712; x_wconf 80' lang='lat' dir='ltr'>bajula-</span> 
     </span>
     <span class='ocr_line' id='line_1_9' title="bbox 30 720 590 786; baseline 0.007 -18"><span class='ocrx_word' id='word_1_42' title='bbox 30 759 33 768; x_wconf 78' lang='grc'>,</span> <span class='ocrx_word' id='word_1_43' title='bbox 59 734 100 781; x_wconf 90' lang='lat' dir='ltr'>re,</span> <span class='ocrx_word' id='word_1_44' title='bbox 130 734 167 783; x_wconf 85' lang='lat' dir='ltr'>eo</span> <span class='ocrx_word' id='word_1_45' title='bbox 196 721 270 786; x_wconf 91' lang='lat' dir='ltr'>quod</span> <span class='ocrx_word' id='word_1_46' title='bbox 299 720 404 786; x_wconf 84' lang='lat' dir='ltr'>lignum</span> <span class='ocrx_word' id='word_1_47' title='bbox 434 722 590 772; x_wconf 90' lang='lat' dir='ltr'>detestabile</span> 
     </span>
     <span class='ocr_line' id='line_1_10' title="bbox 58 792 589 859; baseline 0.002 -17"><span class='ocrx_word' id='word_1_48' title='bbox 58 792 211 857; x_wconf 87' lang='lat' dir='ltr'>putabatur,</span> <span class='ocrx_word' id='word_1_49' title='bbox 226 801 253 842; x_wconf 89' lang='lat' dir='ltr'>et</span> <span class='ocrx_word' id='word_1_50' title='bbox 262 793 322 842; x_wconf 87' lang='lat' dir='ltr'>ideo</span> <span class='ocrx_word' id='word_1_51' title='bbox 333 792 437 843; x_wconf 86' lang='lat' dir='ltr'>Simoni</span> <span class='ocrx_word' id='word_1_52' title='bbox 450 794 589 859; x_wconf 87' lang='lat' dir='ltr'>Cyrenaeo,</span> 
     </span>
     <span class='ocr_line' id='line_1_11' title="bbox 58 862 590 928; baseline 0.004 -16"><span class='ocrx_word' id='word_1_53' title='bbox 58 862 134 928; x_wconf 86' lang='lat' dir='ltr'>quasi</span> <span class='ocrx_word' id='word_1_54' title='bbox 150 863 180 913; x_wconf 90' lang='lat' dir='ltr'>in</span> <span class='ocrx_word' id='word_1_55' title='bbox 195 864 341 928; x_wconf 89' lang='lat' dir='ltr'>quamdam</span> <span class='ocrx_word' id='word_1_56' title='bbox 357 865 484 928; x_wconf 85' lang='lat' dir='ltr'>jacturam</span> <span class='ocrx_word' id='word_1_57' title='bbox 498 865 590 928; x_wconf 91' lang='lat' dir='ltr'>impo-</span> 
     </span>
     <span class='ocr_line' id='line_1_12' title="bbox 59 936 589 1001; baseline 0.004 -18"><span class='ocrx_word' id='word_1_58' title='bbox 59 942 173 984; x_wconf 88' lang='lat' dir='ltr'>suerunt</span> <span class='ocrx_word' id='word_1_59' title='bbox 193 949 299 984; x_wconf 88' lang='lat' dir='ltr'>crucem</span> <span class='ocrx_word' id='word_1_60' title='bbox 320 936 487 1000; x_wconf 89' lang='lat' dir='ltr'>portandam,</span> <span class='ocrx_word' id='word_1_61' title='bbox 507 951 589 1001; x_wconf 92' lang='lat' dir='ltr'>quam</span> 
     </span>
     <span class='ocr_line' id='line_1_13' title="bbox 59 1004 591 1071; baseline 0 -17"><span class='ocrx_word' id='word_1_62' title='bbox 59 1004 102 1054; x_wconf 89' lang='lat' dir='ltr'>alii</span> <span class='ocrx_word' id='word_1_63' title='bbox 123 1007 294 1055; x_wconf 86' lang='lat' dir='ltr'>recusabant.</span> <span class='ocrx_word' id='word_1_64' title='bbox 317 1005 369 1065; x_wconf 92' lang='lat' dir='ltr'>Qui</span> <span class='ocrx_word' id='word_1_65' title='bbox 390 1006 505 1071; x_wconf 90' lang='lat' dir='ltr'>portavit</span> <span class='ocrx_word' id='word_1_66' title='bbox 532 1021 591 1055; x_wconf 91' lang='lat' dir='ltr'>eam</span> 
     </span>
     <span class='ocr_line' id='line_1_14' title="bbox 57 1076 590 1142; baseline 0.002 -17"><span class='ocrx_word' id='word_1_67' title='bbox 57 1076 231 1142; x_wconf 87' lang='lat' dir='ltr'>corporaliter</span> <span class='ocrx_word' id='word_1_68' title='bbox 245 1087 271 1126; x_wconf 94' lang='lat' dir='ltr'>et</span> <span class='ocrx_word' id='word_1_69' title='bbox 285 1076 376 1139; x_wconf 91' lang='lat' dir='ltr'>invite,</span> <span class='ocrx_word' id='word_1_70' title='bbox 391 1094 444 1127; x_wconf 92' lang='lat' dir='ltr'>non</span> <span class='ocrx_word' id='word_1_71' title='bbox 460 1076 590 1142; x_wconf 91' lang='lat' dir='ltr'>spiritua-</span> 
     </span>
     <span class='ocr_line' id='line_1_15' title="bbox 58 1144 590 1212; baseline 0.008 -19"><span class='ocrx_word' id='word_1_72' title='bbox 58 1144 117 1196; x_wconf 88' lang='lat' dir='ltr'>liter</span> <span class='ocrx_word' id='word_1_73' title='bbox 133 1156 162 1196; x_wconf 91' lang='lat' dir='ltr'>et</span> <span class='ocrx_word' id='word_1_74' title='bbox 183 1146 354 1197; x_wconf 88' lang='lat' dir='ltr'>voluntarie:</span> <span class='ocrx_word' id='word_1_75' title='bbox 370 1158 428 1196; x_wconf 88' lang='lat' dir='ltr'>tum</span> <span class='ocrx_word' id='word_1_76' title='bbox 449 1147 513 1212; x_wconf 89' lang='lat' dir='ltr'>quia</span> <span class='ocrx_word' id='word_1_77' title='bbox 538 1146 590 1197; x_wconf 92' lang='lat' dir='ltr'>hoc</span> 
     </span>
     <span class='ocr_line' id='line_1_16' title="bbox 58 1219 591 1286; baseline 0.004 -18"><span class='ocrx_word' id='word_1_78' title='bbox 58 1230 112 1269; x_wconf 90' lang='lat' dir='ltr'>erat</span> <span class='ocrx_word' id='word_1_79' title='bbox 127 1230 225 1286; x_wconf 89' lang='lat' dir='ltr'>turpe;</span> <span class='ocrx_word' id='word_1_80' title='bbox 242 1229 300 1270; x_wconf 92' lang='lat' dir='ltr'>tum</span> <span class='ocrx_word' id='word_1_81' title='bbox 322 1221 386 1286; x_wconf 91' lang='lat' dir='ltr'>quia</span> <span class='ocrx_word' id='word_1_82' title='bbox 407 1219 517 1270; x_wconf 85' lang='lat' dir='ltr'>forsitan</span> <span class='ocrx_word' id='word_1_83' title='bbox 534 1229 591 1270; x_wconf 90' lang='lat' dir='ltr'>erat</span> 
     </span>
     <span class='ocr_line' id='line_1_17' title="bbox 56 1288 588 1354; baseline 0.004 -15"><span class='ocrx_word' id='word_1_84' title='bbox 56 1288 117 1339; x_wconf 84' lang='lat' dir='ltr'>Iesu</span> <span class='ocrx_word' id='word_1_85' title='bbox 131 1289 295 1354; x_wconf 91' lang='lat' dir='ltr'>discipulus,</span> <span class='ocrx_word' id='word_1_86' title='bbox 315 1291 376 1340; x_wconf 88' lang='lat' dir='ltr'>licet</span> <span class='ocrx_word' id='word_1_87' title='bbox 396 1292 524 1341; x_wconf 91' lang='lat' dir='ltr'>occultus.</span> <span class='ocrx_word' id='word_1_88' title='bbox 547 1291 588 1351; x_wconf 89' lang='lat' dir='ltr'>Et,</span> 
     </span>
     <span class='ocr_line' id='line_1_18' title="bbox 58 1362 589 1431; baseline 0.002 -19"><span class='ocrx_word' id='word_1_89' title='bbox 58 1372 87 1412; x_wconf 92' lang='lat' dir='ltr'>ut</span> <span class='ocrx_word' id='word_1_90' title='bbox 99 1362 166 1412; x_wconf 91' lang='lat' dir='ltr'>dicit</span> <span class='ocrx_word' id='word_1_91' title='bbox 182 1363 380 1431; x_wconf 85' lang='lat' dir='ltr'>Hieronymus,</span> <span class='ocrx_word' id='word_1_92' title='bbox 398 1380 494 1414; x_wconf 86' lang='lat' dir='ltr'>nornen</span> <span class='ocrx_word' id='word_1_93' title='bbox 511 1364 589 1414; x_wconf 91' lang='lat' dir='ltr'>istius</span> 
     </span>
     <span class='ocr_line' id='line_1_19' title="bbox 57 1433 590 1500; baseline 0.002 -17"><span class='ocrx_word' id='word_1_94' title='bbox 57 1433 178 1485; x_wconf 87' lang='lat' dir='ltr'>Simonis</span> <span class='ocrx_word' id='word_1_95' title='bbox 200 1435 246 1486; x_wconf 92' lang='lat' dir='ltr'>hic</span> <span class='ocrx_word' id='word_1_96' title='bbox 261 1435 428 1500; x_wconf 88' lang='lat' dir='ltr'>exprimitur,</span> <span class='ocrx_word' id='word_1_97' title='bbox 445 1437 548 1486; x_wconf 88' lang='lat' dir='ltr'>ratione</span> <span class='ocrx_word' id='word_1_98' title='bbox 562 1435 590 1484; x_wconf 89' lang='lat' dir='ltr'>fi-</span> 
     </span>
     <span class='ocr_line' id='line_1_20' title="bbox 57 1505 587 1574; baseline 0.004 -18"><span class='ocrx_word' id='word_1_99' title='bbox 57 1505 157 1557; x_wconf 87' lang='lat' dir='ltr'>liorum</span> <span class='ocrx_word' id='word_1_100' title='bbox 180 1522 305 1568; x_wconf 84' lang='lat' dir='ltr'>suorum,</span> <span class='ocrx_word' id='word_1_101' title='bbox 329 1509 376 1574; x_wconf 92' lang='lat' dir='ltr'>qui</span> <span class='ocrx_word' id='word_1_102' title='bbox 396 1518 470 1559; x_wconf 84' lang='lat' dir='ltr'>erant</span> <span class='ocrx_word' id='word_1_103' title='bbox 485 1509 587 1560; x_wconf 88' lang='lat' dir='ltr'>Christi</span> 
     </span>
     <span class='ocr_line' id='line_1_21' title="bbox 56 1577 590 1646; baseline 0.004 -19"><span class='ocrx_word' id='word_1_104' title='bbox 56 1577 191 1645; x_wconf 91' lang='lat' dir='ltr'>discipuli.</span> <span class='ocrx_word' id='word_1_105' title='bbox 208 1580 321 1630; x_wconf 90' lang='lat' dir='ltr'>Crucem</span> <span class='ocrx_word' id='word_1_106' title='bbox 338 1582 413 1643; x_wconf 82' lang='lat' dir='ltr'>lesus</span> <span class='ocrx_word' id='word_1_107' title='bbox 425 1581 471 1631; x_wconf 91' lang='lat' dir='ltr'>diu</span> <span class='ocrx_word' id='word_1_108' title='bbox 486 1591 590 1646; x_wconf 91' lang='lat' dir='ltr'>portare</span> 
     </span>
     <span class='ocr_line' id='line_1_22' title="bbox 57 1651 590 1716; baseline 0.004 -18"><span class='ocrx_word' id='word_1_109' title='bbox 57 1663 110 1698; x_wconf 88' lang='lat' dir='ltr'>non</span> <span class='ocrx_word' id='word_1_110' title='bbox 133 1659 248 1716; x_wconf 89' lang='lat' dir='ltr'>poterat,</span> <span class='ocrx_word' id='word_1_111' title='bbox 271 1651 334 1716; x_wconf 88' lang='lat' dir='ltr'>quia</span> <span class='ocrx_word' id='word_1_112' title='bbox 362 1667 394 1701; x_wconf 88' lang='lat' dir='ltr'>ex</span> <span class='ocrx_word' id='word_1_113' title='bbox 416 1651 590 1700; x_wconf 87' lang='lat' dir='ltr'>affixionibus</span> 
     </span>
     <span class='ocr_line' id='line_1_23' title="bbox 57 1720 591 1787; baseline 0 -17"><span class='ocrx_word' id='word_1_114' title='bbox 57 1720 272 1784; x_wconf 71' lang='lat' dir='ltr'>precedentibus</span> <span class='ocrx_word' id='word_1_115' title='bbox 306 1720 431 1787; x_wconf 88' lang='lat' dir='ltr'>fatigatus</span> <span class='ocrx_word' id='word_1_116' title='bbox 466 1731 536 1786; x_wconf 88' lang='lat' dir='ltr'>erat;</span> <span class='ocrx_word' id='word_1_117' title='bbox 565 1729 591 1771; x_wconf 93' lang='lat' dir='ltr'>et</span> 
     </span>
     <span class='ocr_line' id='line_1_24' title="bbox 58 1788 591 1857; baseline 0.006 -18"><span class='ocrx_word' id='word_1_118' title='bbox 58 1788 117 1839; x_wconf 85' lang='lat' dir='ltr'>ideo</span> <span class='ocrx_word' id='word_1_119' title='bbox 135 1790 222 1841; x_wconf 86' lang='lat' dir='ltr'>Judaei</span> <span class='ocrx_word' id='word_1_120' title='bbox 238 1806 344 1840; x_wconf 90' lang='lat' dir='ltr'>crucem</span> <span class='ocrx_word' id='word_1_121' title='bbox 362 1792 466 1841; x_wconf 81' lang='lat' dir='ltr'>Simoni</span> <span class='ocrx_word' id='word_1_122' title='bbox 486 1801 591 1857; x_wconf 87' lang='lat' dir='ltr'>portare</span> 
     </span>
     <span class='ocr_line' id='line_1_25' title="bbox 56 1861 591 1928; baseline 0.004 -18"><span class='ocrx_word' id='word_1_123' title='bbox 56 1869 118 1924; x_wconf 87' lang='lat' dir='ltr'>post</span> <span class='ocrx_word' id='word_1_124' title='bbox 133 1861 230 1910; x_wconf 90' lang='lat' dir='ltr'>Jesum</span> <span class='ocrx_word' id='word_1_125' title='bbox 241 1861 422 1927; x_wconf 87' lang='lat' dir='ltr'>imponebant.</span> <span class='ocrx_word' id='word_1_126' title='bbox 436 1864 466 1913; x_wconf 90' lang='lat' dir='ltr'>In</span> <span class='ocrx_word' id='word_1_127' title='bbox 478 1879 533 1928; x_wconf 91' lang='lat' dir='ltr'>quo</span> <span class='ocrx_word' id='word_1_128' title='bbox 546 1863 591 1912; x_wconf 92' lang='lat' dir='ltr'>do-</span> 
     </span>
     <span class='ocr_line' id='line_1_26' title="bbox 57 1932 590 2000; baseline 0.009 -20"><span class='ocrx_word' id='word_1_129' title='bbox 57 1934 157 1991; x_wconf 84' lang='lat' dir='ltr'>ce&#39;mur,</span> <span class='ocrx_word' id='word_1_130' title='bbox 173 1932 248 1999; x_wconf 93' lang='lat' dir='ltr'>quod</span> <span class='ocrx_word' id='word_1_131' title='bbox 262 1933 375 1998; x_wconf 90' lang='lat' dir='ltr'>quilibet</span> <span class='ocrx_word' id='word_1_132' title='bbox 392 1935 471 1984; x_wconf 91' lang='lat' dir='ltr'>debet</span> <span class='ocrx_word' id='word_1_133' title='bbox 486 1944 590 2000; x_wconf 90' lang='lat' dir='ltr'>portare</span> 
     </span>
     <span class='ocr_line' id='line_1_27' title="bbox 56 2004 590 2071; baseline 0.004 -18"><span class='ocrx_word' id='word_1_134' title='bbox 56 2018 162 2053; x_wconf 88' lang='lat' dir='ltr'>crucem</span> <span class='ocrx_word' id='word_1_135' title='bbox 205 2004 369 2069; x_wconf 84' lang='lat' dir='ltr'>poenitentiae</span> <span class='ocrx_word' id='word_1_136' title='bbox 395 2006 515 2071; x_wconf 91' lang='lat' dir='ltr'>quandiu</span> <span class='ocrx_word' id='word_1_137' title='bbox 541 2022 590 2071; x_wconf 93' lang='lat' dir='ltr'>po-</span> 
     </span>
     <span class='ocr_line' id='line_1_28' title="bbox 57 2074 586 2141; baseline 0.008 -19"><span class='ocrx_word' id='word_1_138' title='bbox 57 2081 125 2135; x_wconf 88' lang='lat' dir='ltr'>test;</span> <span class='ocrx_word' id='word_1_139' title='bbox 149 2074 197 2124; x_wconf 92' lang='lat' dir='ltr'>sed</span> <span class='ocrx_word' id='word_1_140' title='bbox 212 2088 274 2122; x_wconf 91' lang='lat' dir='ltr'>curn</span> <span class='ocrx_word' id='word_1_141' title='bbox 287 2075 399 2124; x_wconf 88' lang='lat' dir='ltr'>ulterius</span> <span class='ocrx_word' id='word_1_142' title='bbox 421 2091 475 2125; x_wconf 93' lang='lat' dir='ltr'>non</span> <span class='ocrx_word' id='word_1_143' title='bbox 491 2085 586 2141; x_wconf 89' lang='lat' dir='ltr'>potest,</span> 
     </span>
     <span class='ocr_line' id='line_1_29' title="bbox 58 2143 589 2212; baseline 0.008 -20"><span class='ocrx_word' id='word_1_144' title='bbox 58 2150 122 2193; x_wconf 86' lang='lat' dir='ltr'>tunc</span> <span class='ocrx_word' id='word_1_145' title='bbox 137 2143 225 2210; x_wconf 87' lang='lat' dir='ltr'>placet</span> <span class='ocrx_word' id='word_1_146' title='bbox 237 2143 346 2194; x_wconf 90' lang='lat' dir='ltr'>Christo</span> <span class='ocrx_word' id='word_1_147' title='bbox 368 2146 441 2211; x_wconf 92' lang='lat' dir='ltr'>quod</span> <span class='ocrx_word' id='word_1_148' title='bbox 458 2147 526 2196; x_wconf 89' lang='lat' dir='ltr'>alius</span> <span class='ocrx_word' id='word_1_149' title='bbox 541 2162 589 2212; x_wconf 92' lang='lat' dir='ltr'>pro</span> 
     </span>
     <span class='ocr_line' id='line_1_30' title="bbox 54 2216 588 2280; baseline 0.007 -17"><span class='ocrx_word' id='word_1_150' title='bbox 54 2228 88 2263; x_wconf 91' lang='lat' dir='ltr'>eo</span> <span class='ocrx_word' id='word_1_151' title='bbox 109 2224 209 2280; x_wconf 90' lang='lat' dir='ltr'>portet.</span> <span class='ocrx_word' id='word_1_152' title='bbox 237 2216 289 2265; x_wconf 91' lang='lat' dir='ltr'>Iste</span> <span class='ocrx_word' id='word_1_153' title='bbox 310 2216 415 2280; x_wconf 86' lang='lat' dir='ltr'>Simon,</span> <span class='ocrx_word' id='word_1_154' title='bbox 442 2219 588 2267; x_wconf 87' lang='lat' dir='ltr'>secundum</span> 
     </span>
     <span class='ocr_line' id='line_1_31' title="bbox 54 2288 587 2356; baseline 0.006 -20"><span class='ocrx_word' id='word_1_155' title='bbox 54 2288 207 2352; x_wconf 84' lang='lat' dir='ltr'>quosdam,</span> <span class='ocrx_word' id='word_1_156' title='bbox 230 2303 285 2337; x_wconf 91' lang='lat' dir='ltr'>non</span> <span class='ocrx_word' id='word_1_157' title='bbox 316 2288 367 2337; x_wconf 91' lang='lat' dir='ltr'>fuit</span> <span class='ocrx_word' id='word_1_158' title='bbox 390 2289 587 2356; x_wconf 81' lang='lat' dir='ltr'>lerosolytnita,</span> 
     </span>
     <span class='ocr_line' id='line_1_32' title="bbox 55 2359 589 2427; baseline 0.004 -17"><span class='ocrx_word' id='word_1_159' title='bbox 55 2360 102 2410; x_wconf 81' lang='lat' dir='ltr'>sed</span> <span class='ocrx_word' id='word_1_160' title='bbox 116 2359 276 2425; x_wconf 86' lang='lat' dir='ltr'>peregrinus</span> <span class='ocrx_word' id='word_1_161' title='bbox 290 2370 316 2410; x_wconf 90' lang='lat' dir='ltr'>et</span> <span class='ocrx_word' id='word_1_162' title='bbox 330 2362 441 2421; x_wconf 90' lang='lat' dir='ltr'>advena,</span> <span class='ocrx_word' id='word_1_163' title='bbox 457 2362 521 2427; x_wconf 90' lang='lat' dir='ltr'>quia</span> <span class='ocrx_word' id='word_1_164' title='bbox 535 2363 589 2412; x_wconf 89' lang='lat' dir='ltr'>fue-</span> 
     </span>
     <span class='ocr_line' id='line_1_33' title="bbox 56 2430 587 2498; baseline 0.006 -18"><span class='ocrx_word' id='word_1_165' title='bbox 56 2440 96 2480; x_wconf 90' lang='lat' dir='ltr'>rat</span> <span class='ocrx_word' id='word_1_166' title='bbox 107 2430 236 2490; x_wconf 90' lang='lat' dir='ltr'>Gentilis‚</span> <span class='ocrx_word' id='word_1_167' title='bbox 255 2440 281 2480; x_wconf 93' lang='lat' dir='ltr'>et</span> <span class='ocrx_word' id='word_1_168' title='bbox 294 2430 378 2481; x_wconf 90' lang='lat' dir='ltr'>factus</span> <span class='ocrx_word' id='word_1_169' title='bbox 399 2431 450 2482; x_wconf 86' lang='lat' dir='ltr'>luit</span> <span class='ocrx_word' id='word_1_170' title='bbox 467 2435 587 2498; x_wconf 86' lang='lat' dir='ltr'>prosely-</span> 
     </span>
     <span class='ocr_line' id='line_1_34' title="bbox 56 2500 588 2568; baseline 0.004 -17"><span class='ocrx_word' id='word_1_171' title='bbox 56 2509 107 2551; x_wconf 84' lang='lat' dir='ltr'>tus.</span> <span class='ocrx_word' id='word_1_172' title='bbox 125 2500 162 2550; x_wconf 89' lang='lat' dir='ltr'>Et</span> <span class='ocrx_word' id='word_1_173' title='bbox 175 2500 237 2550; x_wconf 89' lang='lat' dir='ltr'>licet</span> <span class='ocrx_word' id='word_1_174' title='bbox 257 2500 309 2565; x_wconf 91' lang='lat' dir='ltr'>ipsi</span> <span class='ocrx_word' id='word_1_175' title='bbox 326 2511 452 2568; x_wconf 87' lang='lat' dir='ltr'>tanquam</span> <span class='ocrx_word' id='word_1_176' title='bbox 467 2513 588 2553; x_wconf 90' lang='lat' dir='ltr'>contem-</span> 
     </span>
     <span class='ocr_line' id='line_1_35' title="bbox 56 2569 587 2636; baseline 0.009 -17"><span class='ocrx_word' id='word_1_177' title='bbox 56 2569 146 2635; x_wconf 88' lang='lat' dir='ltr'>ptibili</span> <span class='ocrx_word' id='word_1_178' title='bbox 169 2570 357 2636; x_wconf 90' lang='lat' dir='ltr'>imposuerunt</span> <span class='ocrx_word' id='word_1_179' title='bbox 383 2588 487 2624; x_wconf 90' lang='lat' dir='ltr'>crucem</span> <span class='ocrx_word' id='word_1_180' title='bbox 515 2575 587 2634; x_wconf 86' lang='lat' dir='ltr'>lesu,</span> 
     </span>
     <span class='ocr_line' id='line_1_36' title="bbox 57 2639 587 2709; baseline 0.011 -21"><span class='ocrx_word' id='word_1_181' title='bbox 57 2639 109 2690; x_wconf 91' lang='lat' dir='ltr'>hoc</span> <span class='ocrx_word' id='word_1_182' title='bbox 131 2650 222 2692; x_wconf 84' lang='lat' dir='ltr'>tamen</span> <span class='ocrx_word' id='word_1_183' title='bbox 243 2657 297 2691; x_wconf 91' lang='lat' dir='ltr'>non</span> <span class='ocrx_word' id='word_1_184' title='bbox 318 2653 391 2692; x_wconf 89' lang='lat' dir='ltr'>vacat</span> <span class='ocrx_word' id='word_1_185' title='bbox 412 2659 427 2693; x_wconf 93' lang='lat' dir='ltr'>a</span> <span class='ocrx_word' id='word_1_186' title='bbox 451 2644 587 2709; x_wconf 90' lang='lat' dir='ltr'>mysterio.</span> 
     </span>
     <span class='ocr_line' id='line_1_37' title="bbox 57 2712 589 2780; baseline 0.008 -17"><span class='ocrx_word' id='word_1_187' title='bbox 57 2712 232 2779; x_wconf 85' lang='lat' dir='ltr'>Significabat</span> <span class='ocrx_word' id='word_1_188' title='bbox 253 2714 326 2764; x_wconf 90' lang='lat' dir='ltr'>enim</span> <span class='ocrx_word' id='word_1_189' title='bbox 348 2716 421 2780; x_wconf 92' lang='lat' dir='ltr'>quod</span> <span class='ocrx_word' id='word_1_190' title='bbox 446 2716 589 2767; x_wconf 91' lang='lat' dir='ltr'>Gentilitas</span> 
     </span>
     <span class='ocr_line' id='line_1_38' title="bbox 56 2782 587 2848; baseline 0.011 -17"><span class='ocrx_word' id='word_1_191' title='bbox 56 2782 89 2832; x_wconf 88' lang='lat' dir='ltr'>ab</span> <span class='ocrx_word' id='word_1_192' title='bbox 100 2783 170 2848; x_wconf 89' lang='lat' dir='ltr'>ipsis</span> <span class='ocrx_word' id='word_1_193' title='bbox 181 2783 304 2834; x_wconf 87' lang='lat' dir='ltr'>humeris</span> <span class='ocrx_word' id='word_1_194' title='bbox 314 2785 468 2836; x_wconf 86' lang='lat' dir='ltr'>immediate</span> <span class='ocrx_word' id='word_1_195' title='bbox 482 2802 587 2837; x_wconf 91' lang='lat' dir='ltr'>crucem</span> 
     </span>
     <span class='ocr_line' id='line_1_39' title="bbox 55 2855 587 2921; baseline 0.006 -18"><span class='ocrx_word' id='word_1_196' title='bbox 55 2864 214 2919; x_wconf 83' lang='lat' dir='ltr'>susceptura</span> <span class='ocrx_word' id='word_1_197' title='bbox 231 2855 264 2904; x_wconf 90' lang='lat' dir='ltr'>ad</span> <span class='ocrx_word' id='word_1_198' title='bbox 272 2855 491 2921; x_wconf 74' lang='lat' dir='ltr'>&#39;redemptionem</span> <span class='ocrx_word' id='word_1_199' title='bbox 515 2868 587 2921; x_wconf 89' lang='lat' dir='ltr'>erat;</span> 
     </span>
     <span class='ocr_line' id='line_1_40' title="bbox 55 2927 589 2994; baseline 0.002 -17"><span class='ocrx_word' id='word_1_200' title='bbox 55 2942 117 2993; x_wconf 82' lang='lat' dir='ltr'>qure</span> <span class='ocrx_word' id='word_1_201' title='bbox 139 2937 166 2978; x_wconf 90' lang='lat' dir='ltr'>et</span> <span class='ocrx_word' id='word_1_202' title='bbox 184 2927 308 2978; x_wconf 88' lang='lat' dir='ltr'>tenebras</span> <span class='ocrx_word' id='word_1_203' title='bbox 325 2928 485 2994; x_wconf 83' lang='lat' dir='ltr'>ignorantIae</span> <span class='ocrx_word' id='word_1_204' title='bbox 499 2928 589 2978; x_wconf 91' lang='lat' dir='ltr'>idolo-</span> 
     </span>
     <span class='ocr_line' id='line_1_41' title="bbox 56 2999 589 3066; baseline 0.004 -18"><span class='ocrx_word' id='word_1_205' title='bbox 56 2999 140 3050; x_wconf 81' lang='lat' dir='ltr'>latriae</span> <span class='ocrx_word' id='word_1_206' title='bbox 163 2999 327 3065; x_wconf 85' lang='lat' dir='ltr'>exstirparet,</span> <span class='ocrx_word' id='word_1_207' title='bbox 348 3001 421 3066; x_wconf 87' lang='lat' dir='ltr'>quod</span> <span class='ocrx_word' id='word_1_208' title='bbox 440 3001 589 3051; x_wconf 85' lang='lat' dir='ltr'>Alexander</span> 
     </span>
     <span class='ocr_line' id='line_1_42' title="bbox 56 3070 587 3137; baseline 0.004 -16"><span class='ocrx_word' id='word_1_209' title='bbox 56 3070 262 3137; x_wconf 87' lang='lat' dir='ltr'>interpretatur;</span> <span class='ocrx_word' id='word_1_210' title='bbox 289 3084 315 3124; x_wconf 92' lang='lat' dir='ltr'>et</span> <span class='ocrx_word' id='word_1_211' title='bbox 339 3083 422 3124; x_wconf 89' lang='lat' dir='ltr'>totam</span> <span class='ocrx_word' id='word_1_212' title='bbox 443 3073 587 3124; x_wconf 87' lang='lat' dir='ltr'>Ecclesiam</span> 
     </span>
     <span class='ocr_line' id='line_1_43' title="bbox 56 3141 588 3211; baseline 0.008 -21"><span class='ocrx_word' id='word_1_213' title='bbox 56 3141 90 3193; x_wconf 89' lang='lat' dir='ltr'>de</span> <span class='ocrx_word' id='word_1_214' title='bbox 103 3142 238 3194; x_wconf 89' lang='lat' dir='ltr'>Gentibus</span> <span class='ocrx_word' id='word_1_215' title='bbox 252 3145 383 3211; x_wconf 86' lang='lat' dir='ltr'>sanguine</span> <span class='ocrx_word' id='word_1_216' title='bbox 408 3160 458 3196; x_wconf 93' lang='lat' dir='ltr'>suo</span> <span class='ocrx_word' id='word_1_217' title='bbox 477 3147 588 3195; x_wconf 89' lang='lat' dir='ltr'>decora-</span> 
     </span>
     <span class='ocr_line' id='line_1_44' title="bbox 57 3218 589 3284; baseline 0.006 -18"><span class='ocrx_word' id='word_1_218' title='bbox 57 3224 106 3276; x_wconf 83' lang='lat' dir='ltr'>ret,</span> <span class='ocrx_word' id='word_1_219' title='bbox 132 3218 206 3282; x_wconf 93' lang='lat' dir='ltr'>quod</span> <span class='ocrx_word' id='word_1_220' title='bbox 237 3219 324 3283; x_wconf 87' lang='lat' dir='ltr'>signat</span> <span class='ocrx_word' id='word_1_221' title='bbox 353 3218 457 3282; x_wconf 89' lang='lat' dir='ltr'>Rufus;</span> <span class='ocrx_word' id='word_1_222' title='bbox 483 3228 509 3269; x_wconf 95' lang='lat' dir='ltr'>et</span> <span class='ocrx_word' id='word_1_223' title='bbox 542 3234 589 3284; x_wconf 90' lang='lat' dir='ltr'>per</span> 
     </span>
     <span class='ocr_line' id='line_1_45' title="bbox 56 3286 589 3356; baseline 0.006 -21"><span class='ocrx_word' id='word_1_224' title='bbox 56 3286 149 3336; x_wconf 87' lang='lat' dir='ltr'>omnia</span> <span class='ocrx_word' id='word_1_225' title='bbox 184 3303 327 3338; x_wconf 82' lang='lat' dir='ltr'>moerorem</span> <span class='ocrx_word' id='word_1_226' title='bbox 366 3289 508 3350; x_wconf 89' lang='lat' dir='ltr'>Gentium,</span> <span class='ocrx_word' id='word_1_227' title='bbox 542 3304 589 3356; x_wconf 88' lang='lat' dir='ltr'>per</span> 
     </span>
     <span class='ocr_line' id='line_1_46' title="bbox 57 3357 590 3426; baseline 0.006 -20"><span class='ocrx_word' id='word_1_228' title='bbox 57 3357 240 3408; x_wconf 89' lang='lat' dir='ltr'>obedientiam</span> <span class='ocrx_word' id='word_1_229' title='bbox 255 3360 406 3424; x_wconf 84' lang='lat' dir='ltr'>deponeret,</span> <span class='ocrx_word' id='word_1_230' title='bbox 422 3361 495 3426; x_wconf 90' lang='lat' dir='ltr'>quod</span> <span class='ocrx_word' id='word_1_231' title='bbox 510 3360 590 3410; x_wconf 91' lang='lat' dir='ltr'>inter-</span> 
     </span>
     <span class='ocr_line' id='line_1_47' title="bbox 59 3429 588 3495; baseline 0.002 -18"><span class='ocrx_word' id='word_1_232' title='bbox 59 3436 179 3490; x_wconf 85' lang='lat' dir='ltr'>pretatur</span> <span class='ocrx_word' id='word_1_233' title='bbox 203 3429 318 3492; x_wconf 83' lang='lat' dir='ltr'>Simon3</span> <span class='ocrx_word' id='word_1_234' title='bbox 334 3440 359 3480; x_wconf 89' lang='lat' dir='ltr'>et</span> <span class='ocrx_word' id='word_1_235' title='bbox 383 3430 493 3480; x_wconf 87' lang='lat' dir='ltr'>heredes</span> <span class='ocrx_word' id='word_1_236' title='bbox 513 3430 588 3495; x_wconf 82' lang='lat' dir='ltr'>regni</span> 
     </span>
     <span class='ocr_line' id='line_1_48' title="bbox 59 3495 590 3566; baseline 0.004 -18"><span class='ocrx_word' id='word_1_237' title='bbox 59 3495 163 3560; x_wconf 80' lang='lat' dir='ltr'>faceret,</span> <span class='ocrx_word' id='word_1_238' title='bbox 186 3500 259 3565; x_wconf 91' lang='lat' dir='ltr'>quod</span> <span class='ocrx_word' id='word_1_239' title='bbox 292 3500 480 3566; x_wconf 89' lang='lat' dir='ltr'>interpretatur</span> <span class='ocrx_word' id='word_1_240' title='bbox 505 3501 590 3566; x_wconf 92' lang='lat' dir='ltr'>Cyre-</span> 
     </span>
     <span class='ocr_line' id='line_1_49' title="bbox 61 3571 589 3635; baseline 0.008 -17"><span class='ocrx_word' id='word_1_241' title='bbox 61 3581 153 3635; x_wconf 79' lang='lat' dir='ltr'>naeus3</span> <span class='ocrx_word' id='word_1_242' title='bbox 169 3579 196 3620; x_wconf 93' lang='lat' dir='ltr'>et</span> <span class='ocrx_word' id='word_1_243' title='bbox 208 3585 314 3621; x_wconf 90' lang='lat' dir='ltr'>crucem</span> <span class='ocrx_word' id='word_1_244' title='bbox 328 3571 430 3622; x_wconf 91' lang='lat' dir='ltr'>Christi</span> <span class='ocrx_word' id='word_1_245' title='bbox 456 3571 485 3621; x_wconf 92' lang='lat' dir='ltr'>in</span> <span class='ocrx_word' id='word_1_246' title='bbox 505 3573 589 3622; x_wconf 89' lang='lat' dir='ltr'>altum</span> 
     </span>
     <span class='ocr_line' id='line_1_50' title="bbox 62 3641 591 3709; baseline 0.008 -22"><span class='ocrx_word' id='word_1_247' title='bbox 62 3651 106 3701; x_wconf 83' lang='lat' dir='ltr'>per</span> <span class='ocrx_word' id='word_1_248' title='bbox 130 3641 318 3705; x_wconf 73' lang='lat' dir='ltr'>poenitentiam</span> <span class='ocrx_word' id='word_1_249' title='bbox 345 3643 491 3702; x_wconf 87' lang='lat' dir='ltr'>extolleret,</span> <span class='ocrx_word' id='word_1_250' title='bbox 517 3642 591 3709; x_wconf 91' lang='lat' dir='ltr'>quod</span> 
     </span>
    </p>
   </div>
   <div class='ocr_carea' id='block_1_4' title="bbox 62 3712 590 3778">
    <p class='ocr_par' dir='ltr' id='par_1_4' title="bbox 62 3712 590 3778">
     <span class='ocr_line' id='line_1_51' title="bbox 62 3712 590 3778; baseline 0.004 -17"><span class='ocrx_word' id='word_1_251' title='bbox 62 3712 199 3762; x_wconf 83' lang='lat' dir='ltr'>sustollere</span> <span class='ocrx_word' id='word_1_252' title='bbox 210 3726 315 3762; x_wconf 86' lang='lat' dir='ltr'>crucem</span> <span class='ocrx_word' id='word_1_253' title='bbox 328 3712 429 3763; x_wconf 87' lang='lat' dir='ltr'>Christi</span> <span class='ocrx_word' id='word_1_254' title='bbox 439 3712 571 3778; x_wconf 85' lang='lat' dir='ltr'>significat</span> <span class='ocrx_word' id='word_1_255' title='bbox 581 3729 590 3777; x_wconf 89' lang='lat'>;</span> 
     </span>
    </p>
   </div>
   <div class='ocr_carea' id='block_1_5' title="bbox 647 224 1184 3709">
    <p class='ocr_par' dir='ltr' id='par_1_5' title="bbox 647 224 1184 3266">
     <span class='ocr_line' id='line_1_52' title="bbox 655 224 1184 290; baseline -0.002 -16"><span class='ocrx_word' id='word_1_256' title='bbox 655 235 681 275; x_wconf 91' lang='lat' dir='ltr'>et</span> <span class='ocrx_word' id='word_1_257' title='bbox 701 226 733 275; x_wconf 91' lang='lat' dir='ltr'>ad</span> <span class='ocrx_word' id='word_1_258' title='bbox 756 225 808 274; x_wconf 86' lang='lat' dir='ltr'>lroc</span> <span class='ocrx_word' id='word_1_259' title='bbox 821 225 1010 290; x_wconf 85' lang='lat' dir='ltr'>compellerent</span> <span class='ocrx_word' id='word_1_260' title='bbox 1030 224 1123 282; x_wconf 87' lang='lat' dir='ltr'>Judaei,</span> <span class='ocrx_word' id='word_1_261' title='bbox 1137 239 1184 290; x_wconf 88' lang='lat' dir='ltr'>per</span> 
     </span>
     <span class='ocr_line' id='line_1_53' title="bbox 655 295 1183 362; baseline 0.002 -17"><span class='ocrx_word' id='word_1_262' title='bbox 655 297 705 346; x_wconf 91' lang='lat' dir='ltr'>hoc</span> <span class='ocrx_word' id='word_1_263' title='bbox 731 298 802 362; x_wconf 92' lang='lat' dir='ltr'>quod</span> <span class='ocrx_word' id='word_1_264' title='bbox 834 297 947 347; x_wconf 89' lang='lat' dir='ltr'>verbum</span> <span class='ocrx_word' id='word_1_265' title='bbox 973 295 1059 346; x_wconf 88' lang='lat' dir='ltr'>crucis</span> <span class='ocrx_word' id='word_1_266' title='bbox 1084 297 1183 361; x_wconf 83' lang='lat' dir='ltr'>rejece-</span> 
     </span>
     <span class='ocr_line' id='line_1_54' title="bbox 654 365 1182 433; baseline 0 -17"><span class='ocrx_word' id='word_1_267' title='bbox 654 377 725 427; x_wconf 92' lang='lat' dir='ltr'>runt,</span> <span class='ocrx_word' id='word_1_268' title='bbox 749 368 821 432; x_wconf 89' lang='lat' dir='ltr'>quod</span> <span class='ocrx_word' id='word_1_269' title='bbox 836 365 966 433; x_wconf 88' lang='lat' dir='ltr'>signilicat</span> <span class='ocrx_word' id='word_1_270' title='bbox 982 366 1099 432; x_wconf 83' lang='lat' dir='ltr'>angaria.</span> <span class='ocrx_word' id='word_1_271' title='bbox 1123 368 1182 430; x_wconf 91' lang='lat' dir='ltr'>lpse</span> 
     </span>
     <span class='ocr_line' id='line_1_55' title="bbox 653 439 1182 507; baseline -0.002 -17"><span class='ocrx_word' id='word_1_272' title='bbox 653 456 716 507; x_wconf 86' lang='lat' dir='ltr'>ergo</span> <span class='ocrx_word' id='word_1_273' title='bbox 743 440 866 490; x_wconf 91' lang='lat' dir='ltr'>Christus</span> <span class='ocrx_word' id='word_1_274' title='bbox 895 440 998 506; x_wconf 91' lang='lat' dir='ltr'>primus</span> <span class='ocrx_word' id='word_1_275' title='bbox 1031 439 1182 504; x_wconf 81' lang='lat' dir='ltr'>passionem</span> 
     </span>
     <span class='ocr_line' id='line_1_56' title="bbox 653 511 1182 576; baseline -0.002 -15"><span class='ocrx_word' id='word_1_276' title='bbox 653 512 741 562; x_wconf 88' lang='lat' dir='ltr'>crucis</span> <span class='ocrx_word' id='word_1_277' title='bbox 778 511 924 575; x_wconf 81' lang='lat' dir='ltr'>sustinuit3</span> <span class='ocrx_word' id='word_1_278' title='bbox 949 521 975 561; x_wconf 91' lang='lat' dir='ltr'>et</span> <span class='ocrx_word' id='word_1_279' title='bbox 1008 511 1182 576; x_wconf 89' lang='lat' dir='ltr'>postmodum</span> 
     </span>
     <span class='ocr_line' id='line_1_57' title="bbox 652 581 1180 641; baseline 0.002 -11"><span class='ocrx_word' id='word_1_280' title='bbox 652 581 707 640; x_wconf 86' lang='lat' dir='ltr'>alii,</span> <span class='ocrx_word' id='word_1_281' title='bbox 731 591 757 632; x_wconf 91' lang='lat' dir='ltr'>et</span> <span class='ocrx_word' id='word_1_282' title='bbox 782 583 898 631; x_wconf 85' lang='lat' dir='ltr'>maxime</span> <span class='ocrx_word' id='word_1_283' title='bbox 922 583 1029 632; x_wconf 84' lang='lat' dir='ltr'>advenae</span> <span class='ocrx_word' id='word_1_284' title='bbox 1051 581 1180 641; x_wconf 83' lang='lat' dir='ltr'>Gentiles,</span> 
     </span>
     <span class='ocr_line' id='line_1_58' title="bbox 652 651 1182 718; baseline 0 -18"><span class='ocrx_word' id='word_1_285' title='bbox 652 666 714 700; x_wconf 92' lang='lat' dir='ltr'>eum</span> <span class='ocrx_word' id='word_1_286' title='bbox 732 651 872 702; x_wconf 89' lang='lat' dir='ltr'>imitando.</span> <span class='ocrx_word' id='word_1_287' title='bbox 888 652 1024 718; x_wconf 87' lang='lat' dir='ltr'>SapientIa</span> <span class='ocrx_word' id='word_1_288' title='bbox 1047 652 1120 702; x_wconf 92' lang='lat' dir='ltr'>enim</span> <span class='ocrx_word' id='word_1_289' title='bbox 1137 651 1182 700; x_wconf 91' lang='lat' dir='ltr'>di·</span> 
     </span>
     <span class='ocr_line' id='line_1_59' title="bbox 651 721 1183 786; baseline 0.004 -16"><span class='ocrx_word' id='word_1_290' title='bbox 651 721 714 771; x_wconf 93' lang='lat' dir='ltr'>vina</span> <span class='ocrx_word' id='word_1_291' title='bbox 738 722 881 782; x_wconf 90' lang='lat' dir='ltr'>ordinavit,</span> <span class='ocrx_word' id='word_1_292' title='bbox 907 732 938 772; x_wconf 93' lang='lat' dir='ltr'>ut</span> <span class='ocrx_word' id='word_1_293' title='bbox 965 722 1021 786; x_wconf 89' lang='lat' dir='ltr'>ipse</span> <span class='ocrx_word' id='word_1_294' title='bbox 1048 722 1183 772; x_wconf 89' lang='lat' dir='ltr'>Dominus</span> 
     </span>
     <span class='ocr_line' id='line_1_60' title="bbox 652 793 1182 859; baseline 0 -17"><span class='ocrx_word' id='word_1_295' title='bbox 652 808 757 843; x_wconf 88' lang='lat' dir='ltr'>crucem</span> <span class='ocrx_word' id='word_1_296' title='bbox 773 793 860 858; x_wconf 92' lang='lat' dir='ltr'>primo</span> <span class='ocrx_word' id='word_1_297' title='bbox 876 804 999 859; x_wconf 89' lang='lat' dir='ltr'>portaret,</span> <span class='ocrx_word' id='word_1_298' title='bbox 1021 803 1047 843; x_wconf 94' lang='lat' dir='ltr'>et</span> <span class='ocrx_word' id='word_1_299' title='bbox 1072 803 1182 859; x_wconf 91' lang='lat' dir='ltr'>portan-</span> 
     </span>
     <span class='ocr_line' id='line_1_61' title="bbox 651 864 1181 929; baseline 0.004 -16"><span class='ocrx_word' id='word_1_300' title='bbox 651 865 685 913; x_wconf 93' lang='lat' dir='ltr'>do</span> <span class='ocrx_word' id='word_1_301' title='bbox 723 865 802 914; x_wconf 89' lang='lat' dir='ltr'>nobis</span> <span class='ocrx_word' id='word_1_302' title='bbox 842 864 1003 929; x_wconf 89' lang='lat' dir='ltr'>portandum</span> <span class='ocrx_word' id='word_1_303' title='bbox 1043 865 1181 929; x_wconf 83' lang='lat' dir='ltr'>praeberet.</span> 
     </span>
     <span class='ocr_line' id='line_1_62' title="bbox 651 935 1179 1000; baseline -0.002 -14"><span class='ocrx_word' id='word_1_304' title='bbox 651 935 728 986; x_wconf 88' lang='lat' dir='ltr'>Unde</span> <span class='ocrx_word' id='word_1_305' title='bbox 747 935 896 993; x_wconf 77' lang='lat' dir='ltr'>Hilarius:</span> <span class='ocrx_word' id='word_1_306' title='bbox 912 953 926 981; x_wconf 77' lang='lat' dir='ltr'>n</span> <span class='ocrx_word' id='word_1_307' title='bbox 951 935 1082 1000; x_wconf 89' lang='lat' dir='ltr'>Indignus</span> <span class='ocrx_word' id='word_1_308' title='bbox 1106 935 1179 985; x_wconf 90' lang='lat' dir='ltr'>enim</span> 
     </span>
     <span class='ocr_line' id='line_1_63' title="bbox 648 1006 1178 1067; baseline -0.006 -8"><span class='ocrx_word' id='word_1_309' title='bbox 648 1007 757 1059; x_wconf 82' lang='lat' dir='ltr'>Iudaeus</span> <span class='ocrx_word' id='word_1_310' title='bbox 773 1017 828 1057; x_wconf 89' lang='lat' dir='ltr'>erat</span> <span class='ocrx_word' id='word_1_311' title='bbox 845 1006 947 1056; x_wconf 91' lang='lat' dir='ltr'>Christi</span> <span class='ocrx_word' id='word_1_312' title='bbox 971 1022 1077 1056; x_wconf 90' lang='lat' dir='ltr'>crucem</span> <span class='ocrx_word' id='word_1_313' title='bbox 1100 1007 1178 1067; x_wconf 86' lang='lat' dir='ltr'>ferre,</span> 
     </span>
     <span class='ocr_line' id='line_1_64' title="bbox 649 1077 1183 1143; baseline -0.002 -15"><span class='ocrx_word' id='word_1_314' title='bbox 649 1078 713 1143; x_wconf 92' lang='lat' dir='ltr'>quia</span> <span class='ocrx_word' id='word_1_315' title='bbox 736 1078 797 1128; x_wconf 89' lang='lat' dir='ltr'>fidei</span> <span class='ocrx_word' id='word_1_316' title='bbox 824 1077 950 1128; x_wconf 87' lang='lat' dir='ltr'>Gentium</span> <span class='ocrx_word' id='word_1_317' title='bbox 977 1088 1032 1127; x_wconf 90' lang='lat' dir='ltr'>erat</span> <span class='ocrx_word' id='word_1_318' title='bbox 1055 1078 1084 1126; x_wconf 89' lang='lat' dir='ltr'>in</span> <span class='ocrx_word' id='word_1_319' title='bbox 1118 1078 1183 1127; x_wconf 91' lang='lat' dir='ltr'>reli-</span> 
     </span>
     <span class='ocr_line' id='line_1_65' title="bbox 649 1144 1181 1216; baseline -0.002 -16"><span class='ocrx_word' id='word_1_320' title='bbox 649 1166 745 1215; x_wconf 91' lang='lat' dir='ltr'>quum,</span> <span class='ocrx_word' id='word_1_321' title='bbox 760 1158 785 1199; x_wconf 90' lang='lat' dir='ltr'>et</span> <span class='ocrx_word' id='word_1_322' title='bbox 802 1144 906 1200; x_wconf 82' lang='lat' dir='ltr'>crucem</span> <span class='ocrx_word' id='word_1_323' title='bbox 923 1149 1049 1216; x_wconf 89' lang='lat' dir='ltr'>accipere,</span> <span class='ocrx_word' id='word_1_324' title='bbox 1063 1160 1089 1199; x_wconf 91' lang='lat' dir='ltr'>et</span> <span class='ocrx_word' id='word_1_325' title='bbox 1104 1165 1181 1199; x_wconf 89' lang='lat' dir='ltr'>com·</span> 
     </span>
     <span class='ocr_line' id='line_1_66' title="bbox 649 1221 1178 1286; baseline 0 -16"><span class='ocrx_word' id='word_1_326' title='bbox 649 1221 712 1286; x_wconf 88' lang='lat' dir='ltr'>pati.</span> <span class='ocrx_word' id='word_1_327' title='bbox 724 1241 738 1269; x_wconf 81' lang='lat' dir='ltr'>u</span> <span class='ocrx_word' id='word_1_328' title='bbox 757 1222 831 1272; x_wconf 89' lang='lat' dir='ltr'>Unde</span> <span class='ocrx_word' id='word_1_329' title='bbox 845 1232 871 1271; x_wconf 93' lang='lat' dir='ltr'>et</span> <span class='ocrx_word' id='word_1_330' title='bbox 882 1221 982 1272; x_wconf 84' lang='lat' dir='ltr'>Glosra</span> <span class='ocrx_word' id='word_1_331' title='bbox 997 1239 1005 1270; x_wconf 93' lang='grc'>.·</span> <span class='ocrx_word' id='word_1_332' title='bbox 1018 1239 1032 1268; x_wconf 80' lang='lat' dir='ltr'>u</span> <span class='ocrx_word' id='word_1_333' title='bbox 1048 1221 1113 1270; x_wconf 87' lang='lat' dir='ltr'>Ecce</span> <span class='ocrx_word' id='word_1_334' title='bbox 1123 1236 1178 1270; x_wconf 91' lang='lat' dir='ltr'>non</span> 
     </span>
     <span class='ocr_line' id='line_1_67' title="bbox 650 1290 1178 1356; baseline 0 -16"><span class='ocrx_word' id='word_1_335' title='bbox 650 1291 786 1350; x_wconf 78' lang='lat' dir='ltr'>Hebraeus,</span> <span class='ocrx_word' id='word_1_336' title='bbox 808 1292 854 1341; x_wconf 90' lang='lat' dir='ltr'>sed</span> <span class='ocrx_word' id='word_1_337' title='bbox 872 1290 1021 1356; x_wconf 83' lang='lat' dir='ltr'>alienigena</span> <span class='ocrx_word' id='word_1_338' title='bbox 1049 1300 1074 1340; x_wconf 88' lang='lat' dir='ltr'>et</span> <span class='ocrx_word' id='word_1_339' title='bbox 1100 1305 1178 1354; x_wconf 88' lang='lat' dir='ltr'>pere-</span> 
     </span>
     <span class='ocr_line' id='line_1_68' title="bbox 649 1360 1180 1427; baseline 0 -17"><span class='ocrx_word' id='word_1_340' title='bbox 649 1361 743 1426; x_wconf 88' lang='lat' dir='ltr'>grinus</span> <span class='ocrx_word' id='word_1_341' title='bbox 761 1363 908 1427; x_wconf 90' lang='lat' dir='ltr'>opprobrio</span> <span class='ocrx_word' id='word_1_342' title='bbox 924 1361 1025 1413; x_wconf 89' lang='lat' dir='ltr'>Christi</span> <span class='ocrx_word' id='word_1_343' title='bbox 1046 1360 1180 1424; x_wconf 88' lang='lat' dir='ltr'>subditur,</span> 
     </span>
     <span class='ocr_line' id='line_1_69' title="bbox 649 1435 1182 1499; baseline -0.002 -15"><span class='ocrx_word' id='word_1_344' title='bbox 649 1443 679 1484; x_wconf 91' lang='lat' dir='ltr'>ut</span> <span class='ocrx_word' id='word_1_345' title='bbox 695 1435 832 1499; x_wconf 91' lang='lat' dir='ltr'>plenitudo</span> <span class='ocrx_word' id='word_1_346' title='bbox 853 1444 1079 1485; x_wconf 84' lang='lat' dir='ltr'>sacramentorum</span> <span class='ocrx_word' id='word_1_347' title='bbox 1092 1444 1182 1483; x_wconf 88' lang='lat' dir='ltr'>trans-</span> 
     </span>
     <span class='ocr_line' id='line_1_70' title="bbox 649 1503 1179 1555; baseline -0.002 -2"><span class='ocrx_word' id='word_1_348' title='bbox 649 1503 688 1554; x_wconf 88' lang='lat' dir='ltr'>ire</span> <span class='ocrx_word' id='word_1_349' title='bbox 705 1505 830 1554; x_wconf 83' lang='lat' dir='ltr'>aludaeis</span> <span class='ocrx_word' id='word_1_350' title='bbox 849 1506 882 1554; x_wconf 91' lang='lat' dir='ltr'>ad</span> <span class='ocrx_word' id='word_1_351' title='bbox 904 1505 1002 1555; x_wconf 89' lang='lat' dir='ltr'>Gentes</span> <span class='ocrx_word' id='word_1_352' title='bbox 1015 1505 1179 1554; x_wconf 89' lang='lat' dir='ltr'>ostendatur.</span> 
     </span>
     <span class='ocr_line' id='line_1_71' title="bbox 649 1573 1176 1640; baseline 0.002 -17"><span class='ocrx_word' id='word_1_353' title='bbox 649 1573 743 1623; x_wconf 91' lang='lat' dir='ltr'>Simon</span> <span class='ocrx_word' id='word_1_354' title='bbox 761 1575 862 1640; x_wconf 88' lang='lat' dir='ltr'>quippe</span> <span class='ocrx_word' id='word_1_355' title='bbox 878 1575 1000 1625; x_wconf 83' lang='lat' dir='ltr'>obediens</span> <span class='ocrx_word' id='word_1_356' title='bbox 1015 1574 1176 1639; x_wconf 87' lang='lat' dir='ltr'>interpreta-</span> 
     </span>
     <span class='ocr_line' id='line_1_72' title="bbox 650 1645 1179 1712; baseline -0.006 -17"><span class='ocrx_word' id='word_1_357' title='bbox 650 1654 703 1705; x_wconf 87' lang='lat' dir='ltr'>tur,</span> <span class='ocrx_word' id='word_1_358' title='bbox 722 1646 866 1712; x_wconf 90' lang='lat' dir='ltr'>Cyrenaeus</span> <span class='ocrx_word' id='word_1_359' title='bbox 896 1645 981 1695; x_wconf 83' lang='lat' dir='ltr'>iteres.</span> <span class='ocrx_word' id='word_1_360' title='bbox 1010 1645 1087 1695; x_wconf 90' lang='lat' dir='ltr'>Unde</span> <span class='ocrx_word' id='word_1_361' title='bbox 1112 1645 1179 1693; x_wconf 89' lang='lat' dir='ltr'>bene</span> 
     </span>
     <span class='ocr_line' id='line_1_73' title="bbox 650 1716 1180 1784; baseline -0.002 -16"><span class='ocrx_word' id='word_1_362' title='bbox 650 1733 696 1783; x_wconf 88' lang='lat' dir='ltr'>per</span> <span class='ocrx_word' id='word_1_363' title='bbox 714 1734 776 1768; x_wconf 90' lang='lat' dir='ltr'>eum</span> <span class='ocrx_word' id='word_1_364' title='bbox 792 1718 969 1784; x_wconf 88' lang='lat' dir='ltr'>designantur</span> <span class='ocrx_word' id='word_1_365' title='bbox 983 1716 1131 1768; x_wconf 86' lang='lat' dir='ltr'>Christiani</span> <span class='ocrx_word' id='word_1_366' title='bbox 1147 1733 1180 1767; x_wconf 84' lang='lat' dir='ltr'>ex</span> 
     </span>
     <span class='ocr_line' id='line_1_74' title="bbox 650 1791 1179 1857; baseline -0.002 -16"><span class='ocrx_word' id='word_1_367' title='bbox 650 1791 781 1841; x_wconf 86' lang='lat' dir='ltr'>Gentibus</span> <span class='ocrx_word' id='word_1_368' title='bbox 811 1791 939 1851; x_wconf 88' lang='lat' dir='ltr'>conversi,</span> <span class='ocrx_word' id='word_1_369' title='bbox 963 1791 1010 1857; x_wconf 90' lang='lat' dir='ltr'>qui</span> <span class='ocrx_word' id='word_1_370' title='bbox 1042 1791 1179 1856; x_wconf 88' lang='lat' dir='ltr'>quondam</span> 
     </span>
     <span class='ocr_line' id='line_1_75' title="bbox 650 1861 1178 1927; baseline -0.004 -15"><span class='ocrx_word' id='word_1_371' title='bbox 650 1862 784 1927; x_wconf 85' lang='lat' dir='ltr'>peregrini</span> <span class='ocrx_word' id='word_1_372' title='bbox 794 1874 868 1912; x_wconf 90' lang='lat' dir='ltr'>erant</span> <span class='ocrx_word' id='word_1_373' title='bbox 880 1872 1102 1914; x_wconf 87' lang='lat' dir='ltr'>testamentorum</span> <span class='ocrx_word' id='word_1_374' title='bbox 1112 1861 1161 1911; x_wconf 91' lang='lat' dir='ltr'>Dei</span> <span class='ocrx_word' id='word_1_375' title='bbox 1170 1877 1178 1925; x_wconf 87' lang='lat'>;</span> 
     </span>
     <span class='ocr_line' id='line_1_76' title="bbox 650 1931 1179 1982; baseline -0.002 -2"><span class='ocrx_word' id='word_1_376' title='bbox 650 1932 696 1981; x_wconf 90' lang='lat' dir='ltr'>sed</span> <span class='ocrx_word' id='word_1_377' title='bbox 726 1949 796 1982; x_wconf 92' lang='lat' dir='ltr'>nunc</span> <span class='ocrx_word' id='word_1_378' title='bbox 819 1933 950 1982; x_wconf 89' lang='lat' dir='ltr'>credendo</span> <span class='ocrx_word' id='word_1_379' title='bbox 979 1943 1005 1982; x_wconf 91' lang='lat' dir='ltr'>et</span> <span class='ocrx_word' id='word_1_380' title='bbox 1029 1931 1179 1981; x_wconf 90' lang='lat' dir='ltr'>obediendo</span> 
     </span>
     <span class='ocr_line' id='line_1_77' title="bbox 649 2001 1180 2062; baseline -0.002 -11"><span class='ocrx_word' id='word_1_381' title='bbox 649 2002 749 2053; x_wconf 90' lang='lat' dir='ltr'>divinis</span> <span class='ocrx_word' id='word_1_382' title='bbox 773 2004 912 2062; x_wconf 89' lang='lat' dir='ltr'>mandatis,</span> <span class='ocrx_word' id='word_1_383' title='bbox 941 2001 1002 2052; x_wconf 84' lang='lat' dir='ltr'>iacti</span> <span class='ocrx_word' id='word_1_384' title='bbox 1025 2012 1089 2051; x_wconf 90' lang='lat' dir='ltr'>sunt</span> <span class='ocrx_word' id='word_1_385' title='bbox 1110 2002 1180 2051; x_wconf 84' lang='lat' dir='ltr'>cives</span> 
     </span>
     <span class='ocr_line' id='line_1_78' title="bbox 649 2071 1176 2136; baseline -0.008 -12"><span class='ocrx_word' id='word_1_386' title='bbox 649 2080 803 2124; x_wconf 81' lang='lat' dir='ltr'>sanctorum</span> <span class='ocrx_word' id='word_1_387' title='bbox 818 2080 843 2123; x_wconf 84' lang='lat' dir='ltr'>et</span> <span class='ocrx_word' id='word_1_388' title='bbox 858 2073 1004 2133; x_wconf 83' lang='lat' dir='ltr'>domestici,</span> <span class='ocrx_word' id='word_1_389' title='bbox 1024 2072 1115 2136; x_wconf 92' lang='lat' dir='ltr'>sicque</span> <span class='ocrx_word' id='word_1_390' title='bbox 1129 2071 1176 2120; x_wconf 89' lang='lat' dir='ltr'>lre-</span> 
     </span>
     <span class='ocr_line' id='line_1_79' title="bbox 650 2143 1178 2209; baseline -0.006 -16"><span class='ocrx_word' id='word_1_391' title='bbox 650 2144 727 2193; x_wconf 84' lang='lat' dir='ltr'>redes</span> <span class='ocrx_word' id='word_1_392' title='bbox 750 2145 854 2209; x_wconf 87' lang='lat' dir='ltr'>quidem</span> <span class='ocrx_word' id='word_1_393' title='bbox 876 2144 937 2206; x_wconf 87' lang='lat' dir='ltr'>Dei,</span> <span class='ocrx_word' id='word_1_394' title='bbox 965 2143 1106 2193; x_wconf 79' lang='lat' dir='ltr'>coheredes</span> <span class='ocrx_word' id='word_1_395' title='bbox 1126 2156 1178 2191; x_wconf 88' lang='lat' dir='ltr'>au-</span> 
     </span>
     <span class='ocr_line' id='line_1_80' title="bbox 650 2213 1179 2264; baseline -0.004 -1"><span class='ocrx_word' id='word_1_396' title='bbox 650 2221 700 2263; x_wconf 86' lang='lat' dir='ltr'>tem</span> <span class='ocrx_word' id='word_1_397' title='bbox 712 2214 813 2263; x_wconf 82' lang='lat' dir='ltr'>Christi</span> <span class='ocrx_word' id='word_1_398' title='bbox 828 2230 836 2264; x_wconf 88' lang='lat'><em>:</em></span> <span class='ocrx_word' id='word_1_399' title='bbox 852 2233 864 2259; x_wconf 78' lang='lat' dir='ltr'>u</span> <span class='ocrx_word' id='word_1_400' title='bbox 880 2214 937 2264; x_wconf 86' lang='lat' dir='ltr'>haec</span> <span class='ocrx_word' id='word_1_401' title='bbox 953 2213 1062 2264; x_wconf 83' lang='lat' dir='ltr'>Glossa.</span> <span class='ocrx_word' id='word_1_402' title='bbox 1077 2214 1116 2263; x_wconf 88' lang='lat' dir='ltr'>De</span> <span class='ocrx_word' id='word_1_403' title='bbox 1129 2213 1179 2262; x_wconf 91' lang='lat' dir='ltr'>vil-</span> 
     </span>
     <span class='ocr_line' id='line_1_81' title="bbox 649 2285 1179 2351; baseline -0.002 -16"><span class='ocrx_word' id='word_1_404' title='bbox 649 2286 674 2335; x_wconf 89' lang='lat' dir='ltr'>la</span> <span class='ocrx_word' id='word_1_405' title='bbox 699 2300 762 2350; x_wconf 90' lang='lat' dir='ltr'>ergo</span> <span class='ocrx_word' id='word_1_406' title='bbox 787 2285 882 2336; x_wconf 88' lang='lat' dir='ltr'>Simon</span> <span class='ocrx_word' id='word_1_407' title='bbox 911 2286 1049 2351; x_wconf 84' lang='lat' dir='ltr'>egrediens</span> <span class='ocrx_word' id='word_1_408' title='bbox 1073 2300 1179 2335; x_wconf 85' lang='lat' dir='ltr'>crucem</span> 
     </span>
     <span class='ocr_line' id='line_1_82' title="bbox 649 2360 1181 2425; baseline 0.002 -17"><span class='ocrx_word' id='word_1_409' title='bbox 649 2367 736 2423; x_wconf 87' lang='lat' dir='ltr'>portat</span> <span class='ocrx_word' id='word_1_410' title='bbox 765 2369 825 2424; x_wconf 90' lang='lat' dir='ltr'>post</span> <span class='ocrx_word' id='word_1_411' title='bbox 852 2360 953 2423; x_wconf 83' lang='lat' dir='ltr'>Iesum,</span> <span class='ocrx_word' id='word_1_412' title='bbox 977 2375 1039 2408; x_wconf 90' lang='lat' dir='ltr'>cum</span> <span class='ocrx_word' id='word_1_413' title='bbox 1065 2360 1181 2425; x_wconf 90' lang='lat' dir='ltr'>populus</span> 
     </span>
     <span class='ocr_line' id='line_1_83' title="bbox 650 2427 1180 2496; baseline 0.002 -19"><span class='ocrx_word' id='word_1_414' title='bbox 650 2427 804 2488; x_wconf 86' lang='lat' dir='ltr'>nationum,</span> <span class='ocrx_word' id='word_1_415' title='bbox 829 2431 938 2496; x_wconf 87' lang='lat' dir='ltr'>paganis</span> <span class='ocrx_word' id='word_1_416' title='bbox 962 2429 1060 2479; x_wconf 87' lang='lat' dir='ltr'>ritibus</span> <span class='ocrx_word' id='word_1_417' title='bbox 1081 2429 1180 2479; x_wconf 88' lang='lat' dir='ltr'>dereli-</span> 
     </span>
     <span class='ocr_line' id='line_1_84' title="bbox 648 2499 1181 2567; baseline 0.002 -18"><span class='ocrx_word' id='word_1_418' title='bbox 648 2499 706 2560; x_wconf 86' lang='lat' dir='ltr'>ctis,</span> <span class='ocrx_word' id='word_1_419' title='bbox 729 2501 840 2567; x_wconf 83' lang='lat' dir='ltr'>vestigia</span> <span class='ocrx_word' id='word_1_420' title='bbox 870 2501 1017 2552; x_wconf 84' lang='lat' dir='ltr'>Dominicae</span> <span class='ocrx_word' id='word_1_421' title='bbox 1044 2500 1181 2551; x_wconf 90' lang='lat' dir='ltr'>Passionis</span> 
     </span>
     <span class='ocr_line' id='line_1_85' title="bbox 648 2572 1179 2641; baseline -0.002 -19"><span class='ocrx_word' id='word_1_422' title='bbox 648 2572 802 2626; x_wconf 90' lang='lat' dir='ltr'>obedienter</span> <span class='ocrx_word' id='word_1_423' title='bbox 817 2575 994 2641; x_wconf 88' lang='lat' dir='ltr'>amplectitur.</span> <span class='ocrx_word' id='word_1_424' title='bbox 1017 2573 1087 2624; x_wconf 91' lang='lat' dir='ltr'>Villa</span> <span class='ocrx_word' id='word_1_425' title='bbox 1106 2573 1179 2622; x_wconf 90' lang='lat' dir='ltr'>enirn</span> 
     </span>
     <span class='ocr_line' id='line_1_86' title="bbox 648 2645 1179 2720; baseline -0.004 -26"><span class='ocrx_word' id='word_1_426' title='bbox 648 2645 733 2695; x_wconf 89' lang='lat' dir='ltr'>Grece</span> <span class='ocrx_word' id='word_1_427' title='bbox 759 2645 828 2720; x_wconf 66' lang='lat' dir='ltr'>dqoe</span> <span class='ocrx_word' id='word_1_428' title='bbox 849 2655 966 2708; x_wconf 87' lang='lat' dir='ltr'>vocatur,</span> <span class='ocrx_word' id='word_1_429' title='bbox 987 2660 1002 2694; x_wconf 92' lang='lat' dir='ltr'>a</span> <span class='ocrx_word' id='word_1_430' title='bbox 1022 2659 1075 2709; x_wconf 90' lang='lat' dir='ltr'>qua</span> <span class='ocrx_word' id='word_1_431' title='bbox 1097 2657 1179 2708; x_wconf 84' lang='lat' dir='ltr'>paga·</span> 
     </span>
     <span class='ocr_line' id='line_1_87' title="bbox 648 2715 1179 2779; baseline -0.015 -11"><span class='ocrx_word' id='word_1_432' title='bbox 648 2719 675 2767; x_wconf 94' lang='lat' dir='ltr'>ni</span> <span class='ocrx_word' id='word_1_433' title='bbox 700 2731 799 2768; x_wconf 87' lang='lat' dir='ltr'>nomen</span> <span class='ocrx_word' id='word_1_434' title='bbox 820 2716 946 2779; x_wconf 88' lang='lat' dir='ltr'>trahunt;</span> <span class='ocrx_word' id='word_1_435' title='bbox 968 2715 1040 2764; x_wconf 90' lang='lat' dir='ltr'>unde</span> <span class='ocrx_word' id='word_1_436' title='bbox 1062 2727 1179 2778; x_wconf 87' lang='lat' dir='ltr'>paganos</span> 
     </span>
     <span class='ocr_line' id='line_1_88' title="bbox 648 2782 1178 2854; baseline -0.017 -15"><span class='ocrx_word' id='word_1_437' title='bbox 648 2790 814 2854; x_wconf 88' lang='lat' dir='ltr'>appellamus</span> <span class='ocrx_word' id='word_1_438' title='bbox 830 2801 885 2849; x_wconf 87' lang='lat' dir='ltr'>eos,</span> <span class='ocrx_word' id='word_1_439' title='bbox 897 2801 966 2851; x_wconf 91' lang='lat' dir='ltr'>quos</span> <span class='ocrx_word' id='word_1_440' title='bbox 978 2800 993 2834; x_wconf 88' lang='lat' dir='ltr'>a</span> <span class='ocrx_word' id='word_1_441' title='bbox 1007 2784 1115 2847; x_wconf 68' lang='lat' dir='ltr'>civitate</span> <span class='ocrx_word' id='word_1_442' title='bbox 1130 2782 1178 2832; x_wconf 88' lang='lat' dir='ltr'>Dei</span> 
     </span>
     <span class='ocr_line' id='line_1_89' title="bbox 648 2854 1178 2920; baseline -0.009 -11"><span class='ocrx_word' id='word_1_443' title='bbox 648 2860 750 2909; x_wconf 89' lang='lat' dir='ltr'>alienos</span> <span class='ocrx_word' id='word_1_444' title='bbox 774 2858 909 2908; x_wconf 88' lang='lat' dir='ltr'>videmus.</span> <span class='ocrx_word' id='word_1_445' title='bbox 937 2857 1015 2906; x_wconf 91' lang='lat' dir='ltr'>Unde</span> <span class='ocrx_word' id='word_1_446' title='bbox 1043 2854 1178 2920; x_wconf 80' lang='lat' dir='ltr'>Theophi-</span> 
     </span>
     <span class='ocr_line' id='line_1_90' title="bbox 649 2927 1177 2993; baseline -0.008 -12"><span class='ocrx_word' id='word_1_447' title='bbox 649 2931 690 2982; x_wconf 85' lang='lat' dir='ltr'>lus</span> <span class='ocrx_word' id='word_1_448' title='bbox 705 2950 713 2982; x_wconf 92' lang='lat'>:</span> <span class='ocrx_word' id='word_1_449' title='bbox 730 2952 744 2979; x_wconf 77' lang='lat' dir='ltr'>u</span> <span class='ocrx_word' id='word_1_450' title='bbox 761 2932 807 2981; x_wconf 94' lang='lat' dir='ltr'>llle</span> <span class='ocrx_word' id='word_1_451' title='bbox 822 2929 894 2978; x_wconf 90' lang='lat' dir='ltr'>tollit</span> <span class='ocrx_word' id='word_1_452' title='bbox 907 2944 1012 2978; x_wconf 87' lang='lat' dir='ltr'>crucem</span> <span class='ocrx_word' id='word_1_453' title='bbox 1027 2943 1113 2988; x_wconf 89' lang='lat' dir='ltr'>suam,</span> <span class='ocrx_word' id='word_1_454' title='bbox 1129 2927 1177 2993; x_wconf 91' lang='lat' dir='ltr'>qui</span> 
     </span>
     <span class='ocr_line' id='line_1_91' title="bbox 648 3000 1179 3068; baseline -0.009 -12"><span class='ocrx_word' id='word_1_455' title='bbox 648 3005 722 3056; x_wconf 86' lang='lat' dir='ltr'>venit</span> <span class='ocrx_word' id='word_1_456' title='bbox 746 3020 762 3055; x_wconf 92' lang='lat' dir='ltr'>a</span> <span class='ocrx_word' id='word_1_457' title='bbox 784 3002 856 3061; x_wconf 88' lang='lat' dir='ltr'>villa,</span> <span class='ocrx_word' id='word_1_458' title='bbox 875 3001 902 3051; x_wconf 92' lang='lat' dir='ltr'>id</span> <span class='ocrx_word' id='word_1_459' title='bbox 926 3011 966 3052; x_wconf 88' lang='lat' dir='ltr'>est</span> <span class='ocrx_word' id='word_1_460' title='bbox 996 3001 1044 3068; x_wconf 91' lang='lat' dir='ltr'>qui</span> <span class='ocrx_word' id='word_1_461' title='bbox 1066 3000 1179 3052; x_wconf 91' lang='lat' dir='ltr'>dimittit</span> 
     </span>
     <span class='ocr_line' id='line_1_92' title="bbox 648 3071 1178 3137; baseline -0.008 -12"><span class='ocrx_word' id='word_1_462' title='bbox 648 3076 721 3126; x_wconf 93' lang='lat' dir='ltr'>hunc</span> <span class='ocrx_word' id='word_1_463' title='bbox 740 3074 873 3124; x_wconf 91' lang='lat' dir='ltr'>mundum</span> <span class='ocrx_word' id='word_1_464' title='bbox 905 3083 931 3123; x_wconf 93' lang='lat' dir='ltr'>et</span> <span class='ocrx_word' id='word_1_465' title='bbox 956 3088 1035 3137; x_wconf 91' lang='lat' dir='ltr'>opera</span> <span class='ocrx_word' id='word_1_466' title='bbox 1056 3073 1121 3135; x_wconf 86' lang='lat' dir='ltr'>ejus,</span> <span class='ocrx_word' id='word_1_467' title='bbox 1149 3071 1178 3122; x_wconf 91' lang='lat' dir='ltr'>in</span> 
     </span>
     <span class='ocr_line' id='line_1_93' title="bbox 647 3141 1178 3209; baseline -0.008 -13"><span class='ocrx_word' id='word_1_468' title='bbox 647 3147 802 3207; x_wconf 71' lang='lat' dir='ltr'>Jerusalem,</span> <span class='ocrx_word' id='word_1_469' title='bbox 815 3143 842 3193; x_wconf 91' lang='lat' dir='ltr'>id</span> <span class='ocrx_word' id='word_1_470' title='bbox 857 3152 896 3193; x_wconf 92' lang='lat' dir='ltr'>est</span> <span class='ocrx_word' id='word_1_471' title='bbox 910 3143 939 3192; x_wconf 93' lang='lat' dir='ltr'>in</span> <span class='ocrx_word' id='word_1_472' title='bbox 954 3158 1097 3209; x_wconf 90' lang='lat' dir='ltr'>supernam</span> <span class='ocrx_word' id='word_1_473' title='bbox 1109 3141 1178 3192; x_wconf 88' lang='lat' dir='ltr'>civi-</span> 
     </span>
     <span class='ocr_line' id='line_1_94' title="bbox 648 3215 890 3266; baseline -0.029 0"><span class='ocrx_word' id='word_1_474' title='bbox 648 3225 729 3266; x_wconf 88' lang='lat' dir='ltr'>tatem</span> <span class='ocrx_word' id='word_1_475' title='bbox 742 3215 862 3266; x_wconf 84' lang='lat' dir='ltr'>tendens.</span> <span class='ocrx_word' id='word_1_476' title='bbox 879 3234 890 3259; x_wconf 80' lang='lat' dir='ltr'>u</span> 
     </span>
    </p>

    <p class='ocr_par' dir='ltr' id='par_1_6' title="bbox 647 3287 1178 3709">
     <span class='ocr_line' id='line_1_95' title="bbox 681 3287 1177 3337; baseline -0.008 0"><span class='ocrx_word' id='word_1_477' title='bbox 681 3287 713 3337; x_wconf 87' lang='lat'>35</span> <span class='ocrx_word' id='word_1_478' title='bbox 730 3301 885 3336; x_wconf 74' lang='lat' dir='ltr'>nocuuxurn</span> <span class='ocrx_word' id='word_1_479' title='bbox 897 3301 950 3335; x_wconf 87' lang='lat' dir='ltr'>uuo</span> <span class='ocrx_word' id='word_1_480' title='bbox 971 3301 1004 3335; x_wconf 79' lang='lat' dir='ltr'>nx</span> <span class='ocrx_word' id='word_1_481' title='bbox 1017 3299 1177 3334; x_wconf 75' lang='lat' dir='ltr'>narucarro-</span> 
     </span>
     <span class='ocr_line' id='line_1_96' title="bbox 648 3373 1178 3419; baseline -0.006 -9"><span class='ocrx_word' id='word_1_482' title='bbox 648 3376 682 3410; x_wconf 80' lang='lat' dir='ltr'>rus</span> <span class='ocrx_word' id='word_1_483' title='bbox 695 3375 796 3419; x_wconf 81' lang='lat' dir='ltr'>caucrs,</span> <span class='ocrx_word' id='word_1_484' title='bbox 807 3375 890 3409; x_wconf 77' lang='lat' dir='ltr'>ncrus</span> <span class='ocrx_word' id='word_1_485' title='bbox 907 3375 1133 3409; x_wconf 76' lang='lat' dir='ltr'>coxroxrrnrroxrs</span> <span class='ocrx_word' id='word_1_486' title='bbox 1144 3373 1178 3407; x_wconf 79' lang='lat' dir='ltr'>ar</span> 
     </span>
     <span class='ocr_line' id='line_1_97' title="bbox 648 3430 1177 3493; baseline -0.004 -12"><span class='ocrx_word' id='word_1_487' title='bbox 648 3448 753 3482; x_wconf 78' lang='lat' dir='ltr'>oxnrro.</span> <span class='ocrx_word' id='word_1_488' title='bbox 768 3431 851 3481; x_wconf 86' lang='lat' dir='ltr'>-Ex</span> <span class='ocrx_word' id='word_1_489' title='bbox 874 3432 925 3481; x_wconf 89' lang='lat' dir='ltr'>hoc</span> <span class='ocrx_word' id='word_1_490' title='bbox 947 3431 1059 3481; x_wconf 89' lang='lat' dir='ltr'>articulo</span> <span class='ocrx_word' id='word_1_491' title='bbox 1074 3430 1177 3493; x_wconf 81' lang='lat' dir='ltr'>bajula-</span> 
     </span>
     <span class='ocr_line' id='line_1_98' title="bbox 647 3501 1178 3552; baseline -0.006 0"><span class='ocrx_word' id='word_1_492' title='bbox 647 3502 733 3552; x_wconf 90' lang='lat' dir='ltr'>tionis</span> <span class='ocrx_word' id='word_1_493' title='bbox 756 3501 845 3552; x_wconf 90' lang='lat' dir='ltr'>crucis</span> <span class='ocrx_word' id='word_1_494' title='bbox 863 3512 1007 3552; x_wconf 91' lang='lat' dir='ltr'>sumuntur</span> <span class='ocrx_word' id='word_1_495' title='bbox 1025 3503 1079 3551; x_wconf 93' lang='lat' dir='ltr'>duo</span> <span class='ocrx_word' id='word_1_496' title='bbox 1091 3501 1178 3550; x_wconf 91' lang='lat' dir='ltr'>docu-</span> 
     </span>
     <span class='ocr_line' id='line_1_99' title="bbox 648 3570 1178 3639; baseline -0.006 -16"><span class='ocrx_word' id='word_1_497' title='bbox 648 3583 747 3624; x_wconf 88' lang='lat' dir='ltr'>menta.</span> <span class='ocrx_word' id='word_1_498' title='bbox 758 3573 882 3623; x_wconf 90' lang='lat' dir='ltr'>Primum</span> <span class='ocrx_word' id='word_1_499' title='bbox 893 3583 942 3632; x_wconf 86' lang='lat' dir='ltr'>est,</span> <span class='ocrx_word' id='word_1_500' title='bbox 953 3573 1027 3639; x_wconf 93' lang='lat' dir='ltr'>quod</span> <span class='ocrx_word' id='word_1_501' title='bbox 1041 3587 1091 3620; x_wconf 91' lang='lat' dir='ltr'>nos</span> <span class='ocrx_word' id='word_1_502' title='bbox 1103 3570 1178 3622; x_wconf 89' lang='lat' dir='ltr'>Chri·</span> 
     </span>
     <span class='ocr_line' id='line_1_100' title="bbox 648 3642 1177 3709; baseline -0.008 -15"><span class='ocrx_word' id='word_1_503' title='bbox 648 3643 727 3694; x_wconf 89' lang='lat' dir='ltr'>stiani</span> <span class='ocrx_word' id='word_1_504' title='bbox 758 3658 865 3693; x_wconf 89' lang='lat' dir='ltr'>crucem</span> <span class='ocrx_word' id='word_1_505' title='bbox 905 3654 1009 3709; x_wconf 87' lang='lat' dir='ltr'>portare</span> <span class='ocrx_word' id='word_1_506' title='bbox 1048 3642 1177 3691; x_wconf 89' lang='lat' dir='ltr'>debemus</span> 
     </span>
    </p>
   </div>
   <div class='ocr_carea' id='block_1_6' title="bbox 618 3713 1173 3780">
    <p class='ocr_par' dir='ltr' id='par_1_7' title="bbox 618 3713 1173 3780">
     <span class='ocr_line' id='line_1_101' title="bbox 618 3713 1173 3780; baseline -0.007 -16"><span class='ocrx_word' id='word_1_507' title='bbox 618 3759 621 3764; x_wconf 93' lang='lat'>.</span> <span class='ocrx_word' id='word_1_508' title='bbox 646 3725 708 3779; x_wconf 90' lang='lat' dir='ltr'>post</span> <span class='ocrx_word' id='word_1_509' title='bbox 727 3715 828 3776; x_wconf 84' lang='lat' dir='ltr'>Iesum,</span> <span class='ocrx_word' id='word_1_510' title='bbox 843 3714 908 3780; x_wconf 90' lang='lat' dir='ltr'>quia</span> <span class='ocrx_word' id='word_1_511' title='bbox 930 3713 1056 3763; x_wconf 74' lang='lat' dir='ltr'>Ciuisms</span> <span class='ocrx_word' id='word_1_512' title='bbox 1070 3724 1173 3778; x_wconf 79' lang='lat' dir='ltr'>passus</span> 
     </span>
    </p>
   </div>
   <div class='ocr_carea' id='block_1_7' title="bbox 0 0 1318 4328">
    <p class='ocr_par' dir='ltr' id='par_1_8' title="bbox 0 0 1318 4328">
     <span class='ocr_line' id='line_1_102' title="bbox 0 0 1318 4328; baseline 0 0"><span class='ocrx_word' id='word_1_513' title='bbox 0 0 1318 4328; x_wconf 95' lang='lat' dir='ltr'> </span> 
     </span>
    </p>
   </div>
  </div>
 </body>
</html>
