2626 4328
202 281 249 329 DF..
265 281 522 343 ASSUMPTIONE,
538 279 585 330 ET
602 279 719 332 LAUDE
738 281 867 331 BEATAE
883 282 1050 335 VIRGINIS.

66 395 117 444 ris.
145 395 229 444 Mater
253 396 338 462 igitur
364 397 429 456 Dei,
455 397 503 464 qui
525 398 601 447 solus

67 469 186 531 damnat,
202 469 249 535 qui
265 472 340 522 solus
352 473 444 533 salvat,
457 487 541 538 quem
554 486 601 521 so-

69 541 128 588 lum
152 539 290 601 timemus,
307 543 402 608 inquo
423 544 481 592 solo
507 557 601 607 spera-

69 626 140 670 mus,
168 620 208 660 est
231 623 317 662 mater
337 625 443 677 nostra;
467 613 552 664 Judex
574 624 602 663 et

70 682 191 730 Salvator
213 693 314 744 noster,
335 695 376 734 est
397 684 478 734 frater
501 693 600 734 noster.

72 752 215 809 Quomodo
235 765 300 819 ergo
325 755 514 820 desperemus,
538 768 601 804 cum

70 826 157 885 salus,
183 825 241 876 sive
265 828 403 878 damnatio
435 837 541 892 nostra,
567 841 602 877 ex

71 895 136 944 boni
151 895 249 957 fratris,
269 907 295 948 et
317 899 371 964 piae
382 899 473 948 Matris
486 898 602 964 pendeat

69 965 201 1016 arbitrio?
229 968 369 1034 Numquid
384 969 530 1019 sustinebit
549 969 602 1018 bo-

71 1051 123 1084 nus
134 1035 227 1087 Frater
240 1038 331 1103 puniri
348 1038 442 1089 fratres
454 1053 519 1088 suos
533 1053 602 1104 quos

69 1106 200 1168 redemit,
226 1118 253 1158 et
278 1110 349 1159 bona
368 1111 452 1160 Mater
477 1109 600 1160 damnari

68 1177 139 1226 filios
160 1194 239 1240 suos,
267 1196 387 1246 quorum
406 1182 465 1248 ipsa
485 1182 601 1232 Redem-

69 1258 175 1312 ptorem
189 1251 296 1315 genuit?
316 1253 409 1303 Dulcis
423 1254 509 1303 Mater
526 1267 603 1319 roge·

70 1319 109 1368 bit
137 1322 242 1371 dulcem
272 1324 375 1374 Filium
402 1339 499 1384 suum,
522 1325 601 1390 pium

66 1392 187 1442 Fratrem
202 1405 344 1445 nostrum:
356 1396 458 1446 Filium
469 1411 518 1462 pro
527 1395 600 1457 filiis,

68 1463 246 1530 Unigenitum
258 1482 307 1532 pro
321 1469 464 1534 adoptatis.
474 1468 541 1518 Pius
551 1483 601 1518 ru-

68 1545 123 1584 tem
138 1534 234 1598 Filius,
245 1539 365 1590 'libenter
376 1540 467 1590 audIet
488 1540 600 1590 Matrem

66 1623 116 1672 pro
146 1609 226 1676 filiis3
255 1611 417 1679 Unigenitus
433 1651 443 1673 ,.
469 1628 520 1679 pro
554 1610 601 1662 his

65 1693 137 1742 quos
160 1681 312 1747 adoptavit3
333 1683 475 1744 Dominus,
491 1698 540 1749 pro
556 1683 601 1733 his

66 1765 137 1813 quos
158 1751 302 1811 libeurit:
320 1772 338 1800 n
360 1754 418 1804 haec
445 1753 598 1804 Anselmus.

67 1821 244 1874 Exsultemus
270 1824 353 1890 igitur
376 1835 404 1876 et
431 1840 481 1875 nos
506 1823 599 1874 miseri

68 1907 131 1940 cum
141 1893 278 1958 caelicolis,
292 1906 319 1945 et
335 1896 466 1947 creaturis
487 1894 600 1945 unirer-

65 1962 113 2022 sis,
138 1975 220 2028 prout
244 1981 401 2031 possumus3
417 1984 455 2019 ac
474 1967 555 2016 talem
573 1975 600 2016 et

68 2045 171 2086 tantam
191 2037 332 2104 Virginem
356 2056 405 2106 pro
426 2049 520 2090 nostro
535 2053 599 2089 mo-

66 2109 132 2157 dulo
149 2110 257 2160 laudare
267 2112 432 2163 studeamus.
443 2112 521 2162 Unde
534 2110 600 2161 Hie·

65 2193 207 2245 ronymus,
222 2182 255 2231 ad
270 2183 328 2232 haec
344 2198 394 2233 nos
409 2197 558 2249 provocans
573 2191 600 2232 et

68 2250 197 2312 invitans,
211 2252 283 2304 inter
294 2263 381 2304 cetera
393 2255 433 2304 sic
446 2253 485 2304 ait
498 2270 508 2303 .-
521 2272 535 2301 u
551 2253 598 2303 ld-

65 2320 136 2368 circo
150 2321 280 2373 laetamini
299 2334 326 2374 et
348 2325 469 2387 laudate;
490 2324 556 2390 quia
572 2323 597 2373 si

67 2389 154 2439 Deum
168 2407 215 2442 ore
236 2395 395 2461 prophetico
408 2395 436 2444 in
450 2393 508 2444 suis
528 2395 597 2443 Sau-

64 2461 116 2510 ctis
136 2462 244 2514 laudare
257 2466 391 2530 jubemur,
410 2464 497 2514 multo
510 2463 598 2530 magis

65 2547 130 2582 eum
144 2532 173 2582 in
189 2533 238 2585 hac
249 2538 403 2587 celebritate
416 2537 501 2586 beatae
512 2533 599 2600 Virgi-

67 2607 121 2666 nis,
136 2607 229 2658 lllatris
241 2611 309 2675 eius,
324 2619 431 2676 oportet
445 2625 507 2660 cttm
521 2608 599 2674 hym·

64 2677 110 2727 nis
122 2688 148 2728 et
160 2679 270 2730 canticis
283 2680 440 2748 diligentius
460 2680 596 2740 extollere,

66 2759 92 2798 et
104 2749 197 2815 dignis
204 2751 260 2800 Deo
275 2751 389 2816 jubssare
403 2750 552 2817 preconiis,
567 2765 598 2800 ac

68 2819 191 2883 mysticis
198 2821 333 2871 honorare
340 2822 511 2872 muneribus.
521 2820 597 2871 Nulli

65 2889 183 2939 dubium
194 2891 263 2957 quin
274 2902 360 2942 totum
375 2894 406 2942 sd
421 2892 535 2958 gloriam
544 2893 598 2941 iao·

67 2959 110 3009 dis
126 2962 184 3024 ejus
202 2964 343 3027 pertineat,
362 2963 498 3030 quidquid
516 2962 599 3028 digne
618 3010 620 3015 .

67 3032 202 3082 Genetrici
227 3050 282 3084 suae
299 3035 455 3101 impensum
470 3033 554 3084 fuerit
566 3047 598 3084 ac

65 3105 232 3156 solemniter.
256 3108 383 3158 Profecto
391 3105 529 3173 quidquid
543 3106 598 3156 hu-

64 3175 155 3225 manis
169 3187 256 3241 potest
268 3179 322 3229 dici
335 3178 434 3238 verbis,
448 3176 544 3226 minus
555 3186 599 3226 est
619 3222 621 3227 .

65 3263 80 3296 a
97 3249 174 3299 laude
185 3251 254 3311 usli,
268 3266 322 3317 qua
335 3251 437 3302 divinis
452 3258 494 3301 est
507 3259 534 3300 et
546 3264 596 3300 art-

64 3321 158 3385 gelicis
190 3324 355 3375 excellentiis
382 3323 539 3390 predicata,
570 3332 598 3372 et

64 3394 174 3446 laudata
205 3398 356 3462 praeconiis.
398 3399 423 3448 A
454 3396 597 3463 Prophetis

64 3465 176 3529 quidem
190 3468 377 3531 praenuntiata,
395 3481 411 3518 a
435 3466 597 3517 Pannrcnis

64 3535 162 3600 figuris
183 3548 211 3587 et
224 3538 414 3603 anigmatibus
427 3538 596 3604 praesignata,

63 3610 98 3658 ab
121 3611 300 3676 Evangelistis
324 3611 445 3662 exhibita
466 3620 492 3660 et
513 3625 597 3660 mon-

62 3691 154 3744 strata,
167 3683 201 3731 ab
210 3683 314 3748 Angelo
324 3681 598 3747 venerabiliteretque

61 3752 265 3803 officiosissime
272 3754 396 3803 salutata.
408 3753 535 3801 httmnen
547 3751 597 3802 etsi

62 3824 96 3872 ad
124 3823 182 3873 haec
206 3840 286 3874 nemo
309 3823 425 3873 idoneus
448 3822 596 3884 inuenitur,

59 3894 134 3944 uotis
154 3897 284 3946 omnibus
308 3909 413 3946 tessare·
436 3909 491 3944 non
519 3894 598 3945 debet

1130 259 1190 352 v797

654 395 738 446 etiam·
755 394 879 463 quilibet
889 407 1014 463 peccator
1023 412 1040 448 a*
1052 398 1190 458 laudibus,

655 467 910 533 quamvis-explere
932 485 988 518 non
1007 479 1089 535 queat
1117 471 1191 534 quod

655 538 778 588 sentitur.
806 539 886 589 Unde
904 548 930 589 et
954 555 1043 590 sermo
1067 540 1188 602 divinus,

656 623 719 658 cum
729 607 764 658 de
771 619 908 674 peccatore
919 614 1008 675 ageret
1018 611 1045 659 in
1057 610 1189 661 Psalmis:

655 680 838 747 Sacrificium,
863 681 963 747 inquit,
988 682 1084 732 laudis
1101 683 1188 734 hono-

655 752 774 820 rificabit
793 766 835 802 me
845 770 856 816 ‚-
873 759 900 802 et
926 752 1054 804 illiciter
1070 768 1122 819 quo
1144 766 1189 805 or-

656 824 760 874 tertd‘am
790 823 833 874 rili
860 823 983 875 solidare
1013 825 1074 875 Dei.
1102 827 1142 875 Ac
1167 825 1189 876 si

655 905 780 960 patenter
796 895 866 945 dicat
885 914 893 947 t
911 895 970 946 illic
993 896 1043 946 iter
1058 907 1107 947 *est
1129 891 1190 948 lau·

655 966 707 1027 dis,
724 966 757 1016 ad
770 966 877 1016 laudem
892 967 954 1017 sine
965 965 1019 1017 fine
1032 982 1190 1018 mansuram

655 1041 700 1090 sed
727 1054 809 1090 nemo
833 1038 1012 1106 apprehendit
1033 1041 1109 1104 illud,
1135 1042 1188 1092 nisi

655 1127 704 1178 ego
753 1098 1003 1177 praemonstratiero.
1048 1112 1190 1178 Propterea

655 1182 781 1249 quiaiter
801 1183 896 1234 salutis
905 1193 1006 1234 nostrae
1018 1183 1046 1233 in
1062 1183 1190 1235 laudibus

655 1263 696 1303 est
710 1252 865 1317 saluatoris,
885 1253 982 1304 hortor
1002 1269 1054 1305 vos
1066 1265 1095 1304 et
1112 1268 1189 1304 com-

655 1339 762 1385 moneo,
775 1324 804 1374 in
819 1325 869 1374 hac
883 1341 956 1376 sacra
967 1325 1137 1376 solemnitate
1147 1340 1191 1393 ge-

656 1394 765 1445 netricis
777 1394 826 1445 Del
838 1395 942 1459 Mariae,
955 1396 1039 1446 nolite
1054 1409 1158 1445 cessare
1170 1411 1186 1446 a

654 1465 789 1517 laudibus.
807 1466 841 1517 Et
852 1468 980 1534 quamvis
997 1467 1118 1533 speciosa
1130 1467 1191 1518 laus

655 1554 711 1588 non
727 1539 763 1590 sit
775 1538 804 1590 iu
816 1554 865 1590 ore
878 1541 1032 1606 peccatoris,
1051 1539 1107 1590 noli
1129 1554 1190 1590 ces-

653 1623 726 1673 sare,
758 1610 824 1677 quia
846 1610 911 1660 inde
942 1610 1112 1676 promittitur
1138 1607 1189 1659 tibi

654 1682 741 1742 venia,
755 1683 829 1733 unde
843 1693 873 1732 et
883 1683 1025 1745 omnibus,
1040 1693 1071 1731 ut
1084 1682 1188 1732 laudes.

653 1752 784 1818 Alioquin
808 1753 860 1803 nisi
885 1754 960 1819 iuxta
979 1753 1122 1803 modulum
1142 1751 1189 1803 in-

653 1823 726 1887 genii
745 1823 831 1874 nostri
846 1824 934 1874 Deum
946 1824 1055 1874 laudare
1068 1823 1099 1872 in
1117 1823 1187 1873 San·

653 1894 705 1944 ctis
746 1895 804 1946 suis
845 1896 1004 1946 studeamus
1047 1894 1187 1962 quomodo

653 1982 715 2016 cum
760 1967 836 2032 iuxta
880 1967 1085 2018 multitudinem
1123 1979 1186 2016 ma-

653 2037 803 2102 gnitudinis
817 2038 878 2103 ejus
889 2039 899 2088 1
910 2039 1010 2088 audere
1019 2037 1188 2103 poterimus?

652 2110 776 2160 Omnino
818 2109 875 2160 hoc
921 2109 1186 2175 matermittendum

642 2196 707 2229 non
730 2191 794 2241 est,
823 2180 898 2245 quod
921 2180 1060 2244 impleturi
1089 2194 1187 2230 somus

651 2251 829 2316 quaudoque,
851 2250 1000 2299 secundum
1021 2249 1095 2314 quod
1119 2247 1188 2299 dici-

655 2329 699 2370 tur
714 2338 721 2370 ι
738 2321 818 2370 Beati
843 2320 894 2386 qui
910 2320 1032 2371 habitant
1054 2320 1081 2370 in
1109 2319 1187 2371 domu

651 2399 713 2454 tua.
732 2393 855 2455 Dbmim,
877 2391 1013 2443 insecuta
1036 2389 1187 2443 seculorum

652 2465 800 2515 laudabunt
819 2471 852 2515 te.
889 2464 1000 2514 interim
1027 2479 1091 2514 vero
1122 2462 1187 2530 quib

651 2538 803 2587 immensus
817 2547 867 2596 est,
881 2537 956 2603 quod
971 2553 1036 2588 voce
1047 2551 1105 2587 non
1122 2550 1188 2604 pos-

650 2623 756 2667 sumus,
772 2622 821 2658 nee
841 2607 969 2658 facuncfre
983 2609 1115 2677 vallemus,
1138 2621 1187 2658 ex-

651 2694 798 2746 sequamur
830 2680 902 2730 votis
928 2689 957 2730 et
982 2680 1110 2731 medullis
1134 2694 1189 2730 cor-

650 2753 697 2803 dis
705 2769 738 2803 en
749 2753 808 2803 haec
820 2753 1019 2819 mosny-inus,
1034 2775 1037 2779 ’
1168 2766 1170 2770 “

684 2825 697 2874 5
716 2825 831 2875 Fremant·
852 2839 1042 2874 assumtionis
1063 2823 1095 2871 ll.
1121 2821 1183 2870 Ms-

652 2911 712 2946 nrm.
727 2922 757 2933 -
772 2894 934 2959 desumptis
954 2894 1038 2943 beatae
1060 2889 1184 2956 Virginis

651 2966 703 3034 fuit
724 2965 792 3015 olim
814 2965 988 3030 praetigurata,
1004 2962 1114 3028 quando
1127 2975 1186 3011 arca

652 3039 763 3090 Domini
776 3039 805 3088 in
822 3039 934 3087 domum
959 3035 1030 3102 regis
1045 3035 1130 3085 David
1145 3045 1186 3084 est

651 3111 788 3160 translata.
803 3109 859 3158 Rex
873 3107 958 3158 David
972 3122 1064 3157 coram
1079 3119 1139 3155 arca
1152 3103 1187 3154 ci·

650 3179 802 3242 tharizavit,
813 3189 839 3229 et
848 3193 908 3229 eam
918 3194 980 3228 cum
990 3192 1088 3242 magno
1101 3174 1187 3242 jubilo

652 3255 680 3304 in
703 3254 816 3302 domum
830 3266 907 3302 suam
928 3250 1048 3300 adduxit.
1071 3250 1103 3299 ln
1124 3262 1185 3299 arca

650 3338 751 3373 manna
764 3321 824 3373 coeli
837 3321 1038 3382 continebatur3
1052 3330 1079 3370 et
1090 3333 1184 3371 conve·

652 3395 758 3444 nieuter
772 3408 821 3459 per
840 3407 900 3442 eam
914 3391 993 3441 beata
1008 3390 1093 3456 Virgo
1108 3389 1184 3440 desi-

650 3474 764 3531 gnetur,
790 3463 856 3529 quia
879 3477 975 3528 panem
1000 3462 1185 3528 Angelorum,

651 3551 733 3600 quem
751 3535 839 3584 homo
854 3533 1036 3592 manducavit,
1056 3533 1115 3599 ipsa
1139 3548 1187 3600 ge-

652 3606 763 3658 neravit.
775 3607 844 3656 Arca
852 3606 890 3656 de
896 3605 973 3670 ligno
985 3604 1086 3655 cethim
1099 3604 1185 3669 impu·

647 3680 738 3730 uibitt
763 3689 819 3730 etat
847 3678 933 3743 facta3
962 3677 1082 3744 figurans
1109 3677 1183 3744 quod

652 3750 736 3802 Maria
750 3749 779 3800 in
793 3748 963 3816 putredinem
975 3765 1031 3800 non
1046 3759 1087 3800 est
1106 3747 1186 3797 reda-

650 3833 702 3872 cta.
727 3821 784 3871 Rex
808 3819 912 3883 David,
939 3819 987 3886 qui
1011 3834 1102 3870 coram
1125 3831 1186 3867 atta

651 3891 817 3943 subsiliendo
853 3890 1040 3953 citharizavit;
1084 3890 1185 3953 Regem
