2626 4328
462 250 509 300 DE
525 246 764 300 PENTECOSTE.

59 369 122 418 dem
151 367 284 431 Spiritum
309 366 448 429 veritatis,
471 374 498 416 et
522 379 538 414 a
561 378 590 414 se

60 440 225 490 mittendum
244 454 302 489 esse
324 437 457 504 praedixit,
470 446 496 486 et
510 451 590 485 eum-

58 512 121 560 dem
144 525 207 558 mox
222 524 238 560 a
255 510 333 559 Patre
355 508 496 569 procedere
523 505 591 556 sub-

58 582 166 648 jungit:
180 597 234 631 non
249 581 314 647 quia
326 582 397 631 idem
412 579 529 646 Spiritus
546 577 591 627 ali·

59 666 129 706 tera
145 655 220 704 Patre
237 654 371 718 procedat,
387 666 470 719 quam
489 665 504 700 a
520 648 590 700 Filio

60 725 188 790 mittitur,
207 735 253 775 aut
275 724 328 775 alio
352 732 472 787 tempore
485 736 501 771 a
516 722 591 770 Patre

60 799 195 865 procedat,
215 813 296 863 quam
310 811 371 847 cum
386 811 401 844 a
416 794 486 844 Filio
501 791 590 842 mitti-

59 883 118 954 tur3
137 871 183 921 sed
205 869 265 920 ideo
281 868 366 920 Filius
380 882 443 917 eum
457 880 472 915 a
486 879 515 914 se
524 864 591 914 mit

60 943 91 1002 ti,
112 951 148 992 et
161 942 270 992 aPatre
292 939 357 989 dicit
377 935 537 1003 procedere,
561 942 592 984 ut

59 1014 141 1065 aliam
159 1012 253 1071 Patris,
269 1007 349 1062 aliam
363 1021 421 1055 esse
434 1020 511 1056 suam
531 1018 592 1070 per-

59 1093 156 1130 sonam
179 1079 311 1143 designet,
337 1086 424 1142 ,atque
446 1076 474 1126 in
499 1076 592 1126 eadem

60 1149 233 1201 distinctione
255 1163 432 1215 personarum
455 1159 593 1197 unames·

60 1239 89 1275 se
123 1221 327 1285 operationem,
362 1233 392 1268 ac
425 1218 592 1268 voluntatem

61 1312 139 1347 suam
153 1310 214 1346 cum
237 1293 321 1344 Patris
336 1293 479 1343 voluntate
490 1298 515 1339 et
527 1302 593 1355 ope-

61 1369 164 1420 ratione
177 1365 325 1417 denuntiet.
341 1365 411 1414 Cum
431 1362 505 1412 enim
520 1361 594 1426 ejus·

60 1441 123 1490 dem
136 1438 254 1522 Spiritus
274 1436 358 1502 gratia
375 1435 453 1484 datur
470 1431 595 1482 homini·-

62 1515 122 1574 bus,
148 1511 266 1560 mittitur
290 1507 408 1575 profecto
440 1504 557 1572 Spiritus
579 1517 594 1552 a

62 1585 147 1644 Patre,
160 1582 276 1632 mittitur
292 1590 318 1630 et
328 1594 344 1629 a
353 1578 439 1628 Filio
433 1573 568 1641 procedit
579 1588 595 1623 a

61 1658 139 1707 Patre
148 1663 174 1703 et
186 1667 202 1702 a
215 1652 295 1712 Filio,
309 1649 373 1717 quia
386 1650 444 1714 ejus
454 1661 548 1696 missio
556 1653 596 1696 est

61 1727 119 1793 ipsa
132 1724 277 1791 processio,
284 1737 338 1789 qua
348 1736 380 1771 ex
392 1720 468 1769 Patre
478 1716 598 1783 procedit

60 1807 87 1848 et
100 1795 180 1845 Filio.
195 1794 277 1844 Venit
299 1803 325 1843 et
340 1806 388 1842 sua
411 1798 520 1857 sponte,
532 1786 596 1853 quia

60 1867 130 1918 sicut
160 1863 306 1930 coaequalis
336 1871 376 1912 est
404 1859 473 1911 Patri
502 1867 528 1908 et
555 1859 597 1908 Fi·

60 1939 117 2000 lio,
139 1937 178 1988 sic
192 1937 313 1987 eamdem
333 1934 414 1984 habet
432 1932 596 1983 voluntatem

61 2025 233 2061 communem
258 2024 320 2059 cum
337 2008 414 2057 Patre
435 2014 461 2056 et
474 2000 545 2055 Filio
560 2020 567 2054 ι
581 2022 594 2051 n

62 2084 120 2134 haec
139 2083 227 2133 Beda.
243 2078 421 2149 Πεντηκοστη
437 2079 597 2143 interpreta-

62 2154 271 2222 quinquaginta,
287 2159 313 2199 et
326 2160 366 2200 est
378 2150 502 2200 Graecum
516 2163 596 2199 voca-

47 2236 106 2284 Ιιιιι·
128 2225 235 2285 bulum,
254 2223 324 2274 sicut
356 2217 515 2297 παρασκενή
543 2235 595 2290 ont]

64 2302 186 2387 νοπὴγια
199 2303 284 2354 Judaei
299 2300 372 2351 enim
387 2300 500 2350 admixti
527 2301 598 2350 Grae-

64 2377 113 2435 cis,
137 2375 184 2442 qui
222 2374 293 2424 inter
324 2387 370 2422 eos
398 2371 468 2422 sicut
503 2380 596 2421 ceterae

63 2445 188 2496 nationes
216 2443 465 2507 conversabantur,
494 2442 597 2494 Graecis

63 2515 159 2566 crebro
191 2512 328 2565 vocabulis
362 2514 515 2564 utebantur.
549 2513 597 2564 Est

63 2598 155 2638 autem
187 2586 340 2637 Pentecoste
367 2586 538 2651 aequivocum
563 2586 596 2635 ad

63 2658 292 2725 quinquagenam,
318 2667 344 2706 et
367 2656 422 2719 ejus
437 2655 596 2706 solemnita-

62 2743 118 2783 tem
129 2739 232 2796 septem
243 2730 339 2781 diebus
354 2729 521 2795 protelatam.
532 2729 597 2780 Tria

65 2804 138 2854 enim
155 2811 231 2853 erant
244 2800 312 2852 festa
321 2801 417 2852 diebus
430 2811 532 2868 septem
544 2802 598 2852 du-

64 2874 161 2938 rantia,
191 2872 294 2923 scilicet
320 2890 327 2923 :
352 2873 471 2932 Pascha,
502 2873 597 2923 Pente-

64 2955 155 3007 coste,
192 2954 218 3003 ει
236 2945 407 3011 Scenopegia.
436 2944 503 2994 Cum
533 2959 597 3010 ergo

65 3018 260 3084 complerentur·
285 3018 344 3068 dier
363 3018 543 3081 Pentecostes,
570 3016 596 3067 id

65 3100 105 3141 est
122 3091 321 3157 quinquagenae
347 3106 362 3141 a
382 3090 596 3151 Resurrectione,

65 3171 92 3211 et
122 3159 313 3211 inchoarentur
343 3161 401 3211 dies
422 3161 598 3224 pentecostes,

64 3234 92 3284 id
120 3243 160 3284 est
187 3233 260 3284 illius
288 3233 467 3286 solemnitatis
494 3244 597 3300 septem

65 3303 164 3354 diebus
179 3306 350 3369 protelandae,
361 3312 438 3357 erant
446 3305 577 3372 pariter
570 3322 598 3358 tn

65 3378 204 3428 coenaculo
222 3379 323 3430 montis
347 3380 422 3441 Sion,
448 3378 495 3431 ubi
523 3396 599 3432 coena

65 3447 136 3497 facta
153 3446 248 3511 fuerat,
264 3450 392 3516 discipuli
408 3450 473 3516 sere
497 3457 599 3503 centum

64 3516 167 3583 uiginti
181 3519 323 3586 utriusque
346 3536 425 3571 sexus
449 3536 599 3588 congrega-

65 3585 98 3648 ti,
121 3587 149 3637 in
183 3589 304 3641 oratione
333 3604 460 3658 persever
461 3598 547 3653 antes,
573 3602 599 3642 et

65 3658 277 3725 promissionem
305 3662 394 3714 Sancti
417 3662 535 3729 Spiritus
551 3679 600 3714 ex·

67 3739 230 3795 spectantes.
251 3732 441 3785 Duodenarius
466 3733 511 3785 ille
531 3734 601 3800 Apo·

65 3800 199 3853 stolorum
224 3819 354 3857 numerus
376 3805 429 3872 jam
449 3814 504 3858 erat
517 3804 600 3858 decu·

1120 273 1168 323 77¹

644 363 740 429 platus.
755 365 795 416 Et
813 366 880 418 hora
903 366 956 418 diei
981 368 1058 419 tertia
1061 371 1174 436 ,suetus

644 440 685 483 est
695 441 803 501 repente
817 437 850 486 de
861 438 936 502 coele,
955 439 980 489 id
995 449 1036 490 est
1055 441 1088 490 de
1103 456 1173 502 aere,

644 522 734 571 sonus,
761 509 824 575 quia
848 510 936 578 fragor
962 513 1103 580 quidam'
1097 532 1174 567 inso-

645 579 714 643 nuit,
732 585 869 646 turrquam·
863 585 1036 636 edvenientis
1050 587 1173 653 spiritur,

645 649 672 699 id
696 660 737 701 est
757 650 836 702 flatus
856 653 1039 707 uehementis:
1032 667 1089 706 ·ut
1113 663 1174 708 tan-

644 735 732 787 quam,
747 721 783 771 sit
803 733 867 773 nota
892 724 1088 786 similitudinis,
1105 729 1171 778 acsi

645 794 794 856 diceretur„
806 795 880 846 venit
894 796 1011 862 Spiritus
1031 799 1059 848 in
1074 799 1174 852 simili-

645 867 740 918 tudine
756 869 828 918 venti
845 869 1026 934 vehementis3
1042 872 1093 932 rel,
1111 881 1174 923 tan-

645 953 727 1004 quam
749 938 867 1005 Spiritus
889 939 977 991 Sancti
997 943 1174 1006 vehementis,

645 1020 676 1060 ut
690 1017 830 1076 tanquam,
846 1010 882 1060 sit
904 1012 1087 1076 expressivum
1109 1014 1176 1065 veri·
1209 1046 1211 1050 ι

646 1080 718 1143 tatis,
741 1080 804 1147 quia
831 1097 892 1132 vere
918 1082 1036 1148 Spiritus
1061 1085 1175 1135 Sanctus

645 1152 743 1203 dicitur
767 1151 930 1216 vehemens,
970 1154 1046 1219 quasi
1073 1155 1175 1206 vehens

648 1240 699 1276 nos
710 1241 725 1276 a
741 1236 839 1288 mente,
857 1233 883 1276 et
896 1241 911 1276 a
924 1227 1023 1277 mentis
1036 1228 1175 1278 affectibus

647 1297 777 1357 alienans,
791 1298 842 1362 vel,
859 1298 936 1364 quasi
950 1313 991 1350 vae
1004 1299 1135 1360 adimens,
1147 1300 1174 1350 id

648 1380 689 1422 est
711 1380 838 1421 aeternam
866 1371 1070 1422 damnationem
1097 1372 1173 1423 aufe-

648 1457 720 1492 rens.
743 1441 833 1492 Potest
854 1457 917 1508 ergo
942 1442 976 1492 ad
988 1458 1087 1493 sonum
1102 1451 1127 1493 et
1143 1445 1176 1494 ad

648 1513 780 1579 Spiritum
810 1514 939 1564 Sanctum
970 1513 1080 1574 referri,
1103 1515 1177 1580 quod

648 1588 750 1639 dictum
781 1597 836 1649 est,
864 1593 990 1653 tanquam
1013 1587 1179 1640 aduenientis

649 1662 763 1730 spiritur
784 1661 950 1722 uehementis,
974 1660 1039 1726 quia
1055 1661 1178 1723 aequivo-

649 1749 711 1800 cum
722 1742 763 1783 est
774 1732 806 1782 ad
820 1741 975 1798 utrumque.
992 1732 1092 1783 Venit
1087 1750 1115 1783 ιιι
1130 1749 1179 1784 so·
1249 1793 1252 1798 ,

650 1821 696 1864 no,
710 1805 743 1856 ad
770 1804 926 1855 terrendum
949 1803 1071 1862 rebelles,
1099 1815 1124 1855 et
1150 1806 1179 1856 in

650 1877 727 1936 flatu,
740 1877 788 1944 qtti
807 1877 865 1929 ab
858 1877 981 1929 interiori
995 1879 1124 1943 procedit,
1147 1879 1180 1930 ad

650 1948 841 2001 vivificandum
871 1948 1029 2000 devotorum
1062 1950 1182 2002 affectus.

649 2019 690 2070 Ει
704 2019 824 2086 replevit,
838 2034 922 2069 sonus
939 2019 984 2069 ille
999 2019 1040 2070 vel
1064 2020 1182 2086 Spiritus

649 2090 771 2150 Sanctus,
797 2096 879 2141 tetum
904 2090 1008 2140 domum
1036 2090 1081 2140 ubi
1103 2096 1181 2142 erant

650 2159 779 2222 sedenter,
794 2159 822 2209 id
836 2169 875 2210 est
888 2174 983 2210 omnes
997 2159 1025 2209 in
1039 2160 1119 2210 domo
1133 2175 1177 2210 se·

650 2229 753 2293 dentes,
766 2230 909 2294 implentes
920 2230 994 2295 quod
1006 2228 1109 2279 dictum
1123 2229 1178 2280 fue-

650 2311 690 2353 rat
704 2301 743 2352 eis
764 2316 780 2352 a
797 2300 935 2352 Domino:
951 2299 1047 2351 Sedete
1065 2301 1092 2350 in
1109 2300 1179 2351 ciui·
1215 2295 1218 2301 ’

651 2379 713 2435 tate,
729 2372 899 2438 quoadusque
917 2370 1065 2422 induamini
1082 2371 1179 2422 uirtute

650 2461 687 2496 ex
704 2445 770 2496 aito.
785 2444 849 2494 Haec
870 2443 943 2494 enim
964 2443 1036 2493 dona
1054 2460 1109 2494 non
1124 2442 1177 2494 nisi

650 2515 680 2566 in
694 2530 781 2566 unum
800 2513 966 2580 congregatis
992 2529 1039 2579 per
1063 2529 1180 2570 consen-

651 2603 722 2648 sum,
748 2596 774 2638 et
799 2587 832 2638 ad
862 2585 1001 2653 superiora
1035 2585 1180 2637 sublevatis

631 2675 632 2678 ¹
651 2674 698 2724 per
714 2657 890 2718 desiderium,
907 2657 999 2709 venire
1024 2666 1179 2724 potuerunt.

683 2749 698 2783 2
716 2730 838 2782 Cursus
856 2746 944 2782 sarcre
964 2743 1182 2782 circumrorans

652 2818 795 2856 nascautur
810 2804 943 2853 Seianus
962 2798 1092 2850 Snucrus?
1105 2825 1135 2836 -
1146 2797 1182 2848 Et

651 2876 753 2943 linguae
778 2873 871 2926 divisae
899 2883 964 2924 sunt
992 2873 1064 2923 velut
1092 2868 1181 2936 ignis,

651 2954 677 2999 et
688 2950 876 3013 apparuerunt
887 2944 944 2994 iilis
962 2942 1112 3007 dispertitur
1126 2939 1181 2992 lin-

651 3031 723 3102 guae·
742 3023 869 3084 tanquam
893 3015 976 3082 ignia,
1003 3013 1030 3063 id
1053 3022 1093 3064 est
1114 3013 1182 3065 radii

653 3087 725 3156 ignei
741 3086 771 3138 in
793 3086 905 3137 modum
932 3084 1118 3151 linguarum
1112 3083 1183 3135 msi-

652 3163 746 3212 dentes
770 3157 903 3221 capitibus
927 3155 1106 3221 singulorum.
1130 3155 1184 3205 Be-

653 3248 697 3294 ne,
713 3241 744 3283 ut
760 3230 797 3281 alt
811 3229 852 3281 Gr
852 3241 964 3296 egerens
969 3264 978 3289 ,
996 3227 1024 3277 in
1048 3227 1111 3307 igne
1125 3223 1185 3292 Spi-

654 3304 724 3354 ritus
735 3298 869 3368 apparuit,
883 3298 948 3366 quia
963 3297 996 3348 ab
1012 3296 1087 3348 omni
1103 3296 1184 3347 corde

653 3374 726 3442 quod
747 3371 840 3437 replet,
860 3380 996 3436 torporem
1013 3365 1122 3433 frigoris
1136 3381 1185 3418 ex-

652 3445 730 3506 cutit,
745 3453 771 3495 et
783 3441 874 3493 hocin
887 3439 1020 3491 desiderio
1036 3452 1092 3490 suae
1107 3447 1180 3489 aeter·

655 3517 746 3569 nitatis
759 3514 887 3566 accendit.
903 3512 980 3564 Unde
994 3521 1020 3561 et
1032 3509 1184 3576 Origenes.
1178 3526 1186 3538 ·

654 3606 668 3636 «
678 3589 753 3638 Deus
771 3594 863 3636 noster
876 3583 950 3649 ignis
963 3594 1118 3636 consumens
1136 3584 1185 3641 est,

654 3657 807 3745 quamdiu
801 3672 830 3706 ιιι
856 3653 936 3704 nobis
957 3663 1022 3702 sunt
1046 3667 1106 3718 quae
1120 3664 1187 3701 con-

657 3734 728 3784 sumi
744 3731 827 3797 digna
838 3737 912 3789 sunt,
932 3741 995 3778 cum
1014 3735 1104 3776 autem
1118 3738 1187 3774 con-

654 3812 763 3871 sumpta
781 3798 960 3864 fuerint,1am
975 3813 1031 3849 non
1047 3795 1099 3848 erit
1115 3791 1188 3859 ignis
