2626 4328
238 245 285 294 DE
300 242 521 294 ASCENSlONE
539 239 668 291 DOMINI
685 239 819 289 NOSTRI
829 239 911 290 JESU
926 240 1076 290 CHRISTI.

89 381 150 415 rum
165 361 358 418 necessitatem,
372 359 521 409 secundum
536 357 620 407 illud:

90 437 156 486 Cum
172 447 255 482 essem
271 446 329 480 cum
347 430 393 491 eir,
408 444 459 494 ego
480 428 620 478 servabam

89 522 134 557 eos
161 506 187 554 in
214 504 316 553 nomine
341 507 393 564 tuo,
416 501 462 550 ubi
489 500 554 560 petit
576 514 621 549 eos

88 588 149 644 post
160 592 293 626 recessum
307 591 386 624 suum
401 573 497 622 servari
509 587 524 620 a
535 571 620 633 malo,·

87 654 214 715 secundo,
238 653 268 700 ad
290 649 486 700 ostendendum
512 646 618 696 finalem

87 734 114 773 et
136 732 347 789 perseverantem
372 735 433 784 erga
457 733 520 767 suos
543 732 619 770 suam

86 793 269 851 dilectionem,
286 791 433 840 secundum
448 787 533 837 illud:
552 787 619 836 Cum

87 865 231 914 dilexisset
244 877 307 911 suos
325 861 370 925 qui
383 866 460 910 erant
474 857 617 919 inmundo,

88 935 114 983 in
121 933 204 998 finem
217 932 315 981 dilexit
333 945 386 980 eos,
399 928 526 979 Instruxit
539 927 619 976 etiam

57 1003 59 1011 '
86 1021 134 1070 per
151 1005 202 1053 hoc
221 1003 372 1068 superiores
393 1001 421 1050 in
448 1000 573 1058 Ecclesia,
589 1007 620 1047 ut

84 1075 235 1124 recedentes
250 1089 264 1122 a
279 1073 404 1131 subditis,
422 1068 618 1121 benedictioni·

85 1146 136 1195 bus
148 1161 193 1194 eos
208 1146 262 1193 Deo
278 1144 476 1192 commendent.

117 1225 132 1274 q
157 1209 290 1266 Quonooo
311 1222 343 1254 no
372 1221 467 1254 coinon
492 1218 618 1252 iscauorr

85 1279 233 1337 Cnarsrus,
256 1294 288 1327 ar
310 1292 361 1326 cun
386 1278 415 1325 B.
436 1277 525 1323 Manna
548 1273 617 1322 Vin-

84 1365 119 1399 oo
147 1365 199 1398 nou
223 1364 301 1397 stuuu
327 1363 460 1397 nssunern
487 1344 558 1394 asr't
587 1372 618 1380 —

84 1419 134 1467 His
159 1419 261 1477 finitis,
283 1418 315 1467 ad
338 1418 476 1467 Orientem
492 1430 568 1464 versa
584 1413 619 1463 fa-

84 1490 141 1549 cie,
167 1500 195 1538 ut
220 1489 285 1538 dicit
305 1490 508 1547 DamascenuS,
538 1488 618 1553 coepit

82 1579 132 1612 sua
146 1563 254 1628 propria
274 1562 375 1611 virtute
389 1577 445 1610 non
460 1559 544 1609 aliena
560 1560 616 1610 ele-

83 1635 139 1683 vari
157 1635 190 1682 ab
207 1634 254 1692 eis,
271 1643 296 1682 et
313 1633 453 1682 ascendere
468 1632 616 1682 videntibus

83 1705 141 1753 illis
164 1720 233 1768 quos
248 1704 348 1753 scilicet
362 1713 433 1752 tanta
449 1702 554 1752 visione
570 1703 615 1751 di-

81 1778 224 1841 gnabatur,
239 1788 265 1827 et
280 1777 395 1825 videndo
412 1775 613 1838 deducentibus,

82 1858 112 1896 ut
134 1847 235 1896 scilicet
258 1846 422 1895 desiderium
436 1844 562 1894 veniendi
582 1846 614 1894 ad

81 1919 173 1983 ipsum
189 1920 217 1967 in
234 1919 273 1968 eis
289 1918 460 1981 excitaretur;
477 1928 502 1967 et
516 1916 614 1967 trium-

82 1990 198 2055 phaliter
225 1994 334 2055 proprio
356 2002 431 2040 motu
457 2006 503 2054 per
524 1991 613 2039 dotem

81 2061 216 2126 agilitatis,
235 2062 264 2110 in
276 2063 373 2111 coelum
388 2078 544 2127 supremum
560 2077 613 2110 un-

80 2131 114 2180 de
129 2141 238 2181 venerat
260 2131 401 2182 ferebatur.
428 2133 504 2181 Tunc
530 2133 613 2180 Mater

81 2211 107 2250 et
125 2218 221 2251 omnes
246 2202 291 2251 alii
314 2204 474 2266 aspicientes
496 2217 559 2251 eum
583 2201 612 2251 in

81 2275 178 2324 coelum
200 2275 306 2333 elevari,
322 2276 496 2340 prociderunt
513 2275 541 2323 in
557 2284 612 2324 ter-

80 2363 139 2396 ram
163 2349 316 2409 adorantes3
344 2359 369 2398 et
391 2358 498 2413 propter
513 2348 612 2396 disces-

80 2432 143 2465 sum
159 2417 288 2483 lacrymas
308 2419 445 2468 continere
464 2434 518 2467 non
534 2426 612 2482 pote-

82 2496 158 2545 rant,
186 2491 301 2538 multum
331 2499 418 2538 tamen
445 2489 611 2554 gaudebant,

80 2559 155 2624 quod
184 2559 272 2624 ipsum
304 2562 341 2611 sic
371 2561 486 2626 gloriose
514 2560 612 2610 coelum

80 2640 170 2694 petere
190 2633 340 2682 cernebant.
363 2632 484 2696 Oquam
497 2631 613 2680 libenter

79 2705 164 2754 Mater
179 2720 239 2754 cum
255 2706 325 2755 Filio
343 2707 375 2754 de
390 2706 440 2754 hoc
453 2706 556 2753 mundo
569 2719 612 2753 re-

79 2775 217 2838 cessisset;
235 2777 281 2824 sed
306 2791 364 2826 eam
388 2777 420 2826 ad
441 2787 548 2840 tempus
569 2774 612 2825 hic

79 2862 187 2898 manere
203 2850 336 2900 Dominus
351 2851 444 2908 voluit,
467 2850 531 2916 quia
548 2864 612 2914 pro-

80 2931 139 2984 pter
165 2922 363 2972 confirmandos
387 2924 523 2972 credentes
547 2922 613 2971 utile

79 3002 105 3041 et
120 2994 264 3057 expediens
279 2993 344 3056 fuit;
368 3005 466 3042 nostrae
480 2993 560 3042 etiam
579 2991 613 3041 fi-

77 3061 119 3111 dei
135 3063 186 3112 hoc
208 3076 263 3113 erat
280 3063 459 3114 necessarium
475 3062 539 3128 quia
554 3062 612 3126 ipsa

79 3146 140 3199 post
170 3137 364 3187 Ascensionem
399 3135 506 3185 Domini
543 3135 614 3184 inter

76 3207 223 3270 Apostolos
246 3209 446 3265 conversando,
468 3208 553 3256 multa
574 3206 613 3256 eis

77 3277 214 3337 revelavit,
238 3294 297 3343 quae
312 3281 354 3334 ¹de
380 3277 515 3344 mysteriis
539 3276 613 3339 illius

77 3359 247 3410 cognoverat.
266 3350 342 3399 Unde
362 3350 399 3400 sic
416 3350 496 3399 habet
511 3349 612 3398 Ansel-

77 3431 137 3466 mus
159 3434 168 3467 .·
190 3436 203 3464 n
225 3421 286 3481 Sed,
311 3436 327 3469 0
350 3421 418 3469 bone
441 3420 513 3478 Jesu,
534 3420 612 3470 istius

77 3497 131 3537 tuae
145 3487 309 3540 dulcissimae
324 3491 416 3540 Matris
429 3490 551 3554 piissime
565 3491 612 3540 Fi-

76 3557 106 3621 li,
125 3561 265 3623 quomodo
280 3561 335 3626 pati
351 3561 468 3625 potuisti
491 3571 522 3610 ut
544 3571 569 3610 te
583 3559 612 3610 in

76 3646 193 3696 regnum
208 3633 300 3698 gloriae
312 3644 363 3683 tuae
381 3643 523 3696 remeante,
537 3632 611 3684 illam

76 3703 154 3768 quasi
178 3706 298 3754 orbatam
324 3704 353 3754 in
377 3704 496 3754 miseriis
517 3704 610 3754 mundi

76 3773 254 3839 relinqueres,
271 3784 297 3824 et
313 3791 367 3823 non
381 3790 439 3824 eam
460 3773 551 3823 statim
566 3789 611 3824 re-

77 3856 220 3908 gnaturam
235 3847 401 3898 assumeres?
414 3848 485 3907 Erat,
499 3857 528 3897 ut
541 3846 611 3897 mihi

1156 239 1205 305 751

677 355 803 414 videtur,
833 355 981 404 necessaria
1018 366 1116 406 nostrae
1145 353 1206 405 fidei

676 427 842 476 conversatio
866 443 913 477 sua
935 436 996 492 post
1015 427 1208 476 Ascensionem

675 500 784 549 Domini
801 500 872 551 inter
893 501 1036 567 Apostolos
1056 501 1126 563 eius,
1143 499 1208 564 quia

674 570 735 619 licet
755 570 807 635 ipsi
828 587 875 636 per
890 571 1076 631 revelationem
1089 571 1207 635 Spiritus

674 639 760 689 Sancti
779 641 866 691 edocti
891 641 990 691 fuerint
1006 656 1115 690 omnem
1134 640 1207 690 veri-

674 721 764 770 tatem,
785 712 1030 777 incomparabiliter
1046 724 1135 763 tamen
1153 727 1206 762 ma-

673 781 798 833 nifestius
834 799 863 832 ac
891 784 1056 834 eminentius
1080 785 1136 849 ipsa
1161 799 1208 849 per

673 855 798 903 eumdem
820 855 952 921 Spiritum
975 856 1060 922 ipsius
1085 855 1206 904 veritatis

673 923 839 990 intelligebat
860 919 1083 989 profunditatem
1109 928 1138 975 ac
1158 940 1205 990 per

673 994 725 1044 hoc
746 1011 792 1044 mu
802 997 838 1045 lta
852 995 890 1044 eis
905 996 1035 1060 perillam
1051 997 1207 1046 revelaban-

673 1072 725 1122 tur,
741 1080 802 1130 quae
820 1065 848 1113 in
865 1081 962 1114 senon
983 1068 1072 1115 solum
1089 1066 1206 1131 simplici

673 1135 792 1194 scientia,
807 1136 853 1185 sed
871 1146 896 1185 et
914 1135 973 1200 ipso
988 1136 1092 1195 effectu,
1106 1148 1131 1186 et
1145 1137 1206 1201 ipso

672 1206 854 1269 experimento
870 1217 1029 1271 cognoverat
1046 1208 1078 1255 de
1100 1216 1205 1272 myste-

671 1278 720 1328 riis
749 1280 868 1343 eiusdem
896 1280 1005 1329 Domini
1031 1281 1114 1329 nostri
1142 1281 1205 1330 Jesu

672 1349 784 1398 Christi.
801 1351 855 1399 Nec
870 1350 963 1399 dilatio
977 1365 1031 1400 suae
1046 1350 1206 1415 assumptio-

672 1421 714 1472 nis
735 1423 930 1487 quoquomodo
953 1424 1082 1487 jacturam
1109 1423 1207 1473 inferre

670 1493 773 1541 valebat
788 1492 962 1542 immensitati
978 1493 1078 1542 amoris
1095 1504 1121 1543 et
1138 1509 1205 1558 gau-

669 1561 707 1610 dii
743 1563 797 1625 sui,
822 1563 952 1628 quoniam
985 1564 1042 1628 ipsa
1079 1563 1205 1628 perfectio

669 1634 770 1684 amoris
802 1645 827 1684 et
852 1635 943 1701 gaudii
973 1635 1009 1685 ita
1040 1636 1113 1685 illam
1141 1636 1205 1686 refi-

668 1705 753 1755 ciebat
788 1707 954 1778 plenitudine
987 1707 1051 1766 sui,
1086 1717 1116 1756 ut
1153 1708 1205 1758 hoc

669 1774 759 1839 ipsum
792 1776 816 1824 ei
852 1777 884 1825 ad
925 1787 1101 1842 augmentum
1128 1793 1205 1827 amo-

668 1846 706 1895 ris
738 1858 763 1897 et
789 1847 879 1912 gaudii
910 1863 1071 1913 magnopere
1106 1847 1204 1910 fieret,

667 1917 740 1981 quod
778 1917 833 1966 illic
867 1932 895 1967 se
926 1933 984 1968 esse
1014 1917 1121 1968 videbat
1157 1919 1204 1969 ubi

667 1988 775 2049 Deum,
802 2005 882 2055 quem
913 2005 968 2054 prae
1002 1991 1104 2040 cunctis
1136 2006 1206 2042 ama·

668 2062 720 2122 bat,
732 2064 800 2113 velle
812 2064 897 2129 magis
913 2065 1021 2114 sciebat.
1037 2065 1121 2129 lgitur
1137 2065 1200 2114 ubi-

666 2148 773 2199 cunque
802 2144 865 2192 erat,
897 2144 922 2183 et
952 2134 1011 2198 ipsa
1034 2135 1061 2183 in
1088 2135 1154 2198 Deo,
1176 2144 1202 2184 et

666 2202 737 2253 Deus
758 2205 786 2253 in
803 2219 832 2254 ea
852 2204 1056 2268 jucundabatur,
1072 2220 1125 2270 qua
1145 2205 1203 2269 ipsa

666 2276 831 2338 iucunditate
855 2275 927 2336 felix,
949 2276 999 2324 hoc
1027 2291 1080 2340 prae
1106 2275 1201 2325 ceteris

666 2347 769 2413 'ubique
782 2347 840 2397 fieri
856 2347 989 2412 cupiebat,
1004 2346 1078 2412 quod
1093 2347 1203 2411 sapien-

667 2420 710 2470 tiae
732 2420 780 2470 Dei
806 2420 977 2485 potissimum
1001 2422 1104 2484 placere
1128 2420 1203 2470 intel·
1244 2482 1246 2485 .

666 2490 765 2556 ligebat
785 2508 791 2540 z
813 2511 826 2538 n
842 2491 899 2540 haec
927 2490 1079 2540 Anselmus.
1101 2490 1137 2540 Et
1164 2500 1204 2540 est

667 2562 796 2622 notabile,
820 2562 893 2628 quod
918 2562 1052 2612 Dominus
1078 2579 1085 2612 ι
1112 2562 1200 2628 primo

666 2648 733 2684 suos
760 2635 792 2684 de
819 2633 922 2684 civitate
946 2634 1050 2698 eduxit;
1076 2635 1199 2698 secundo,

666 2719 712 2754 eos
726 2704 754 2753 in
775 2705 933 2754 Bethaniam
948 2705 1038 2767 duxit3
1054 2707 1142 2766 tertio,
1164 2705 1203 2755 eis

667 2775 817 2839 benedixit3
836 2787 940 2842 quarto,
958 2777 1085 2826 ascendit.
1101 2779 1130 2825 ln
1146 2790 1201 2841 quo

667 2847 744 2895 datur
771 2847 902 2912 intelligi,
933 2848 1006 2913 quod
1036 2857 1202 2910 peccatorem

667 2916 755 2980 primo
777 2917 866 2966 educit
890 2918 922 2966 de
942 2927 1066 2981 peccat03
1084 2915 1201 2964 secundo

668 2988 758 3053 ipsum
773 2989 801 3037 in
823 2989 991 3051 Bethaniam,
1007 2988 1087 3037 idest
1104 2987 1131 3036 in
1150 2987 1202 3037 do-

668 3075 738 3109 mum
754 3061 910 3112 obedientiae
927 3060 1008 3118 ducit,
1029 3070 1128 3110 statum
1144 3061 1201 3125 ejus

668 3132 816 3195 tnutando;
832 3133 909 3182 tertio
925 3133 949 3182 ei
965 3132 1106 3191 benedicit,
1119 3131 1203 3197 gratia

668 3204 745 3255 illum
759 3206 902 3270 replend03
922 3216 1017 3271 quarto
1033 3205 1160 3265 ascendit,
1176 3205 1202 3254 id

667 3286 706 3325 est
731 3277 872 3326 ascendere
899 3276 971 3336 facit,
999 3277 1031 3326 ad
1064 3275 1204 3341 superiora

668 3347 863 3408 transferendo,
884 3358 914 3398 ut
939 3357 979 3397 eat
1000 3348 1033 3398 de
1056 3347 1154 3402 virtute
1175 3347 1203 3396 in

670 3420 804 3469 virtutem.

702 3507 732 3540 10
750 3492 863 3541 Parnon
888 3506 1035 3541 courrnrus
1062 3507 1095 3540 ar
1120 3507 1203 3542 satur·

666 3575 741 3610 ruuu
769 3575 924 3610 canasrruu
949 3576 1087 3611 occunsus.
1114 3590 1145 3600 -
1170 3562 1204 3611 Et
1257 3610 1259 3615 ,

667 3630 812 3680 ascendens
832 3629 966 3697 Dominus
982 3630 1057 3680 lesus
1072 3631 1149 3680 duxit
1160 3644 1204 3681 se-

666 3717 727 3751 cum
753 3700 827 3752 illam
851 3701 1055 3752 multitudinem
1073 3702 1203 3760 nobilem,

666 3775 766 3826 scilicet
789 3775 919 3841 captivam
945 3776 1144 3840 captivitatem,
1174 3773 1202 3822 id

666 3857 708 3899 est
733 3848 852 3914 captivos
876 3863 892 3898 a
916 3849 1074 3914 captivitate
1095 3844 1217 3901 interris,
1270 3898 1275 3905 ι
