<?xml version="1.0" encoding="UTF-8"?>
<!DOCTYPE html PUBLIC "-//W3C//DTD XHTML 1.0 Transitional//EN"
    "http://www.w3.org/TR/xhtml1/DTD/xhtml1-transitional.dtd">
<html xmlns="http://www.w3.org/1999/xhtml" xml:lang="en" lang="en">
 <head>
  <title>
</title>
<meta http-equiv="Content-Type" content="text/html;charset=utf-8" />
  <meta name='ocr-system' content='tesseract 3.04.00' />
  <meta name='ocr-capabilities' content='ocr_page ocr_carea ocr_par ocr_line ocrx_word'/>
</head>
<body>
  <div class='ocr_page' id='page_1' title='image "./vitajesuchristi00rigogoog_0084.png"; bbox 0 0 2626 4328; ppageno 0'>
   <div class='ocr_carea' id='block_1_1' title="bbox 368 306 943 367">
    <p class='ocr_par' dir='ltr' id='par_1_1' title="bbox 368 306 943 367">
     <span class='ocr_line' id='line_1_1' title="bbox 368 306 943 367; baseline -0.005 -9"><span class='ocrx_word' id='word_1_1' title='bbox 368 308 416 359; x_wconf 90' lang='lat' dir='ltr'>DE</span> <span class='ocrx_word' id='word_1_2' title='bbox 432 307 549 367; x_wconf 81' lang='lat' dir='ltr'>PRIMA,</span> <span class='ocrx_word' id='word_1_3' title='bbox 567 308 602 358; x_wconf 78' lang='lat' dir='ltr'>[N</span> <span class='ocrx_word' id='word_1_4' title='bbox 619 307 791 359; x_wconf 79' lang='lat' dir='ltr'><strong>PASSIONE</strong></span> <span class='ocrx_word' id='word_1_5' title='bbox 802 306 943 358; x_wconf 81' lang='lat' dir='ltr'><strong>DOMINI.</strong></span> 
     </span>
    </p>
   </div>
   <div class='ocr_carea' id='block_1_2' title="bbox 90 425 627 1353">
    <p class='ocr_par' dir='ltr' id='par_1_2' title="bbox 90 425 627 1353">
     <span class='ocr_line' id='line_1_2' title="bbox 92 425 627 494; baseline -0.007 -15"><span class='ocrx_word' id='word_1_6' title='bbox 92 427 148 494; x_wconf 84' lang='lat' dir='ltr'>ipse</span> <span class='ocrx_word' id='word_1_7' title='bbox 168 425 360 477; x_wconf 82' lang='lat' dir='ltr'>conformatur</span> <span class='ocrx_word' id='word_1_8' title='bbox 382 425 504 489; x_wconf 83' lang='lat' dir='ltr'>Christo,</span> <span class='ocrx_word' id='word_1_9' title='bbox 531 434 627 476; x_wconf 72' lang='lat' dir='ltr'>conas</span> 
     </span>
     <span class='ocr_line' id='line_1_3' title="bbox 93 495 625 564; baseline -0.006 -16"><span class='ocrx_word' id='word_1_10' title='bbox 93 512 172 564; x_wconf 86' lang='lat' dir='ltr'>quem</span> <span class='ocrx_word' id='word_1_11' title='bbox 184 511 285 546; x_wconf 83' lang='lat' dir='ltr'>omnes</span> <span class='ocrx_word' id='word_1_12' title='bbox 293 506 482 546; x_wconf 75' lang='lat' dir='ltr'>conuenerunt</span> <span class='ocrx_word' id='word_1_13' title='bbox 492 495 522 546; x_wconf 86' lang='lat' dir='ltr'>iu</span> <span class='ocrx_word' id='word_1_14' title='bbox 533 511 625 546; x_wconf 81' lang='lat' dir='ltr'>unum</span> 
     </span>
     <span class='ocr_line' id='line_1_4' title="bbox 93 565 626 619; baseline -0.002 0"><span class='ocrx_word' id='word_1_15' title='bbox 93 567 170 619; x_wconf 65' lang='grc' dir='ltr'>θείω</span> <span class='ocrx_word' id='word_1_16' title='bbox 196 567 316 617; x_wconf 87' lang='lat' dir='ltr'>inimici.</span> <span class='ocrx_word' id='word_1_17' title='bbox 335 567 377 617; x_wconf 75' lang='lat' dir='ltr'>ad</span> <span class='ocrx_word' id='word_1_18' title='bbox 397 565 626 618; x_wconf 77' lang='lat' dir='ltr'>conformandum</span> 
     </span>
     <span class='ocr_line' id='line_1_5' title="bbox 93 641 625 707; baseline 0.008 -20"><span class='ocrx_word' id='word_1_19' title='bbox 93 642 199 697; x_wconf 66' lang='lat' dir='ltr'>sahuic</span> <span class='ocrx_word' id='word_1_20' title='bbox 216 641 341 700; x_wconf 79' lang='lat' dir='ltr'>articulo,</span> <span class='ocrx_word' id='word_1_21' title='bbox 360 641 488 707; x_wconf 81' lang='lat' dir='ltr'><strong>recogitet</strong></span> <span class='ocrx_word' id='word_1_22' title='bbox 501 642 585 692; x_wconf 88' lang='lat' dir='ltr'>homo</span> <span class='ocrx_word' id='word_1_23' title='bbox 602 642 625 691; x_wconf 89' lang='lat' dir='ltr'>si</span> 
     </span>
     <span class='ocr_line' id='line_1_6' title="bbox 93 715 627 783; baseline -0.002 -15"><span class='ocrx_word' id='word_1_24' title='bbox 93 715 187 768; x_wconf 82' lang='lat' dir='ltr'>habeat</span> <span class='ocrx_word' id='word_1_25' title='bbox 208 717 383 767; x_wconf 74' lang='lat' dir='ltr'>inimicitiam</span> <span class='ocrx_word' id='word_1_26' title='bbox 404 733 465 767; x_wconf 88' lang='lat' dir='ltr'>cum</span> <span class='ocrx_word' id='word_1_27' title='bbox 479 717 588 783; x_wconf 89' lang='lat' dir='ltr'>aliquo;</span> <span class='ocrx_word' id='word_1_28' title='bbox 600 727 627 767; x_wconf 87' lang='lat' dir='ltr'>et</span> 
     </span>
     <span class='ocr_line' id='line_1_7' title="bbox 92 784 626 837; baseline 0.006 -4"><span class='ocrx_word' id='word_1_29' title='bbox 92 784 211 837; x_wconf 87' lang='lat' dir='ltr'>dimittat</span> <span class='ocrx_word' id='word_1_30' title='bbox 226 801 287 836; x_wconf 91' lang='lat' dir='ltr'>eam</span> <span class='ocrx_word' id='word_1_31' title='bbox 303 788 336 837; x_wconf 93' lang='lat' dir='ltr'>de</span> <span class='ocrx_word' id='word_1_32' title='bbox 350 787 429 836; x_wconf 89' lang='lat' dir='ltr'>corde</span> <span class='ocrx_word' id='word_1_33' title='bbox 438 802 529 837; x_wconf 91' lang='lat' dir='ltr'>amore</span> <span class='ocrx_word' id='word_1_34' title='bbox 542 787 626 836; x_wconf 94' lang='lat' dir='ltr'>Chri-</span> 
     </span>
     <span class='ocr_line' id='line_1_8' title="bbox 92 858 627 925; baseline 0.004 -17"><span class='ocrx_word' id='word_1_35' title='bbox 92 858 134 919; x_wconf 85' lang='lat' dir='ltr'>sti,</span> <span class='ocrx_word' id='word_1_36' title='bbox 148 859 198 925; x_wconf 92' lang='lat' dir='ltr'>qui</span> <span class='ocrx_word' id='word_1_37' title='bbox 214 875 266 924; x_wconf 90' lang='lat' dir='ltr'>pro</span> <span class='ocrx_word' id='word_1_38' title='bbox 291 860 371 909; x_wconf 90' lang='lat' dir='ltr'>nobis</span> <span class='ocrx_word' id='word_1_39' title='bbox 394 860 422 909; x_wconf 90' lang='lat' dir='ltr'>in</span> <span class='ocrx_word' id='word_1_40' title='bbox 437 875 485 910; x_wconf 90' lang='lat' dir='ltr'>sua</span> <span class='ocrx_word' id='word_1_41' title='bbox 500 860 627 911; x_wconf 89' lang='lat' dir='ltr'>Passione</span> 
     </span>
     <span class='ocr_line' id='line_1_9' title="bbox 91 930 625 981; baseline 0.002 -1"><span class='ocrx_word' id='word_1_42' title='bbox 91 930 170 981; x_wconf 86' lang='lat' dir='ltr'>etiam</span> <span class='ocrx_word' id='word_1_43' title='bbox 194 931 282 979; x_wconf 90' lang='lat' dir='ltr'>malos</span> <span class='ocrx_word' id='word_1_44' title='bbox 308 930 447 980; x_wconf 90' lang='lat' dir='ltr'>adversum</span> <span class='ocrx_word' id='word_1_45' title='bbox 471 947 499 981; x_wconf 92' lang='lat' dir='ltr'>se</span> <span class='ocrx_word' id='word_1_46' title='bbox 514 947 625 981; x_wconf 89' lang='lat' dir='ltr'>concor-</span> 
     </span>
     <span class='ocr_line' id='line_1_10' title="bbox 91 1000 626 1065; baseline 0 -14"><span class='ocrx_word' id='word_1_47' title='bbox 91 1000 169 1051; x_wconf 80' lang='lat' dir='ltr'>davit.</span> <span class='ocrx_word' id='word_1_48' title='bbox 184 1001 265 1061; x_wconf 82' lang='lat' dir='ltr'>Jesu,</span> <span class='ocrx_word' id='word_1_49' title='bbox 276 1001 323 1065; x_wconf 84' lang='lat' dir='ltr'>qai</span> <span class='ocrx_word' id='word_1_50' title='bbox 341 1009 434 1052; x_wconf 86' lang='lat' dir='ltr'>contra</span> <span class='ocrx_word' id='word_1_51' title='bbox 446 1008 471 1051; x_wconf 90' lang='lat' dir='ltr'>te</span> <span class='ocrx_word' id='word_1_52' title='bbox 485 1003 554 1053; x_wconf 85' lang='lat' dir='ltr'>inter</span> <span class='ocrx_word' id='word_1_53' title='bbox 566 1003 626 1052; x_wconf 88' lang='lat' dir='ltr'>He-</span> 
     </span>
     <span class='ocr_line' id='line_1_11' title="bbox 90 1072 627 1133; baseline 0.006 -12"><span class='ocrx_word' id='word_1_54' title='bbox 90 1072 181 1124; x_wconf 84' lang='lat' dir='ltr'><strong><em>rodem</em></strong></span> <span class='ocrx_word' id='word_1_55' title='bbox 201 1078 228 1122; x_wconf 87' lang='lat' dir='ltr'>et</span> <span class='ocrx_word' id='word_1_56' title='bbox 251 1072 372 1122; x_wconf 83' lang='lat' dir='ltr'>Pilatum</span> <span class='ocrx_word' id='word_1_57' title='bbox 399 1074 545 1126; x_wconf 80' lang='lat' dir='ltr'>amicitiam</span> <span class='ocrx_word' id='word_1_58' title='bbox 565 1074 627 1133; x_wconf 72' lang='lat' dir='ltr'>fieri</span> 
     </span>
     <span class='ocr_line' id='line_1_12' title="bbox 92 1144 627 1211; baseline 0.004 -17"><span class='ocrx_word' id='word_1_59' title='bbox 92 1144 209 1207; x_wconf 80' lang='lat' dir='ltr'>voluisti,</span> <span class='ocrx_word' id='word_1_60' title='bbox 225 1145 263 1194; x_wconf 81' lang='lat' dir='ltr'>da</span> <span class='ocrx_word' id='word_1_61' title='bbox 282 1145 347 1194; x_wconf 81' lang='lat' dir='ltr'>milti</span> <span class='ocrx_word' id='word_1_62' title='bbox 367 1146 518 1211; x_wconf 86' lang='lat' dir='ltr'>iniquorum</span> <span class='ocrx_word' id='word_1_63' title='bbox 532 1147 627 1196; x_wconf 82' lang='lat' dir='ltr'>adaer-</span> 
     </span>
     <span class='ocr_line' id='line_1_13' title="bbox 92 1216 625 1282; baseline 0 -16"><span class='ocrx_word' id='word_1_64' title='bbox 92 1231 148 1266; x_wconf 82' lang='lat' dir='ltr'>stan</span> <span class='ocrx_word' id='word_1_65' title='bbox 165 1231 208 1266; x_wconf 89' lang='lat' dir='ltr'>me</span> <span class='ocrx_word' id='word_1_66' title='bbox 231 1216 422 1282; x_wconf 77' lang='lat' dir='ltr'>colligantium</span> <span class='ocrx_word' id='word_1_67' title='bbox 444 1233 495 1268; x_wconf 86' lang='lat' dir='ltr'>non</span> <span class='ocrx_word' id='word_1_68' title='bbox 518 1218 625 1279; x_wconf 83' lang='lat' dir='ltr'>timere;</span> 
     </span>
     <span class='ocr_line' id='line_1_14' title="bbox 93 1286 625 1353; baseline 0.002 -16"><span class='ocrx_word' id='word_1_69' title='bbox 93 1286 138 1338; x_wconf 85' lang='lat' dir='ltr'>sed</span> <span class='ocrx_word' id='word_1_70' title='bbox 151 1301 245 1338; x_wconf 87' lang='lat' dir='ltr'>eorum</span> <span class='ocrx_word' id='word_1_71' title='bbox 266 1288 360 1353; x_wconf 84' lang='lat' dir='ltr'>potius</span> <span class='ocrx_word' id='word_1_72' title='bbox 373 1289 571 1339; x_wconf 81' lang='lat' dir='ltr'>exercitatione</span> <span class='ocrx_word' id='word_1_73' title='bbox 584 1304 625 1338; x_wconf 91' lang='lat' dir='ltr'>me</span> 
     </span>
    </p>
   </div>
   <div class='ocr_carea' id='block_1_3' title="bbox 91 1357 647 1428">
    <p class='ocr_par' dir='ltr' id='par_1_3' title="bbox 91 1357 647 1428">
     <span class='ocr_line' id='line_1_15' title="bbox 91 1357 647 1428; baseline -0.004 -20"><span class='ocrx_word' id='word_1_74' title='bbox 91 1357 241 1424; x_wconf 79' lang='lat' dir='ltr'>proficere,</span> <span class='ocrx_word' id='word_1_75' title='bbox 277 1364 408 1422; x_wconf 82' lang='lat' dir='ltr'>quatenus</span> <span class='ocrx_word' id='word_1_76' title='bbox 437 1359 485 1408; x_wconf 85' lang='lat' dir='ltr'>tibi</span> <span class='ocrx_word' id='word_1_77' title='bbox 520 1372 647 1428; x_wconf 70' lang='lat' dir='ltr'>vaterem·¹</span> 
     </span>
    </p>
   </div>
   <div class='ocr_carea' id='block_1_4' title="bbox 92 1429 627 3426">
    <p class='ocr_par' dir='ltr' id='par_1_4' title="bbox 94 1429 273 1499">
     <span class='ocr_line' id='line_1_16' title="bbox 94 1429 273 1499; baseline 0 -19"><span class='ocrx_word' id='word_1_78' title='bbox 94 1429 273 1499; x_wconf 81' lang='lat' dir='ltr'>conformari.</span> 
     </span>
    </p>

    <p class='ocr_par' dir='ltr' id='par_1_5' title="bbox 92 1501 627 3426">
     <span class='ocr_line' id='line_1_17' title="bbox 123 1501 627 1559; baseline 0.002 -9"><span class='ocrx_word' id='word_1_79' title='bbox 123 1517 153 1552; x_wconf 89' lang='lat'>21</span> <span class='ocrx_word' id='word_1_80' title='bbox 173 1501 324 1552; x_wconf 65' lang='lat' dir='ltr'>Firmano</span> <span class='ocrx_word' id='word_1_81' title='bbox 340 1518 373 1551; x_wconf 78' lang='lat' dir='ltr'>ar</span> <span class='ocrx_word' id='word_1_82' title='bbox 390 1518 548 1553; x_wconf 76' lang='lat' dir='ltr'>nocuuartra</span> <span class='ocrx_word' id='word_1_83' title='bbox 561 1519 627 1559; x_wconf 71' lang='lat' dir='ltr'>Qua·</span> 
     </span>
     <span class='ocr_line' id='line_1_18' title="bbox 93 1589 626 1625; baseline 0.004 -2"><span class='ocrx_word' id='word_1_84' title='bbox 93 1589 164 1624; x_wconf 80' lang='lat' dir='ltr'>ruoa</span> <span class='ocrx_word' id='word_1_85' title='bbox 185 1589 220 1623; x_wconf 79' lang='lat' dir='ltr'>ax</span> <span class='ocrx_word' id='word_1_86' title='bbox 245 1589 378 1623; x_wconf 82' lang='lat' dir='ltr'>nucrroua</span> <span class='ocrx_word' id='word_1_87' title='bbox 399 1591 433 1624; x_wconf 80' lang='lat' dir='ltr'>ar</span> <span class='ocrx_word' id='word_1_88' title='bbox 459 1591 626 1625; x_wconf 76' lang='lat' dir='ltr'>anoucrroua</span> 
     </span>
     <span class='ocr_line' id='line_1_19' title="bbox 93 1641 625 1705; baseline 0.002 -11"><span class='ocrx_word' id='word_1_89' title='bbox 93 1641 205 1694; x_wconf 80' lang='lat' dir='ltr'>Caa1sr1</span> <span class='ocrx_word' id='word_1_90' title='bbox 242 1660 276 1692; x_wconf 80' lang='lat' dir='ltr'>na</span> <span class='ocrx_word' id='word_1_91' title='bbox 312 1658 402 1694; x_wconf 79' lang='lat' dir='ltr'>runica</span> <span class='ocrx_word' id='word_1_92' title='bbox 442 1662 476 1694; x_wconf 73' lang='lat' dir='ltr'>an</span> <span class='ocrx_word' id='word_1_93' title='bbox 504 1660 625 1705; x_wconf 78' lang='lat' dir='ltr'>strotcau,</span> 
     </span>
     <span class='ocr_line' id='line_1_20' title="bbox 93 1730 624 1768; baseline 0.002 -2"><span class='ocrx_word' id='word_1_94' title='bbox 93 1730 173 1766; x_wconf 71' lang='lat' dir='ltr'>sarus</span> <span class='ocrx_word' id='word_1_95' title='bbox 202 1730 431 1767; x_wconf 78' lang='lat' dir='ltr'>coaroauarroms</span> <span class='ocrx_word' id='word_1_96' title='bbox 454 1734 487 1767; x_wconf 80' lang='lat' dir='ltr'>ar</span> <span class='ocrx_word' id='word_1_97' title='bbox 518 1733 624 1768; x_wconf 73' lang='lat' dir='ltr'>onarro.</span> 
     </span>
     <span class='ocr_line' id='line_1_21' title="bbox 93 1787 625 1853; baseline 0 -15"><span class='ocrx_word' id='word_1_98' title='bbox 93 1787 284 1838; x_wconf 91' lang='lat' dir='ltr'>-Considera</span> <span class='ocrx_word' id='word_1_99' title='bbox 301 1802 372 1837; x_wconf 89' lang='lat' dir='ltr'>nunc</span> <span class='ocrx_word' id='word_1_100' title='bbox 391 1799 492 1853; x_wconf 90' lang='lat' dir='ltr'>quanta</span> <span class='ocrx_word' id='word_1_101' title='bbox 504 1787 625 1853; x_wconf 84' lang='lat' dir='ltr'>fatigatio</span> 
     </span>
     <span class='ocr_line' id='line_1_22' title="bbox 92 1856 626 1909; baseline 0 -1"><span class='ocrx_word' id='word_1_102' title='bbox 92 1856 172 1908; x_wconf 80' lang='lat' dir='ltr'>iuer&#39;it</span> <span class='ocrx_word' id='word_1_103' title='bbox 188 1856 301 1908; x_wconf 89' lang='lat' dir='ltr'>Christo</span> <span class='ocrx_word' id='word_1_104' title='bbox 318 1858 356 1907; x_wconf 89' lang='lat' dir='ltr'>sic</span> <span class='ocrx_word' id='word_1_105' title='bbox 373 1859 433 1908; x_wconf 88' lang='lat' dir='ltr'>duci</span> <span class='ocrx_word' id='word_1_106' title='bbox 448 1869 475 1909; x_wconf 84' lang='lat' dir='ltr'>ot</span> <span class='ocrx_word' id='word_1_107' title='bbox 488 1858 579 1908; x_wconf 82' lang='lat' dir='ltr'>reduci</span> <span class='ocrx_word' id='word_1_108' title='bbox 593 1859 626 1908; x_wconf 91' lang='lat' dir='ltr'>de</span> 
     </span>
     <span class='ocr_line' id='line_1_23' title="bbox 92 1927 626 1995; baseline 0.002 -17"><span class='ocrx_word' id='word_1_109' title='bbox 92 1927 179 1992; x_wconf 72' lang='lat' dir='ltr'>judice</span> <span class='ocrx_word' id='word_1_110' title='bbox 193 1927 365 1993; x_wconf 71' lang='lat' dir='ltr'>adjudicari,</span> <span class='ocrx_word' id='word_1_111' title='bbox 380 1929 445 1994; x_wconf 89' lang='lat' dir='ltr'>quia</span> <span class='ocrx_word' id='word_1_112' title='bbox 459 1944 557 1995; x_wconf 86' lang='lat' dir='ltr'>magna</span> <span class='ocrx_word' id='word_1_113' title='bbox 571 1945 626 1995; x_wconf 86' lang='lat' dir='ltr'>poe-</span> 
     </span>
     <span class='ocr_line' id='line_1_24' title="bbox 93 1999 626 2051; baseline 0 -1"><span class='ocrx_word' id='word_1_114' title='bbox 93 2013 125 2050; x_wconf 87' lang='lat' dir='ltr'>na</span> <span class='ocrx_word' id='word_1_115' title='bbox 143 2009 186 2051; x_wconf 88' lang='lat' dir='ltr'>est</span> <span class='ocrx_word' id='word_1_116' title='bbox 220 1999 334 2049; x_wconf 89' lang='lat' dir='ltr'>cuilibet</span> <span class='ocrx_word' id='word_1_117' title='bbox 360 2000 468 2051; x_wconf 90' lang='lat' dir='ltr'>homini</span> <span class='ocrx_word' id='word_1_118' title='bbox 492 2001 564 2051; x_wconf 89' lang='lat' dir='ltr'>mitti</span> <span class='ocrx_word' id='word_1_119' title='bbox 593 2001 626 2050; x_wconf 91' lang='lat' dir='ltr'>de</span> 
     </span>
     <span class='ocr_line' id='line_1_25' title="bbox 92 2071 625 2136; baseline 0 -15"><span class='ocrx_word' id='word_1_120' title='bbox 92 2085 146 2122; x_wconf 85' lang='lat' dir='ltr'>uno</span> <span class='ocrx_word' id='word_1_121' title='bbox 174 2071 265 2136; x_wconf 77' lang='lat' dir='ltr'>judice</span> <span class='ocrx_word' id='word_1_122' title='bbox 288 2072 322 2120; x_wconf 90' lang='lat' dir='ltr'>ad</span> <span class='ocrx_word' id='word_1_123' title='bbox 347 2071 432 2121; x_wconf 86' lang='lat' dir='ltr'>aliurn</span> <span class='ocrx_word' id='word_1_124' title='bbox 451 2071 526 2122; x_wconf 88' lang='lat' dir='ltr'>:fuit</span> <span class='ocrx_word' id='word_1_125' title='bbox 551 2072 625 2122; x_wconf 90' lang='lat' dir='ltr'>enim</span> 
     </span>
     <span class='ocr_line' id='line_1_26' title="bbox 94 2139 624 2208; baseline 0.004 -17"><span class='ocrx_word' id='word_1_126' title='bbox 94 2139 181 2208; x_wconf 85' lang='lat' dir='ltr'>primo</span> <span class='ocrx_word' id='word_1_127' title='bbox 196 2151 374 2208; x_wconf 86' lang='lat' dir='ltr'>praesentatus</span> <span class='ocrx_word' id='word_1_128' title='bbox 383 2145 482 2205; x_wconf 83' lang='lat' dir='ltr'>&#39;Annae;</span> <span class='ocrx_word' id='word_1_129' title='bbox 496 2144 624 2208; x_wconf 89' lang='lat' dir='ltr'>secundo,</span> 
     </span>
     <span class='ocr_line' id='line_1_27' title="bbox 94 2214 624 2282; baseline 0 -15"><span class='ocrx_word' id='word_1_130' title='bbox 94 2214 215 2282; x_wconf 77' lang='lat' dir='ltr'>Caiphae3</span> <span class='ocrx_word' id='word_1_131' title='bbox 231 2214 322 2276; x_wconf 81' lang='lat' dir='ltr'>tertio,</span> <span class='ocrx_word' id='word_1_132' title='bbox 334 2217 431 2266; x_wconf 91' lang='lat' dir='ltr'>ductus</span> <span class='ocrx_word' id='word_1_133' title='bbox 447 2216 624 2281; x_wconf 71' lang='lat' dir='ltr'>ad&#39;Pilatum3</span> 
     </span>
     <span class='ocr_line' id='line_1_28' title="bbox 94 2286 626 2354; baseline 0.006 -18"><span class='ocrx_word' id='word_1_134' title='bbox 94 2296 198 2353; x_wconf 81' lang='lat' dir='ltr'>quarto,</span> <span class='ocrx_word' id='word_1_135' title='bbox 207 2286 315 2336; x_wconf 86' lang='lat' dir='ltr'>missus</span> <span class='ocrx_word' id='word_1_136' title='bbox 334 2287 366 2336; x_wconf 85' lang='lat' dir='ltr'>ad</span> <span class='ocrx_word' id='word_1_137' title='bbox 381 2287 532 2351; x_wconf 82' lang='lat' dir='ltr'>Herodem3</span> <span class='ocrx_word' id='word_1_138' title='bbox 548 2289 626 2354; x_wconf 90' lang='lat' dir='ltr'>quin-</span> 
     </span>
     <span class='ocr_line' id='line_1_29' title="bbox 94 2357 626 2424; baseline 0.008 -18"><span class='ocrx_word' id='word_1_139' title='bbox 94 2367 129 2420; x_wconf 92' lang='lat' dir='ltr'>to,</span> <span class='ocrx_word' id='word_1_140' title='bbox 143 2357 278 2408; x_wconf 86' lang='lat' dir='ltr'>remissus</span> <span class='ocrx_word' id='word_1_141' title='bbox 301 2357 334 2406; x_wconf 87' lang='lat' dir='ltr'>ad</span> <span class='ocrx_word' id='word_1_142' title='bbox 350 2357 480 2422; x_wconf 80' lang='lat' dir='ltr'>Pilatum3</span> <span class='ocrx_word' id='word_1_143' title='bbox 495 2374 556 2424; x_wconf 86' lang='lat' dir='ltr'>quae</span> <span class='ocrx_word' id='word_1_144' title='bbox 571 2375 626 2409; x_wconf 90' lang='lat' dir='ltr'>om·</span> 
     </span>
     <span class='ocr_line' id='line_1_30' title="bbox 96 2427 625 2498; baseline 0.002 -20"><span class='ocrx_word' id='word_1_145' title='bbox 96 2427 138 2478; x_wconf 87' lang='lat' dir='ltr'>n&#39;ia</span> <span class='ocrx_word' id='word_1_146' title='bbox 155 2427 190 2478; x_wconf 86' lang='lat' dir='ltr'>ad</span> <span class='ocrx_word' id='word_1_147' title='bbox 208 2443 298 2498; x_wconf 79' lang='lat' dir='ltr'>unum</span> <span class='ocrx_word' id='word_1_148' title='bbox 320 2437 434 2492; x_wconf 83' lang='lat' dir='ltr'>possunt</span> <span class='ocrx_word' id='word_1_149' title='bbox 453 2428 542 2478; x_wconf 89' lang='lat' dir='ltr'>reduci</span> <span class='ocrx_word' id='word_1_150' title='bbox 558 2429 625 2480; x_wconf 89' lang='lat' dir='ltr'>arti-</span> 
     </span>
     <span class='ocr_line' id='line_1_31' title="bbox 95 2500 626 2566; baseline 0.004 -15"><span class='ocrx_word' id='word_1_151' title='bbox 95 2500 183 2551; x_wconf 83' lang='lat' dir='ltr'>culum</span> <span class='ocrx_word' id='word_1_152' title='bbox 212 2518 246 2552; x_wconf 84' lang='lat' dir='ltr'>ex</span> <span class='ocrx_word' id='word_1_153' title='bbox 281 2517 336 2566; x_wconf 92' lang='lat' dir='ltr'>quo</span> <span class='ocrx_word' id='word_1_154' title='bbox 371 2502 451 2566; x_wconf 82' lang='lat' dir='ltr'>plura</span> <span class='ocrx_word' id='word_1_155' title='bbox 479 2513 626 2553; x_wconf 85' lang='lat' dir='ltr'>sumuntur</span> 
     </span>
     <span class='ocr_line' id='line_1_32' title="bbox 94 2575 625 2643; baseline 0.008 -19"><span class='ocrx_word' id='word_1_156' title='bbox 94 2575 262 2628; x_wconf 87' lang='lat' dir='ltr'>documenta.</span> <span class='ocrx_word' id='word_1_157' title='bbox 275 2575 401 2626; x_wconf 61' lang='lat' dir='ltr'>‘Primum</span> <span class='ocrx_word' id='word_1_158' title='bbox 418 2586 467 2636; x_wconf 87' lang='lat' dir='ltr'>est,</span> <span class='ocrx_word' id='word_1_159' title='bbox 482 2578 555 2643; x_wconf 91' lang='lat' dir='ltr'>quod</span> <span class='ocrx_word' id='word_1_160' title='bbox 570 2594 625 2628; x_wconf 88' lang='lat' dir='ltr'>non</span> 
     </span>
     <span class='ocr_line' id='line_1_33' title="bbox 93 2648 626 2717; baseline 0.002 -17"><span class='ocrx_word' id='word_1_161' title='bbox 93 2648 221 2702; x_wconf 76' lang='lat' dir='ltr'>debemus</span> <span class='ocrx_word' id='word_1_162' title='bbox 236 2649 383 2700; x_wconf 85' lang='lat' dir='ltr'>formidare</span> <span class='ocrx_word' id='word_1_163' title='bbox 403 2650 557 2714; x_wconf 79' lang='lat' dir='ltr'>praesentari</span> <span class='ocrx_word' id='word_1_164' title='bbox 580 2667 626 2717; x_wconf 91' lang='lat' dir='ltr'>po-</span> 
     </span>
     <span class='ocr_line' id='line_1_34' title="bbox 94 2719 625 2788; baseline 0.004 -17"><span class='ocrx_word' id='word_1_165' title='bbox 94 2721 177 2772; x_wconf 79' lang='lat' dir='ltr'>testati</span> <span class='ocrx_word' id='word_1_166' title='bbox 197 2719 352 2786; x_wconf 88' lang='lat' dir='ltr'>temporali,</span> <span class='ocrx_word' id='word_1_167' title='bbox 369 2723 411 2770; x_wconf 91' lang='lat' dir='ltr'>vel</span> <span class='ocrx_word' id='word_1_168' title='bbox 430 2721 463 2770; x_wconf 89' lang='lat' dir='ltr'>ad</span> <span class='ocrx_word' id='word_1_169' title='bbox 480 2723 565 2773; x_wconf 90' lang='lat' dir='ltr'>malos</span> <span class='ocrx_word' id='word_1_170' title='bbox 579 2723 625 2788; x_wconf 91' lang='lat' dir='ltr'>ju-</span> 
     </span>
     <span class='ocr_line' id='line_1_35' title="bbox 95 2789 625 2858; baseline -0.002 -15"><span class='ocrx_word' id='word_1_171' title='bbox 95 2789 162 2843; x_wconf 79' lang='lat' dir='ltr'>tstces</span> <span class='ocrx_word' id='word_1_172' title='bbox 184 2791 256 2842; x_wconf 89' lang='lat' dir='ltr'>trahi</span> <span class='ocrx_word' id='word_1_173' title='bbox 270 2801 380 2856; x_wconf 87' lang='lat' dir='ltr'>propter</span> <span class='ocrx_word' id='word_1_174' title='bbox 397 2792 546 2854; x_wconf 86' lang='lat' dir='ltr'>Christum,</span> <span class='ocrx_word' id='word_1_175' title='bbox 561 2793 625 2858; x_wconf 91' lang='lat' dir='ltr'>quia</span> 
     </span>
     <span class='ocr_line' id='line_1_36' title="bbox 95 2863 625 2930; baseline 0 -15"><span class='ocrx_word' id='word_1_176' title='bbox 95 2875 191 2928; x_wconf 82' lang='lat' dir='ltr'>quanto</span> <span class='ocrx_word' id='word_1_177' title='bbox 214 2874 335 2929; x_wconf 84' lang='lat' dir='ltr'>potestas</span> <span class='ocrx_word' id='word_1_178' title='bbox 354 2863 484 2930; x_wconf 89' lang='lat' dir='ltr'>iniquior,</span> <span class='ocrx_word' id='word_1_179' title='bbox 495 2876 527 2915; x_wconf 89' lang='lat' dir='ltr'>et</span> <span class='ocrx_word' id='word_1_180' title='bbox 551 2865 625 2930; x_wconf 83' lang='lat' dir='ltr'>judi-</span> 
     </span>
     <span class='ocr_line' id='line_1_37' title="bbox 96 2937 624 3004; baseline 0.004 -18"><span class='ocrx_word' id='word_1_181' title='bbox 96 2951 133 2986; x_wconf 80' lang='lat' dir='ltr'>tas</span> <span class='ocrx_word' id='word_1_182' title='bbox 148 2937 318 3004; x_wconf 76' lang='lat' dir='ltr'>trequioreS,¹</span> <span class='ocrx_word' id='word_1_183' title='bbox 330 2947 403 2987; x_wconf 85' lang='lat' dir='ltr'>tanto</span> <span class='ocrx_word' id='word_1_184' title='bbox 426 2938 528 2989; x_wconf 88' lang='lat' dir='ltr'>faciunt</span> <span class='ocrx_word' id='word_1_185' title='bbox 552 2940 624 3000; x_wconf 88' lang='lat' dir='ltr'>Mar-</span> 
     </span>
     <span class='ocr_line' id='line_1_38' title="bbox 97 3007 624 3074; baseline 0.004 -18"><span class='ocrx_word' id='word_1_186' title='bbox 97 3015 161 3072; x_wconf 71' lang='lat' dir='ltr'>tytes</span> <span class='ocrx_word' id='word_1_187' title='bbox 199 3007 384 3074; x_wconf 82' lang='lat' dir='ltr'>gloriosiores.</span> <span class='ocrx_word' id='word_1_188' title='bbox 413 3038 443 3048; x_wconf 91' lang='lat'>-</span> <span class='ocrx_word' id='word_1_189' title='bbox 471 3009 624 3060; x_wconf 87' lang='lat' dir='ltr'>Secundum</span> 
     </span>
     <span class='ocr_line' id='line_1_39' title="bbox 97 3079 625 3145; baseline 0 -17"><span class='ocrx_word' id='word_1_190' title='bbox 97 3088 141 3138; x_wconf 81' lang='lat' dir='ltr'>eat,</span> <span class='ocrx_word' id='word_1_191' title='bbox 151 3081 228 3145; x_wconf 73' lang='lat' dir='ltr'>quod</span> <span class='ocrx_word' id='word_1_192' title='bbox 244 3093 295 3126; x_wconf 87' lang='lat' dir='ltr'>nos</span> <span class='ocrx_word' id='word_1_193' title='bbox 321 3095 415 3129; x_wconf 89' lang='lat' dir='ltr'>omnes</span> <span class='ocrx_word' id='word_1_194' title='bbox 435 3089 518 3138; x_wconf 89' lang='lat' dir='ltr'>actus,</span> <span class='ocrx_word' id='word_1_195' title='bbox 534 3079 625 3128; x_wconf 88' lang='lat' dir='ltr'>volun·</span> 
     </span>
     <span class='ocr_line' id='line_1_40' title="bbox 97 3149 624 3215; baseline -0.002 -16"><span class='ocrx_word' id='word_1_196' title='bbox 97 3157 157 3200; x_wconf 81' lang='lat' dir='ltr'>tates</span> <span class='ocrx_word' id='word_1_197' title='bbox 176 3159 206 3200; x_wconf 81' lang='lat' dir='ltr'>et</span> <span class='ocrx_word' id='word_1_198' title='bbox 224 3149 359 3200; x_wconf 88' lang='lat' dir='ltr'>desideria</span> <span class='ocrx_word' id='word_1_199' title='bbox 373 3160 465 3199; x_wconf 88' lang='lat' dir='ltr'>nostra</span> <span class='ocrx_word' id='word_1_200' title='bbox 479 3160 624 3215; x_wconf 88' lang='lat' dir='ltr'>antequam</span> 
     </span>
     <span class='ocr_line' id='line_1_41' title="bbox 97 3217 623 3284; baseline 0.004 -16"><span class='ocrx_word' id='word_1_201' title='bbox 97 3217 270 3284; x_wconf 84' lang='lat' dir='ltr'>perficiamus,</span> <span class='ocrx_word' id='word_1_202' title='bbox 298 3219 428 3269; x_wconf 86' lang='lat' dir='ltr'>debemus</span> <span class='ocrx_word' id='word_1_203' title='bbox 455 3220 487 3268; x_wconf 91' lang='lat' dir='ltr'>ad</span> <span class='ocrx_word' id='word_1_204' title='bbox 514 3235 623 3270; x_wconf 84' lang='lat' dir='ltr'>examen</span> 
     </span>
     <span class='ocr_line' id='line_1_42' title="bbox 97 3289 624 3356; baseline -0.002 -16"><span class='ocrx_word' id='word_1_205' title='bbox 97 3301 166 3340; x_wconf 78' lang='lat' dir='ltr'>rtctae</span> <span class='ocrx_word' id='word_1_206' title='bbox 180 3289 305 3349; x_wconf 89' lang='lat' dir='ltr'>rationis,</span> <span class='ocrx_word' id='word_1_207' title='bbox 320 3306 380 3356; x_wconf 90' lang='lat' dir='ltr'>quae</span> <span class='ocrx_word' id='word_1_208' title='bbox 391 3305 437 3356; x_wconf 89' lang='lat' dir='ltr'>per</span> <span class='ocrx_word' id='word_1_209' title='bbox 450 3289 565 3354; x_wconf 83' lang='lat' dir='ltr'>judicem</span> <span class='ocrx_word' id='word_1_210' title='bbox 575 3289 624 3339; x_wconf 83' lang='lat' dir='ltr'>&#39;in-</span> 
     </span>
     <span class='ocr_line' id='line_1_43' title="bbox 97 3360 624 3426; baseline 0 -16"><span class='ocrx_word' id='word_1_211' title='bbox 97 3360 230 3426; x_wconf 78' lang='lat' dir='ltr'>elligitur,</span> <span class='ocrx_word' id='word_1_212' title='bbox 251 3371 419 3425; x_wconf 74' lang='lat' dir='ltr'>praesentate,</span> <span class='ocrx_word' id='word_1_213' title='bbox 432 3372 458 3410; x_wconf 89' lang='lat' dir='ltr'>et</span> <span class='ocrx_word' id='word_1_214' title='bbox 472 3361 542 3411; x_wconf 88' lang='lat' dir='ltr'>nihil</span> <span class='ocrx_word' id='word_1_215' title='bbox 555 3376 624 3426; x_wconf 90' lang='lat' dir='ltr'>prae-</span> 
     </span>
    </p>
   </div>
   <div class='ocr_carea' id='block_1_5' title="bbox 1162 306 1214 373">
    <p class='ocr_par' dir='ltr' id='par_1_6' title="bbox 1162 306 1214 373">
     <span class='ocr_line' id='line_1_44' title="bbox 1162 306 1214 373; baseline 0 -17"><span class='ocrx_word' id='word_1_216' title='bbox 1162 306 1214 373; x_wconf 75' lang='lat'>529</span> 
     </span>
    </p>
   </div>
   <div class='ocr_carea' id='block_1_6' title="bbox 677 422 1216 3343">
    <p class='ocr_par' dir='ltr' id='par_1_7' title="bbox 677 422 1216 3343">
     <span class='ocr_line' id='line_1_45' title="bbox 680 422 1215 490; baseline -0.002 -16"><span class='ocrx_word' id='word_1_217' title='bbox 680 423 821 489; x_wconf 84' lang='lat' dir='ltr'>cipitauter</span> <span class='ocrx_word' id='word_1_218' title='bbox 861 438 953 490; x_wconf 76' lang='lat' dir='ltr'>agere3</span> <span class='ocrx_word' id='word_1_219' title='bbox 986 422 1080 472; x_wconf 86' lang='lat' dir='ltr'>omnia</span> <span class='ocrx_word' id='word_1_220' title='bbox 1105 437 1215 489; x_wconf 90' lang='lat' dir='ltr'>quoque</span> 
     </span>
     <span class='ocr_line' id='line_1_46' title="bbox 678 494 1214 562; baseline -0.002 -18"><span class='ocrx_word' id='word_1_221' title='bbox 678 496 750 546; x_wconf 83' lang='lat' dir='ltr'>mala</span> <span class='ocrx_word' id='word_1_222' title='bbox 778 511 839 562; x_wconf 74' lang='lat' dir='ltr'>quoe</span> <span class='ocrx_word' id='word_1_223' title='bbox 862 495 975 546; x_wconf 84' lang='lat' dir='ltr'>fecimus</span> <span class='ocrx_word' id='word_1_224' title='bbox 995 494 1125 543; x_wconf 84' lang='lat' dir='ltr'>debemus</span> <span class='ocrx_word' id='word_1_225' title='bbox 1146 509 1214 543; x_wconf 85' lang='lat' dir='ltr'>con-</span> 
     </span>
     <span class='ocr_line' id='line_1_47' title="bbox 680 566 1212 634; baseline -0.006 -15"><span class='ocrx_word' id='word_1_226' title='bbox 680 569 784 634; x_wconf 83' lang='lat' dir='ltr'>spectui</span> <span class='ocrx_word' id='word_1_227' title='bbox 817 566 991 618; x_wconf 70' lang='lat' dir='ltr'>conscientiae</span> <span class='ocrx_word' id='word_1_228' title='bbox 1014 576 1114 615; x_wconf 80' lang='lat' dir='ltr'>nostrae</span> <span class='ocrx_word' id='word_1_229' title='bbox 1140 581 1212 630; x_wconf 83' lang='lat' dir='ltr'>prte-</span> 
     </span>
     <span class='ocr_line' id='line_1_48' title="bbox 677 637 1216 701; baseline -0.006 -10"><span class='ocrx_word' id='word_1_230' title='bbox 677 651 793 701; x_wconf 76' lang='lat' dir='ltr'>sentane,</span> <span class='ocrx_word' id='word_1_231' title='bbox 815 651 842 691; x_wconf 91' lang='lat' dir='ltr'>et</span> <span class='ocrx_word' id='word_1_232' title='bbox 861 641 975 691; x_wconf 83' lang='lat' dir='ltr'>siccam</span> <span class='ocrx_word' id='word_1_233' title='bbox 996 654 1085 690; x_wconf 90' lang='lat' dir='ltr'>coram</span> <span class='ocrx_word' id='word_1_234' title='bbox 1102 637 1216 688; x_wconf 88' lang='lat' dir='ltr'>Christo</span> 
     </span>
     <span class='ocr_line' id='line_1_49' title="bbox 680 711 1211 776; baseline -0.009 -15"><span class='ocrx_word' id='word_1_235' title='bbox 680 712 767 776; x_wconf 77' lang='lat' dir='ltr'>iudice</span> <span class='ocrx_word' id='word_1_236' title='bbox 796 711 1005 762; x_wconf 87' lang='lat' dir='ltr'>examinandam</span> <span class='ocrx_word' id='word_1_237' title='bbox 1039 719 1164 760; x_wconf 81' lang='lat' dir='ltr'>statuere.</span> <span class='ocrx_word' id='word_1_238' title='bbox 1181 735 1211 745; x_wconf 90' lang='lat'><em>-</em></span> 
     </span>
     <span class='ocr_line' id='line_1_50' title="bbox 680 779 1213 847; baseline -0.008 -15"><span class='ocrx_word' id='word_1_239' title='bbox 680 781 803 832; x_wconf 88' lang='lat' dir='ltr'>Tertium</span> <span class='ocrx_word' id='word_1_240' title='bbox 834 791 883 840; x_wconf 87' lang='lat' dir='ltr'>est,</span> <span class='ocrx_word' id='word_1_241' title='bbox 905 781 978 847; x_wconf 93' lang='lat' dir='ltr'>quod</span> <span class='ocrx_word' id='word_1_242' title='bbox 1007 779 1136 845; x_wconf 84' lang='lat' dir='ltr'>religiosi,</span> <span class='ocrx_word' id='word_1_243' title='bbox 1165 780 1213 845; x_wconf 90' lang='lat' dir='ltr'>qui</span> 
     </span>
     <span class='ocr_line' id='line_1_51' title="bbox 679 855 1215 921; baseline -0.007 -15"><span class='ocrx_word' id='word_1_244' title='bbox 679 856 830 921; x_wconf 85' lang='lat' dir='ltr'>specialiter</span> <span class='ocrx_word' id='word_1_245' title='bbox 857 857 953 906; x_wconf 87' lang='lat' dir='ltr'>debent</span> <span class='ocrx_word' id='word_1_246' title='bbox 979 871 1037 906; x_wconf 88' lang='lat' dir='ltr'>esse</span> <span class='ocrx_word' id='word_1_247' title='bbox 1066 855 1215 905; x_wconf 88' lang='lat' dir='ltr'>imitatores</span> 
     </span>
     <span class='ocr_line' id='line_1_52' title="bbox 680 924 1213 982; baseline -0.008 -5"><span class='ocrx_word' id='word_1_248' title='bbox 680 927 790 982; x_wconf 88' lang='lat' dir='ltr'>Christi.</span> <span class='ocrx_word' id='word_1_249' title='bbox 815 943 869 976; x_wconf 91' lang='lat' dir='ltr'>non</span> <span class='ocrx_word' id='word_1_250' title='bbox 895 928 992 976; x_wconf 89' lang='lat' dir='ltr'>debent</span> <span class='ocrx_word' id='word_1_251' title='bbox 1011 925 1111 976; x_wconf 89' lang='lat' dir='ltr'>turbari</span> <span class='ocrx_word' id='word_1_252' title='bbox 1130 925 1153 974; x_wconf 93' lang='lat' dir='ltr'>si</span> <span class='ocrx_word' id='word_1_253' title='bbox 1171 924 1213 975; x_wconf 91' lang='lat' dir='ltr'>in-</span> 
     </span>
     <span class='ocr_line' id='line_1_53' title="bbox 678 997 1214 1049; baseline -0.006 0"><span class='ocrx_word' id='word_1_254' title='bbox 678 1001 785 1049; x_wconf 87' lang='lat' dir='ltr'>terdum</span> <span class='ocrx_word' id='word_1_255' title='bbox 813 999 864 1049; x_wconf 90' lang='lat' dir='ltr'>sub</span> <span class='ocrx_word' id='word_1_256' title='bbox 890 998 1044 1048; x_wconf 89' lang='lat' dir='ltr'>obedientia</span> <span class='ocrx_word' id='word_1_257' title='bbox 1072 997 1214 1047; x_wconf 87' lang='lat' dir='ltr'>mittantur</span> 
     </span>
     <span class='ocr_line' id='line_1_54' title="bbox 679 1069 1210 1134; baseline -0.009 -13"><span class='ocrx_word' id='word_1_258' title='bbox 679 1072 712 1121; x_wconf 92' lang='lat' dir='ltr'>de</span> <span class='ocrx_word' id='word_1_259' title='bbox 734 1072 793 1121; x_wconf 90' lang='lat' dir='ltr'>loco</span> <span class='ocrx_word' id='word_1_260' title='bbox 809 1072 840 1120; x_wconf 89' lang='lat' dir='ltr'>ad</span> <span class='ocrx_word' id='word_1_261' title='bbox 864 1071 962 1129; x_wconf 92' lang='lat' dir='ltr'>locum,</span> <span class='ocrx_word' id='word_1_262' title='bbox 984 1071 1017 1120; x_wconf 92' lang='lat' dir='ltr'>de</span> <span class='ocrx_word' id='word_1_263' title='bbox 1043 1070 1151 1134; x_wconf 86' lang='lat' dir='ltr'>praelato</span> <span class='ocrx_word' id='word_1_264' title='bbox 1178 1069 1210 1119; x_wconf 90' lang='lat' dir='ltr'>ad</span> 
     </span>
     <span class='ocr_line' id='line_1_55' title="bbox 678 1143 1213 1209; baseline -0.006 -16"><span class='ocrx_word' id='word_1_265' title='bbox 678 1144 828 1209; x_wconf 85' lang='lat' dir='ltr'>praelatum,</span> <span class='ocrx_word' id='word_1_266' title='bbox 858 1144 922 1209; x_wconf 90' lang='lat' dir='ltr'>quia</span> <span class='ocrx_word' id='word_1_267' title='bbox 952 1143 1075 1193; x_wconf 86' lang='lat' dir='ltr'>Christus</span> <span class='ocrx_word' id='word_1_268' title='bbox 1104 1152 1213 1207; x_wconf 89' lang='lat' dir='ltr'>propter</span> 
     </span>
     <span class='ocr_line' id='line_1_56' title="bbox 681 1214 1214 1279; baseline -0.008 -12"><span class='ocrx_word' id='word_1_269' title='bbox 681 1233 730 1267; x_wconf 91' lang='lat' dir='ltr'>nos</span> <span class='ocrx_word' id='word_1_270' title='bbox 743 1220 793 1266; x_wconf 92' lang='lat' dir='ltr'>sub</span> <span class='ocrx_word' id='word_1_271' title='bbox 811 1216 961 1266; x_wconf 88' lang='lat' dir='ltr'>obedientia</span> <span class='ocrx_word' id='word_1_272' title='bbox 989 1215 1073 1264; x_wconf 86' lang='lat' dir='ltr'>Patris</span> <span class='ocrx_word' id='word_1_273' title='bbox 1087 1214 1214 1279; x_wconf 87' lang='lat' dir='ltr'>dignatus</span> 
     </span>
     <span class='ocr_line' id='line_1_57' title="bbox 679 1285 1212 1350; baseline -0.011 -13"><span class='ocrx_word' id='word_1_274' title='bbox 679 1298 719 1338; x_wconf 91' lang='lat' dir='ltr'>est</span> <span class='ocrx_word' id='word_1_275' title='bbox 734 1287 804 1336; x_wconf 92' lang='lat' dir='ltr'>mitti</span> <span class='ocrx_word' id='word_1_276' title='bbox 823 1289 855 1336; x_wconf 92' lang='lat' dir='ltr'>de</span> <span class='ocrx_word' id='word_1_277' title='bbox 878 1286 965 1350; x_wconf 79' lang='lat' dir='ltr'>judice</span> <span class='ocrx_word' id='word_1_278' title='bbox 980 1285 1012 1335; x_wconf 91' lang='lat' dir='ltr'>ad</span> <span class='ocrx_word' id='word_1_279' title='bbox 1033 1285 1157 1349; x_wconf 85' lang='lat' dir='ltr'>judicem.</span> <span class='ocrx_word' id='word_1_280' title='bbox 1182 1312 1212 1322; x_wconf 91' lang='lat'>-</span> 
     </span>
     <span class='ocr_line' id='line_1_58' title="bbox 679 1357 1213 1422; baseline -0.009 -12"><span class='ocrx_word' id='word_1_281' title='bbox 679 1362 811 1420; x_wconf 90' lang='lat' dir='ltr'>Quartum</span> <span class='ocrx_word' id='word_1_282' title='bbox 843 1360 1035 1409; x_wconf 88' lang='lat' dir='ltr'>documentum</span> <span class='ocrx_word' id='word_1_283' title='bbox 1060 1367 1114 1417; x_wconf 89' lang='lat' dir='ltr'>est,</span> <span class='ocrx_word' id='word_1_284' title='bbox 1140 1357 1213 1422; x_wconf 91' lang='lat' dir='ltr'>quod</span> 
     </span>
     <span class='ocr_line' id='line_1_59' title="bbox 679 1427 1211 1492; baseline -0.011 -11"><span class='ocrx_word' id='word_1_285' title='bbox 679 1432 748 1482; x_wconf 90' lang='lat' dir='ltr'>sicut</span> <span class='ocrx_word' id='word_1_286' title='bbox 767 1429 892 1480; x_wconf 90' lang='lat' dir='ltr'>Christus</span> <span class='ocrx_word' id='word_1_287' title='bbox 915 1429 1001 1478; x_wconf 89' lang='lat' dir='ltr'>stabat</span> <span class='ocrx_word' id='word_1_288' title='bbox 1017 1437 1077 1477; x_wconf 89' lang='lat' dir='ltr'>ante</span> <span class='ocrx_word' id='word_1_289' title='bbox 1101 1427 1211 1492; x_wconf 86' lang='lat' dir='ltr'>judices,</span> 
     </span>
     <span class='ocr_line' id='line_1_60' title="bbox 679 1499 1212 1553; baseline -0.011 -1"><span class='ocrx_word' id='word_1_290' title='bbox 679 1513 705 1553; x_wconf 90' lang='lat' dir='ltr'>et</span> <span class='ocrx_word' id='word_1_291' title='bbox 728 1502 832 1552; x_wconf 91' lang='lat' dir='ltr'>nullum</span> <span class='ocrx_word' id='word_1_292' title='bbox 852 1499 1029 1550; x_wconf 80' lang='lat' dir='ltr'>irreverentiae</span> <span class='ocrx_word' id='word_1_293' title='bbox 1044 1499 1156 1548; x_wconf 83' lang='lat' dir='ltr'>verbum</span> <span class='ocrx_word' id='word_1_294' title='bbox 1172 1508 1212 1546; x_wconf 91' lang='lat' dir='ltr'>est</span> 
     </span>
     <span class='ocr_line' id='line_1_61' title="bbox 680 1567 1212 1634; baseline -0.009 -12"><span class='ocrx_word' id='word_1_295' title='bbox 680 1573 798 1634; x_wconf 88' lang='lat' dir='ltr'>locutus;</span> <span class='ocrx_word' id='word_1_296' title='bbox 817 1571 855 1621; x_wconf 93' lang='lat' dir='ltr'>sic</span> <span class='ocrx_word' id='word_1_297' title='bbox 876 1581 902 1621; x_wconf 91' lang='lat' dir='ltr'>et</span> <span class='ocrx_word' id='word_1_298' title='bbox 924 1585 973 1619; x_wconf 91' lang='lat' dir='ltr'>nos</span> <span class='ocrx_word' id='word_1_299' title='bbox 990 1585 1052 1619; x_wconf 93' lang='lat' dir='ltr'>cum</span> <span class='ocrx_word' id='word_1_300' title='bbox 1065 1567 1212 1618; x_wconf 88' lang='lat' dir='ltr'>reverentia</span> 
     </span>
     <span class='ocr_line' id='line_1_62' title="bbox 680 1639 1212 1705; baseline -0.009 -12"><span class='ocrx_word' id='word_1_301' title='bbox 680 1653 749 1693; x_wconf 88' lang='lat' dir='ltr'>stare</span> <span class='ocrx_word' id='word_1_302' title='bbox 770 1643 900 1692; x_wconf 89' lang='lat' dir='ltr'>debemus</span> <span class='ocrx_word' id='word_1_303' title='bbox 922 1656 1010 1691; x_wconf 87' lang='lat' dir='ltr'>coram</span> <span class='ocrx_word' id='word_1_304' title='bbox 1027 1639 1143 1705; x_wconf 70' lang='lat' dir='ltr'>praelatis</span> <span class='ocrx_word' id='word_1_305' title='bbox 1160 1655 1212 1688; x_wconf 90' lang='lat' dir='ltr'>no-</span> 
     </span>
     <span class='ocr_line' id='line_1_63' title="bbox 679 1709 1211 1778; baseline -0.013 -14"><span class='ocrx_word' id='word_1_306' title='bbox 679 1714 742 1764; x_wconf 88' lang='lat' dir='ltr'>stris</span> <span class='ocrx_word' id='word_1_307' title='bbox 758 1724 783 1763; x_wconf 89' lang='lat' dir='ltr'>et</span> <span class='ocrx_word' id='word_1_308' title='bbox 797 1714 939 1778; x_wconf 78' lang='lat' dir='ltr'>judicibus,</span> <span class='ocrx_word' id='word_1_309' title='bbox 960 1712 1042 1763; x_wconf 89' lang='lat' dir='ltr'>etiam</span> <span class='ocrx_word' id='word_1_310' title='bbox 1061 1710 1148 1760; x_wconf 89' lang='lat' dir='ltr'>malis.</span> <span class='ocrx_word' id='word_1_311' title='bbox 1170 1709 1211 1758; x_wconf 81' lang='lat' dir='ltr'>Ad</span> 
     </span>
     <span class='ocr_line' id='line_1_64' title="bbox 680 1781 1213 1846; baseline -0.013 -9"><span class='ocrx_word' id='word_1_312' title='bbox 680 1787 902 1837; x_wconf 86' lang='lat' dir='ltr'>conformandum</span> <span class='ocrx_word' id='word_1_313' title='bbox 919 1801 947 1837; x_wconf 89' lang='lat' dir='ltr'>se</span> <span class='ocrx_word' id='word_1_314' title='bbox 963 1785 1008 1834; x_wconf 90' lang='lat' dir='ltr'>isti</span> <span class='ocrx_word' id='word_1_315' title='bbox 1024 1783 1146 1846; x_wconf 87' lang='lat' dir='ltr'>articulo,</span> <span class='ocrx_word' id='word_1_316' title='bbox 1156 1781 1213 1831; x_wconf 88' lang='lat' dir='ltr'>for-</span> 
     </span>
     <span class='ocr_line' id='line_1_65' title="bbox 680 1852 1212 1920; baseline -0.013 -13"><span class='ocrx_word' id='word_1_317' title='bbox 680 1868 735 1909; x_wconf 87' lang='lat' dir='ltr'>met</span> <span class='ocrx_word' id='word_1_318' title='bbox 756 1857 807 1908; x_wconf 89' lang='lat' dir='ltr'>sibi</span> <span class='ocrx_word' id='word_1_319' title='bbox 831 1857 915 1907; x_wconf 87' lang='lat' dir='ltr'>homo</span> <span class='ocrx_word' id='word_1_320' title='bbox 941 1855 1088 1920; x_wconf 89' lang='lat' dir='ltr'>imaginem</span> <span class='ocrx_word' id='word_1_321' title='bbox 1111 1852 1212 1902; x_wconf 87' lang='lat' dir='ltr'>Christi</span> 
     </span>
     <span class='ocr_line' id='line_1_66' title="bbox 680 1931 1213 1989; baseline -0.017 -8"><span class='ocrx_word' id='word_1_322' title='bbox 680 1931 709 1981; x_wconf 88' lang='lat' dir='ltr'>in</span> <span class='ocrx_word' id='word_1_323' title='bbox 737 1940 828 1980; x_wconf 88' lang='lat' dir='ltr'>mente</span> <span class='ocrx_word' id='word_1_324' title='bbox 848 1945 905 1989; x_wconf 90' lang='lat' dir='ltr'>sua,</span> <span class='ocrx_word' id='word_1_325' title='bbox 926 1937 1046 1978; x_wconf 88' lang='lat' dir='ltr'>statuens</span> <span class='ocrx_word' id='word_1_326' title='bbox 1065 1941 1155 1975; x_wconf 90' lang='lat' dir='ltr'>coram</span> <span class='ocrx_word' id='word_1_327' title='bbox 1180 1939 1213 1973; x_wconf 89' lang='lat' dir='ltr'>eo</span> 
     </span>
     <span class='ocr_line' id='line_1_67' title="bbox 679 1996 1211 2052; baseline -0.015 0"><span class='ocrx_word' id='word_1_328' title='bbox 679 2000 873 2052; x_wconf 88' lang='lat' dir='ltr'>conscientiam</span> <span class='ocrx_word' id='word_1_329' title='bbox 900 2014 976 2049; x_wconf 87' lang='lat' dir='ltr'>suam</span> <span class='ocrx_word' id='word_1_330' title='bbox 1000 1996 1211 2048; x_wconf 85' lang='lat' dir='ltr'>misericorditer</span> 
     </span>
     <span class='ocr_line' id='line_1_68' title="bbox 679 2067 1202 2137; baseline -0.015 -13"><span class='ocrx_word' id='word_1_331' title='bbox 679 2074 893 2132; x_wconf 84' lang='lat' dir='ltr'>examinandam,</span> <span class='ocrx_word' id='word_1_332' title='bbox 916 2087 963 2137; x_wconf 91' lang='lat' dir='ltr'>pro</span> <span class='ocrx_word' id='word_1_333' title='bbox 990 2087 1021 2120; x_wconf 90' lang='lat' dir='ltr'>eo</span> <span class='ocrx_word' id='word_1_334' title='bbox 1042 2069 1114 2136; x_wconf 91' lang='lat' dir='ltr'>quod</span> <span class='ocrx_word' id='word_1_335' title='bbox 1137 2067 1202 2119; x_wconf 89' lang='lat' dir='ltr'>Chri</span> 
     </span>
     <span class='ocr_line' id='line_1_69' title="bbox 680 2138 1211 2210; baseline -0.013 -14"><span class='ocrx_word' id='word_1_336' title='bbox 680 2156 738 2196; x_wconf 90' lang='lat' dir='ltr'>stus</span> <span class='ocrx_word' id='word_1_337' title='bbox 752 2162 842 2196; x_wconf 89' lang='lat' dir='ltr'>coram</span> <span class='ocrx_word' id='word_1_338' title='bbox 857 2143 992 2210; x_wconf 86' lang='lat' dir='ltr'>judicibus</span> <span class='ocrx_word' id='word_1_339' title='bbox 1011 2142 1145 2192; x_wconf 86' lang='lat' dir='ltr'>malitiose</span> <span class='ocrx_word' id='word_1_340' title='bbox 1153 2138 1211 2189; x_wconf 72' lang='lat' dir='ltr'>&#39;fuit</span> 
     </span>
     <span class='ocr_line' id='line_1_70' title="bbox 679 2211 1212 2281; baseline -0.019 -14"><span class='ocrx_word' id='word_1_341' title='bbox 679 2215 857 2267; x_wconf 84' lang='lat' dir='ltr'>examinatus.</span> <span class='ocrx_word' id='word_1_342' title='bbox 873 2215 1011 2281; x_wconf 86' lang='lat' dir='ltr'>Recogitet</span> <span class='ocrx_word' id='word_1_343' title='bbox 1025 2213 1105 2262; x_wconf 87' lang='lat' dir='ltr'>etiarn</span> <span class='ocrx_word' id='word_1_344' title='bbox 1128 2211 1212 2258; x_wconf 85' lang='lat' dir='ltr'>homo</span> 
     </span>
     <span class='ocr_line' id='line_1_71' title="bbox 680 2279 1211 2352; baseline -0.017 -17"><span class='ocrx_word' id='word_1_345' title='bbox 680 2287 817 2352; x_wconf 90' lang='lat' dir='ltr'>quomodo</span> <span class='ocrx_word' id='word_1_346' title='bbox 829 2295 935 2351; x_wconf 88' lang='lat' dir='ltr'>oportet</span> <span class='ocrx_word' id='word_1_347' title='bbox 952 2300 1001 2334; x_wconf 90' lang='lat' dir='ltr'>nos</span> <span class='ocrx_word' id='word_1_348' title='bbox 1020 2296 1115 2333; x_wconf 89' lang='lat' dir='ltr'>omnes</span> <span class='ocrx_word' id='word_1_349' title='bbox 1130 2279 1211 2328; x_wconf 84' lang='lat' dir='ltr'>exhi-</span> 
     </span>
     <span class='ocr_line' id='line_1_72' title="bbox 679 2353 1212 2415; baseline -0.019 -4"><span class='ocrx_word' id='word_1_350' title='bbox 679 2361 736 2411; x_wconf 88' lang='lat' dir='ltr'>beri</span> <span class='ocrx_word' id='word_1_351' title='bbox 752 2371 814 2411; x_wconf 90' lang='lat' dir='ltr'>ante</span> <span class='ocrx_word' id='word_1_352' title='bbox 828 2361 946 2410; x_wconf 90' lang='lat' dir='ltr'>tribunal</span> <span class='ocrx_word' id='word_1_353' title='bbox 966 2356 1078 2415; x_wconf 88' lang='lat' dir='ltr'>Christi,</span> <span class='ocrx_word' id='word_1_354' title='bbox 1091 2364 1116 2405; x_wconf 88' lang='lat' dir='ltr'>et</span> <span class='ocrx_word' id='word_1_355' title='bbox 1128 2353 1212 2403; x_wconf 89' lang='lat' dir='ltr'>idcir-</span> 
     </span>
     <span class='ocr_line' id='line_1_73' title="bbox 678 2425 1206 2498; baseline -0.015 -15"><span class='ocrx_word' id='word_1_356' title='bbox 678 2450 695 2483; x_wconf 92' lang='lat' dir='ltr'>o</span> <span class='ocrx_word' id='word_1_357' title='bbox 714 2433 772 2498; x_wconf 91' lang='lat' dir='ltr'>ipse</span> <span class='ocrx_word' id='word_1_358' title='bbox 783 2434 844 2498; x_wconf 87' lang='lat' dir='ltr'>pius</span> <span class='ocrx_word' id='word_1_359' title='bbox 856 2447 904 2498; x_wconf 91' lang='lat' dir='ltr'>pro</span> <span class='ocrx_word' id='word_1_360' title='bbox 918 2432 999 2482; x_wconf 89' lang='lat' dir='ltr'>nobie</span> <span class='ocrx_word' id='word_1_361' title='bbox 1016 2429 1109 2495; x_wconf 89' lang='lat' dir='ltr'>impiis</span> <span class='ocrx_word' id='word_1_362' title='bbox 1125 2425 1206 2478; x_wconf 87' lang='lat' dir='ltr'>exhi-</span> 
     </span>
     <span class='ocr_line' id='line_1_74' title="bbox 680 2501 1210 2568; baseline -0.009 -11"><span class='ocrx_word' id='word_1_363' title='bbox 680 2508 736 2557; x_wconf 90' lang='lat' dir='ltr'>beri</span> <span class='ocrx_word' id='word_1_364' title='bbox 758 2507 846 2558; x_wconf 90' lang='lat' dir='ltr'>voluit</span> <span class='ocrx_word' id='word_1_365' title='bbox 877 2516 938 2558; x_wconf 88' lang='lat' dir='ltr'>ante</span> <span class='ocrx_word' id='word_1_366' title='bbox 971 2504 1089 2555; x_wconf 90' lang='lat' dir='ltr'>tribunal</span> <span class='ocrx_word' id='word_1_367' title='bbox 1121 2501 1210 2568; x_wconf 89' lang='lat' dir='ltr'>iniqui</span> 
     </span>
     <span class='ocr_line' id='line_1_75' title="bbox 679 2575 1212 2645; baseline -0.009 -15"><span class='ocrx_word' id='word_1_368' title='bbox 679 2579 785 2645; x_wconf 82' lang='lat' dir='ltr'>judicis,</span> <span class='ocrx_word' id='word_1_369' title='bbox 798 2591 829 2630; x_wconf 92' lang='lat' dir='ltr'>ut</span> <span class='ocrx_word' id='word_1_370' title='bbox 843 2596 891 2630; x_wconf 89' lang='lat' dir='ltr'>nos</span> <span class='ocrx_word' id='word_1_371' title='bbox 906 2578 1000 2644; x_wconf 85' lang='lat' dir='ltr'>injusti</span> <span class='ocrx_word' id='word_1_372' title='bbox 1018 2589 1079 2629; x_wconf 90' lang='lat' dir='ltr'>ante</span> <span class='ocrx_word' id='word_1_373' title='bbox 1091 2575 1212 2628; x_wconf 87' lang='lat' dir='ltr'>tribuna&#39;l</span> 
     </span>
     <span class='ocr_line' id='line_1_76' title="bbox 679 2649 1212 2717; baseline -0.013 -15"><span class='ocrx_word' id='word_1_374' title='bbox 679 2649 742 2717; x_wconf 77' lang='lat' dir='ltr'>justi</span> <span class='ocrx_word' id='word_1_375' title='bbox 762 2649 865 2702; x_wconf 83' lang='lat' dir='ltr'>iudicis</span> <span class='ocrx_word' id='word_1_376' title='bbox 884 2650 1043 2701; x_wconf 88' lang='lat' dir='ltr'>fiducialiter</span> <span class='ocrx_word' id='word_1_377' title='bbox 1057 2662 1212 2713; x_wconf 88' lang='lat' dir='ltr'>comparere</span> 
     </span>
     <span class='ocr_line' id='line_1_77' title="bbox 679 2720 1212 2792; baseline -0.008 -18"><span class='ocrx_word' id='word_1_378' title='bbox 679 2730 829 2792; x_wconf 85' lang='lat' dir='ltr'>possemus.</span> <span class='ocrx_word' id='word_1_379' title='bbox 853 2725 929 2788; x_wconf 83' lang='lat' dir='ltr'>Jesu,</span> <span class='ocrx_word' id='word_1_380' title='bbox 948 2724 994 2790; x_wconf 81' lang='lat' dir='ltr'>qui</span> <span class='ocrx_word' id='word_1_381' title='bbox 1018 2723 1051 2773; x_wconf 88' lang='lat' dir='ltr'>de</span> <span class='ocrx_word' id='word_1_382' title='bbox 1060 2721 1156 2788; x_wconf 78' lang='lat' dir='ltr'>judice</span> <span class='ocrx_word' id='word_1_383' title='bbox 1173 2720 1212 2771; x_wconf 86' lang='lat' dir='ltr'>ad</span> 
     </span>
     <span class='ocr_line' id='line_1_78' title="bbox 677 2790 1213 2862; baseline -0.017 -14"><span class='ocrx_word' id='word_1_384' title='bbox 677 2797 792 2862; x_wconf 74' lang='lat' dir='ltr'>iudicem</span> <span class='ocrx_word' id='word_1_385' title='bbox 812 2796 892 2859; x_wconf 87' lang='lat' dir='ltr'>mitti,</span> <span class='ocrx_word' id='word_1_386' title='bbox 907 2802 932 2845; x_wconf 85' lang='lat' dir='ltr'>et</span> <span class='ocrx_word' id='word_1_387' title='bbox 953 2809 1042 2846; x_wconf 86' lang='lat' dir='ltr'>coram</span> <span class='ocrx_word' id='word_1_388' title='bbox 1055 2794 1094 2844; x_wconf 89' lang='lat' dir='ltr'>eis</span> <span class='ocrx_word' id='word_1_389' title='bbox 1111 2790 1213 2842; x_wconf 86' lang='lat' dir='ltr'>exami-</span> 
     </span>
     <span class='ocr_line' id='line_1_79' title="bbox 679 2860 1212 2928; baseline -0.017 -10"><span class='ocrx_word' id='word_1_390' title='bbox 679 2868 741 2919; x_wconf 87' lang='lat' dir='ltr'>nari</span> <span class='ocrx_word' id='word_1_391' title='bbox 762 2868 880 2928; x_wconf 77' lang='lat' dir='ltr'>voluisti,</span> <span class='ocrx_word' id='word_1_392' title='bbox 910 2867 946 2916; x_wconf 86' lang='lat' dir='ltr'>da</span> <span class='ocrx_word' id='word_1_393' title='bbox 978 2865 1042 2915; x_wconf 77' lang='lat' dir='ltr'>milti</span> <span class='ocrx_word' id='word_1_394' title='bbox 1057 2876 1149 2913; x_wconf 86' lang='lat' dir='ltr'>amore</span> <span class='ocrx_word' id='word_1_395' title='bbox 1173 2860 1212 2910; x_wconf 88' lang='lat' dir='ltr'>tui</span> 
     </span>
     <span class='ocr_line' id='line_1_80' title="bbox 679 2934 1210 3001; baseline -0.021 -12"><span class='ocrx_word' id='word_1_396' title='bbox 679 2938 811 3000; x_wconf 83' lang='lat' dir='ltr'>nominis,</span> <span class='ocrx_word' id='word_1_397' title='bbox 830 2938 960 2987; x_wconf 83' lang='lat' dir='ltr'>malorum</span> <span class='ocrx_word' id='word_1_398' title='bbox 973 2934 1097 3001; x_wconf 84' lang='lat' dir='ltr'>judicum</span> <span class='ocrx_word' id='word_1_399' title='bbox 1122 2944 1210 2981; x_wconf 74' lang='lat' dir='ltr'>verau-</span> 
     </span>
     <span class='ocr_line' id='line_1_81' title="bbox 679 3005 1209 3067; baseline -0.015 -7"><span class='ocrx_word' id='word_1_400' title='bbox 679 3010 733 3060; x_wconf 82' lang='lat' dir='ltr'>tias</span> <span class='ocrx_word' id='word_1_401' title='bbox 761 3025 813 3059; x_wconf 82' lang='lat' dir='ltr'>noa</span> <span class='ocrx_word' id='word_1_402' title='bbox 836 3014 963 3067; x_wconf 85' lang='lat' dir='ltr'>metuere,</span> <span class='ocrx_word' id='word_1_403' title='bbox 979 3011 1006 3054; x_wconf 86' lang='lat' dir='ltr'>et</span> <span class='ocrx_word' id='word_1_404' title='bbox 1026 3005 1209 3065; x_wconf 77' lang='lat' dir='ltr'>incompacta</span> 
     </span>
     <span class='ocr_line' id='line_1_82' title="bbox 679 3074 1211 3137; baseline -0.015 -8"><span class='ocrx_word' id='word_1_405' title='bbox 679 3085 725 3129; x_wconf 87' lang='lat' dir='ltr'>tuo</span> <span class='ocrx_word' id='word_1_406' title='bbox 738 3091 779 3127; x_wconf 87' lang='lat' dir='ltr'>me</span> <span class='ocrx_word' id='word_1_407' title='bbox 790 3084 847 3126; x_wconf 87' lang='lat' dir='ltr'>tuta</span> <span class='ocrx_word' id='word_1_408' title='bbox 858 3074 1021 3126; x_wconf 77' lang='lat' dir='ltr'>conscientia</span> <span class='ocrx_word' id='word_1_409' title='bbox 1039 3087 1211 3137; x_wconf 75' lang='lat' dir='ltr'>comparere,-</span> 
     </span>
     <span class='ocr_line' id='line_1_83' title="bbox 678 3143 1212 3212; baseline -0.011 -13"><span class='ocrx_word' id='word_1_410' title='bbox 678 3163 711 3199; x_wconf 88' lang='lat' dir='ltr'>ac</span> <span class='ocrx_word' id='word_1_411' title='bbox 738 3149 803 3198; x_wconf 85' lang='lat' dir='ltr'>bono</span> <span class='ocrx_word' id='word_1_412' title='bbox 825 3147 914 3196; x_wconf 87' lang='lat' dir='ltr'>animo</span> <span class='ocrx_word' id='word_1_413' title='bbox 934 3145 1066 3212; x_wconf 73' lang='lat' dir='ltr'>maJ&#39;orum</span> <span class='ocrx_word' id='word_1_414' title='bbox 1091 3143 1212 3208; x_wconf 84' lang='lat' dir='ltr'>imperiis</span> 
     </span>
     <span class='ocr_line' id='line_1_84' title="bbox 678 3218 1212 3283; baseline -0.007 -10"><span class='ocrx_word' id='word_1_415' title='bbox 678 3237 719 3273; x_wconf 90' lang='lat' dir='ltr'>me</span> <span class='ocrx_word' id='word_1_416' title='bbox 733 3221 854 3283; x_wconf 77' lang='lat' dir='ltr'>suadere,</span> <span class='ocrx_word' id='word_1_417' title='bbox 861 3226 891 3270; x_wconf 85' lang='lat' dir='ltr'>et</span> <span class='ocrx_word' id='word_1_418' title='bbox 906 3219 995 3271; x_wconf 87' lang='lat' dir='ltr'>alacri</span> <span class='ocrx_word' id='word_1_419' title='bbox 1004 3218 1085 3270; x_wconf 75' lang='lat' dir='ltr'>corde</span> <span class='ocrx_word' id='word_1_420' title='bbox 1099 3219 1136 3269; x_wconf 81' lang='lat' dir='ltr'>ad</span> <span class='ocrx_word' id='word_1_421' title='bbox 1148 3218 1212 3269; x_wconf 83' lang='lat' dir='ltr'>obe-</span> 
     </span>
     <span class='ocr_line' id='line_1_85' title="bbox 678 3291 1173 3343; baseline -0.012 1"><span class='ocrx_word' id='word_1_422' title='bbox 678 3293 806 3343; x_wconf 83' lang='lat' dir='ltr'>dientiam</span> <span class='ocrx_word' id='word_1_423' title='bbox 829 3291 887 3343; x_wconf 85' lang='lat' dir='ltr'>siae</span> <span class='ocrx_word' id='word_1_424' title='bbox 907 3305 984 3342; x_wconf 87' lang='lat' dir='ltr'>mora</span> <span class='ocrx_word' id='word_1_425' title='bbox 1002 3302 1173 3341; x_wconf 76' lang='lat' dir='ltr'>concurrere.</span> 
     </span>
    </p>
   </div>
   <div class='ocr_carea' id='block_1_7' title="bbox 584 3556 721 3608">
    <p class='ocr_par' dir='ltr' id='par_1_8' title="bbox 584 3556 721 3608">
     <span class='ocr_line' id='line_1_86' title="bbox 584 3556 721 3608; baseline 0.007 -1"><span class='ocrx_word' id='word_1_426' title='bbox 584 3556 721 3608; x_wconf 80' lang='lat' dir='ltr'>ORATIO</span> 
     </span>
    </p>
   </div>
   <div class='ocr_carea' id='block_1_8' title="bbox 97 3723 1212 4004">
    <p class='ocr_par' dir='ltr' id='par_1_9' title="bbox 97 3723 1212 4004">
     <span class='ocr_line' id='line_1_87' title="bbox 118 3723 1211 3792; baseline 0 -18"><span class='ocrx_word' id='word_1_427' title='bbox 118 3723 240 3774; x_wconf 74' lang='lat' dir='ltr'>bomine</span> <span class='ocrx_word' id='word_1_428' title='bbox 255 3724 319 3773; x_wconf 80' lang='lat' dir='ltr'>lesu</span> <span class='ocrx_word' id='word_1_429' title='bbox 336 3723 453 3782; x_wconf 86' lang='lat' dir='ltr'>Christe,</span> <span class='ocrx_word' id='word_1_430' title='bbox 472 3724 519 3790; x_wconf 91' lang='lat' dir='ltr'>qui</span> <span class='ocrx_word' id='word_1_431' title='bbox 530 3725 602 3775; x_wconf 88' lang='lat' dir='ltr'>hora</span> <span class='ocrx_word' id='word_1_432' title='bbox 617 3724 671 3775; x_wconf 92' lang='lat' dir='ltr'>diei</span> <span class='ocrx_word' id='word_1_433' title='bbox 686 3724 785 3789; x_wconf 76' lang='lat' dir='ltr'>primi,</span> <span class='ocrx_word' id='word_1_434' title='bbox 799 3725 949 3790; x_wconf 91' lang='lat' dir='ltr'>permisisti</span> <span class='ocrx_word' id='word_1_435' title='bbox 975 3736 1001 3776; x_wconf 89' lang='lat' dir='ltr'>te</span> <span class='ocrx_word' id='word_1_436' title='bbox 1024 3725 1137 3792; x_wconf 88' lang='lat' dir='ltr'>ligatum</span> <span class='ocrx_word' id='word_1_437' title='bbox 1161 3725 1211 3775; x_wconf 88' lang='lat' dir='ltr'>ad-</span> 
     </span>
     <span class='ocr_line' id='line_1_88' title="bbox 97 3795 1212 3862; baseline 0.001 -16"><span class='ocrx_word' id='word_1_438' title='bbox 97 3795 151 3846; x_wconf 77' lang='lat' dir='ltr'>tuci</span> <span class='ocrx_word' id='word_1_439' title='bbox 175 3795 205 3845; x_wconf 88' lang='lat' dir='ltr'>in</span> <span class='ocrx_word' id='word_1_440' title='bbox 232 3795 378 3846; x_wconf 86' lang='lat' dir='ltr'>concilium</span> <span class='ocrx_word' id='word_1_441' title='bbox 400 3797 571 3858; x_wconf 77' lang='lat' dir='ltr'>iudoeorum,</span> <span class='ocrx_word' id='word_1_442' title='bbox 595 3813 626 3848; x_wconf 87' lang='lat' dir='ltr'>ac</span> <span class='ocrx_word' id='word_1_443' title='bbox 646 3808 708 3862; x_wconf 91' lang='lat' dir='ltr'>post</span> <span class='ocrx_word' id='word_1_444' title='bbox 726 3798 830 3848; x_wconf 89' lang='lat' dir='ltr'>multas</span> <span class='ocrx_word' id='word_1_445' title='bbox 854 3797 967 3862; x_wconf 77' lang='lat' dir='ltr'>injurias</span> <span class='ocrx_word' id='word_1_446' title='bbox 995 3808 1021 3849; x_wconf 90' lang='lat' dir='ltr'>et</span> <span class='ocrx_word' id='word_1_447' title='bbox 1046 3797 1163 3849; x_wconf 89' lang='lat' dir='ltr'>convitia</span> <span class='ocrx_word' id='word_1_448' title='bbox 1179 3797 1212 3847; x_wconf 91' lang='lat' dir='ltr'>de</span> 
     </span>
     <span class='ocr_line' id='line_1_89' title="bbox 98 3866 1211 3934; baseline 0.001 -17"><span class='ocrx_word' id='word_1_449' title='bbox 98 3866 194 3934; x_wconf 68' lang='lat' dir='ltr'>caipha</span> <span class='ocrx_word' id='word_1_450' title='bbox 207 3868 269 3917; x_wconf 85' lang='lat' dir='ltr'>duci</span> <span class='ocrx_word' id='word_1_451' title='bbox 286 3869 318 3918; x_wconf 90' lang='lat' dir='ltr'>ad</span> <span class='ocrx_word' id='word_1_452' title='bbox 330 3868 459 3928; x_wconf 77' lang='lat' dir='ltr'>Pilatum,</span> <span class='ocrx_word' id='word_1_453' title='bbox 474 3868 522 3919; x_wconf 91' lang='lat' dir='ltr'>ubi</span> <span class='ocrx_word' id='word_1_454' title='bbox 533 3884 551 3919; x_wconf 84' lang='lat' dir='ltr'>a</span> <span class='ocrx_word' id='word_1_455' title='bbox 561 3868 663 3919; x_wconf 84' lang='lat' dir='ltr'>Judaeis</span> <span class='ocrx_word' id='word_1_456' title='bbox 678 3885 738 3920; x_wconf 87' lang='lat' dir='ltr'>reus</span> <span class='ocrx_word' id='word_1_457' title='bbox 752 3869 848 3920; x_wconf 88' lang='lat' dir='ltr'>mortis</span> <span class='ocrx_word' id='word_1_458' title='bbox 862 3880 890 3920; x_wconf 89' lang='lat' dir='ltr'>et</span> <span class='ocrx_word' id='word_1_459' title='bbox 903 3869 1058 3920; x_wconf 84' lang='lat' dir='ltr'>malefactor</span> <span class='ocrx_word' id='word_1_460' title='bbox 1070 3868 1143 3918; x_wconf 86' lang='lat' dir='ltr'>fuisti</span> <span class='ocrx_word' id='word_1_461' title='bbox 1166 3869 1211 3932; x_wconf 78' lang='lat' dir='ltr'>ju·</span> 
     </span>
     <span class='ocr_line' id='line_1_90' title="bbox 97 3935 1211 4004; baseline 0.002 -18"><span class='ocrx_word' id='word_1_462' title='bbox 97 3935 204 4001; x_wconf 88' lang='lat' dir='ltr'>dicatus,</span> <span class='ocrx_word' id='word_1_463' title='bbox 220 3948 247 3988; x_wconf 89' lang='lat' dir='ltr'>et</span> <span class='ocrx_word' id='word_1_464' title='bbox 261 3937 291 3987; x_wconf 89' lang='lat' dir='ltr'>in</span> <span class='ocrx_word' id='word_1_465' title='bbox 305 3938 399 3989; x_wconf 92' lang='lat' dir='ltr'>multis</span> <span class='ocrx_word' id='word_1_466' title='bbox 412 3937 478 3989; x_wconf 86' lang='lat' dir='ltr'>false</span> <span class='ocrx_word' id='word_1_467' title='bbox 493 3950 646 4004; x_wconf 90' lang='lat' dir='ltr'>accusatus;</span> <span class='ocrx_word' id='word_1_468' title='bbox 661 3955 692 3990; x_wconf 88' lang='lat' dir='ltr'>ac</span> <span class='ocrx_word' id='word_1_469' title='bbox 713 3939 810 3990; x_wconf 85' lang='lat' dir='ltr'>deinde</span> <span class='ocrx_word' id='word_1_470' title='bbox 827 3954 842 3990; x_wconf 90' lang='lat' dir='ltr'>a</span> <span class='ocrx_word' id='word_1_471' title='bbox 869 3940 953 3990; x_wconf 90' lang='lat' dir='ltr'>Pilato</span> <span class='ocrx_word' id='word_1_472' title='bbox 975 3940 1007 3990; x_wconf 92' lang='lat' dir='ltr'>ad</span> <span class='ocrx_word' id='word_1_473' title='bbox 1032 3940 1167 3989; x_wconf 88' lang='lat' dir='ltr'>Herodem</span> <span class='ocrx_word' id='word_1_474' title='bbox 1183 3947 1211 3990; x_wconf 87' lang='lat' dir='ltr'>et</span> 
     </span>
    </p>
   </div>
   <div class='ocr_carea' id='block_1_9' title="bbox 0 0 1318 4328">
    <p class='ocr_par' dir='ltr' id='par_1_10' title="bbox 0 0 1318 4328">
     <span class='ocr_line' id='line_1_91' title="bbox 0 0 1318 4328; baseline 0 0"><span class='ocrx_word' id='word_1_475' title='bbox 0 0 1318 4328; x_wconf 95' lang='lat' dir='ltr'> </span> 
     </span>
    </p>
   </div>
  </div>
 </body>
</html>
