2626 4328
424 110 470 160 ET
492 108 733 178 NUMERORUM.
976 124 978 128 ⁴
1091 107 1142 159 835

40 234 54 283 3
73 231 200 283 Christus
227 229 260 279 ab
283 228 322 279 eis
348 228 381 277 de
400 240 478 277 cruce

54 302 210 368 deponitur.
502 293 551 346 622

40 375 239 439 4Documenta
263 370 316 419 duo
340 384 355 418 e
373 364 499 434 deposi-'

57 445 131 494 tione
145 441 265 506 corporis
280 438 392 497 Christi,
407 447 482 489 actus

58 510 284 565 conformationis
301 521 327 560 et
341 508 436 559 oratio.
507 506 559 556 622

42 589 56 641 5
72 589 195 638 Planctus
207 595 233 635 et
244 585 370 650 lacrymae
384 583 415 632 Bi
426 583 486 632 Ma-

57 659 103 708 riae
118 655 247 722 Virginis.
510 649 561 701 623

629 223 646 274 6
675 224 705 274 ln
731 224 861 276 omnibus
890 224 1015 275 sensibus
1041 235 1067 276 et

644 293 776 345 membris
795 310 891 361 passus
912 305 953 345 est
968 295 1066 345 Domi-

645 381 706 425 nus,
716 374 747 415 ut
763 376 852 418 totum
868 367 1007 418 hominem
1022 382 1067 417 sa·

645 444 727 485 naret.
1091 436 1141 488 623

631 522 646 572 7
662 507 779 556 Multum
795 507 971 558 valetcontra
997 507 1065 558 iram

647 578 782 630 Passionis
798 580 938 631 memoria.
1091 580 1143 632 625
1237 611 1240 615 ·

152 902 270 953 CAPUT
285 901 378 951 LXVI.
393 927 423 938 -
436 899 479 949 De
493 897 609 950 secundo
625 895 817 962 completorio,
844 896 871 947 in
888 897 1020 948 Passione

500 1030 502 1034 ·
525 1011 643 1063 Domini.

48 1256 56 1289 r
76 1239 221 1303 inungitur
233 1247 259 1288 et
273 1236 421 1288 involvitur
430 1252 485 1287 cor·

61 1326 113 1375 pus
127 1309 237 1359 Christi.
508 1305 561 1374 627

45 1396 61 1429 2
77 1381 286 1429 Monumentum
303 1388 330 1429 et
349 1378 484 1444 exsequiae

61 1451 182 1501 Domini.
509 1449 561 1500 628

31 1521 60 1594 ,3
78 1522 189 1572 Materia
215 1521 339 1572 sindonis
366 1531 393 1572 et
416 1520 484 1571 alio-

61 1608 122 1642 rum
140 1593 340 1653 linteaminum,
355 1591 421 1658 quid
433 1591 485 1641 do-

61 1664 145 1713 cent?
509 1661 562 1729 629

44 1750 65 1796 4
79 1735 193 1799 Magnus
202 1734 269 1800 lapis
283 1732 429 1800 sepulchro
441 1734 486 1784 ad-

61 1806 188 1856 volvitur.
510 1805 563 1873 629

48 1875 195 1943 §Mystica
223 1877 325 1928 Christi
349 1878 486 1944 sepultura

66 1947 95 1997 in
111 1949 190 1999 corde
208 1959 309 1999 nostro.
511 1947 563 2016 629

51 2015 68 2065 6
82 2016 223 2084 Sepulchri
237 2019 348 2070 Domini
364 2019 487 2071 formast

63 2087 141 2140 situs.
511 2090 564 2142 630

48 2175 64 2224 7
80 2160 164 2212 Feriae
186 2174 276 2224 sextae,
293 2179 347 2230 qua
361 2164 487 2215 Christus

66 2243 190 2283 mortuus
202 2245 228 2283 et
237 2235 358 2299 sepultus
370 2244 418 2294 est,
431 2251 488 2302 my-

65 2303 188 2355 sterium.
511 2306 561 2358 631

51 2377 68 2426 8
83 2376 197 2425 Devotio
212 2385 238 2426 et
256 2376 410 2442 ¹constantia
424 2392 489 2427 mu-

66 2447 164 2496 lierum
180 2445 250 2496 circa
266 2446 384 2501 Domini
394 2448 489 2513 sepul-

66 2526 164 2566 turam.
513 2516 564 2569 632

50 2603 67 2653 9
82 2586 205 2644 Quatuor
220 2587 381 2637 documenta
406 2602 420 2637 e
442 2602 488 2637 se-

66 2661 176 2725 pultura
193 2660 306 2722 Christi,
321 2672 396 2712 actus
421 2677 489 2712 con·

646 1234 818 1285 formationis
831 1244 858 1285 et
872 1235 968 1285 oratio.
1094 1233 1144 1286 633
1200 1273 1203 1281 .

620 1322 652 1356 2ο
663 1306 760 1356 Modus
770 1306 937 1372 quadruplex
948 1321 998 1356 nos
1008 1321 1069 1356 curn

648 1376 758 1428 Christo
773 1375 928 1443 sepeliendi.
1095 1375 1149 1441 634

621 1463 648 1498 22
672 1448 780 1514 Figurae
800 1449 945 1513 sepulturae
972 1447 1070 1498 Domi-

649 1516 687 1567 ni.
1094 1517 1148 1584 634

621 1604 651 1638 12
667 1588 798 1640 Memoria
823 1598 926 1657 septem
941 1589 1069 1640 horarum

648 1660 864 1712 Dominicarum.
1093 1659 1147 1726 634

621 1730 651 1784 23
668 1734 698 1784 Β.
716 1733 800 1784 Maria
813 1733 907 1799 Virgo,
924 1743 1068 1800 postquam

649 1816 756 1853 crucem
770 1803 899 1863 adoravit,
917 1813 1011 1854 moesta
1026 1818 1071 1854 re-

649 1873 720 1924 cedit
733 1887 749 1924 a
765 1884 951 1924 monumento.
1094 1871 1146 1924 635

622 1958 654 2008 14
667 1943 752 1995 Feriae
765 1952 847 1995 sextae
859 1944 986 2011 insignia.
1095 1943 1149 1994 636

621 2017 653 2075 25
664 2019 818 2069 ludaeorum
829 2019 987 2085 perversitas
997 2018 1074 2069 Chri·

651 2101 724 2141 stum
763 2092 931 2142 seductorem
971 2106 1071 2141 vocan-

650 2163 730 2214 tium.
1096 2161 1148 2214 636

623 2234 654 2286 26
668 2235 818 2286 Custodum
831 2235 931 2301 positio
945 2244 972 2285 et
991 2234 1070 2300 sigil-

651 2309 739 2359 lorum
755 2307 890 2374 appositio
904 2307 1074 2377 resurrectio·

651 2394 713 2428 nem
728 2377 840 2428 Domini
863 2376 1073 2443 irrefragabilem

652 2450 798 2500 redditura.
1100 2445 1153 2498 636

624 2537 656 2588 17
672 2520 751 2573 Pilati
766 2521 935 2588 Herodisque
947 2519 1075 2572 exsilium

652 2605 678 2646 et
690 2594 791 2646 obitus.
1098 2591 1151 2658 637

120 2943 238 2994 CAPUT
259 2943 364 2995 LXVII.
379 2973 411 2983 -
428 2944 567 3012 Epilogus
580 2947 732 2999 Dominicoe
748 2948 901 3011 Passionis,
918 2954 944 2999 et
955 2949 988 2999 de
1003 2948 1084 2999 laude

552 3063 650 3114 crucis.

61 3293 70 3326 2
91 3274 183 3326 Passio
199 3275 301 3326 Christi
328 3276 407 3327 nobis
433 3285 496 3328 euin

73 3345 161 3396 reddit
179 3346 332 3396 amabilem.

59 3434 73 3468 2
93 3418 194 3468 Passus
210 3429 250 3469 est
272 3419 408 3476 Dominus
422 3421 496 3472 omni

646 3297 664 3346 4
678 3281 803 3333 Virtutes
817 3281 919 3345 Christi
934 3280 1087 3348 patientis·
1109 3277 1158 3346 641

521 3347 573 3400 638
649 3351 750 3403 §Laus
776 3363 803 3404 et
829 3352 962 3420 praeconia
987 3352 1083 3412 crucis,

662 3437 724 3488 quae
749 3422 830 3473 nobis
858 3423 948 3473 omnis
979 3421 1085 3489 generis

74 3499 160 3549 aetate,
177 3489 301 3541 membro
313 3500 339 3541 et
358 3500 488 3559 tempore.
522 3491 575 3561 639
662 3509 736 3544 arma
752 3494 914 3561 suppeditat.
1109 3491 1161 3558 642

59 3561 73 3612 3
92 3563 181 3613 Locus
196 3563 276 3614 etiam
288 3574 315 3614 et
325 3580 411 3629 genus
423 3581 498 3617 mor·
560 3596 562 3601 ,

75 3632 112 3683 tis
126 3633 285 3685 Passionem
301 3633 387 3700 ipsius
402 3651 498 3704 aggra-

648 3562 665 3614 6
680 3564 817 3615 Passionis
831 3564 964 3630 epilogus.
1108 3561 1160 3629 645

649 3653 664 3704 7
678 3637 814 3688 Triduum
826 3637 962 3690 Passionis
973 3637 1083 3690 Domini

73 3713 126 3755 vat.
524 3706 576 3774 640
612 3752 614 3757 .
665 3708 785 3775 mystice.
1109 3707 1162 3776 647
