2626 4328
359 226 467 275 INDEX
483 224 681 275 GENERALIS
696 224 829 274 RERUM.

61 348 99 397 De
119 344 287 410 apparitione
303 340 406 392 Christi
421 340 489 391 facta
501 339 589 390 tribus

91 415 193 465 Mariis.
475 412 519 475 Ν,
535 410 587 477 687

58 488 97 537 De
115 485 329 552 apparitionibus
342 483 443 535 Christi
461 493 522 549 post
536 483 586 532 Re·

91 557 287 608 surrectionem
310 556 407 606 factis:
426 557 511 612 Petro,
540 552 589 603 Jo-

91 628 177 694 sepho
194 629 227 678 ab
241 626 401 685 Arimathia,
416 626 514 677 Jacobo
536 624 590 673 Mi-

92 700 151 749 nori
167 699 280 748 etlimbi
297 698 431 748 Patribus.
479 696 524 755 Ν,
537 694 588 761 695

60 771 99 821 De
114 769 281 836 apparitione
293 767 395 818 Christi
408 767 474 817 facta
484 766 591 816 duobus

92 843 235 908 discipulis
247 841 374 892 euntibus
388 840 416 889 in
431 838 519 889 vicum
532 839 592 889 Em·

91 929 178 963 maus.
417 942 419 946 -
481 907 590 975 1v.698

61 984 100 1034 De
114 984 224 1034 Christo
239 982 340 1032 ibidem
355 980 464 1047 cognito
487 981 515 1029 in
535 979 591 1028 111-

92 1054 181 1104 ctione
196 1055 281 1119 panis.
478 1052 521 1110 IV,
539 1065 589 1116 702

59 1126 99 1175 De
121 1125 223 1175 Christi
244 1124 410 1189 apparitione
425 1121 493 1172 facta
509 1121 592 1171 disci-

91 1195 172 1262 pulis,
189 1195 298 1245 absente
311 1195 426 1243 Thoma.
479 1193 524 1252 Ν,
540 1207 593 1257 704

59 1267 117 1316 Cur
137 1267 169 1314 ad
197 1280 243 1314 eos
263 1264 365 1314 venerit
383 1279 442 1313 sero
457 1272 483 1313 et
505 1261 593 1327 ianuis

91 1336 199 1386 clausis.
479 1334 523 1391 Ν,
540 1330 590 1398 705

59 1408 117 1458 Cur
130 1408 159 1457 in
172 1404 261 1456 medio
270 1420 364 1454 eorum
378 1403 461 1454 stetit.
480 1404 524 1466 Ν,
541 1401 591 1468 705

62 1479 207 1538 Quomodo
227 1478 319 1528 doceat
337 1475 464 1525 Christus
490 1476 594 1524 Resur-

93 1549 222 1599 rectionis
231 1563 286 1598 suae
296 1547 436 1597 veritatem
450 1546 593 1614 praebendo

93 1634 191 1684 corpus
208 1634 288 1669 suum
303 1618 476 1683 palpandum,
492 1626 593 1666 etcum

95 1693 236 1758 discipulis
250 1692 425 1742 comedendo.
476 1692 525 1751 ΙΝ,
541 1705 593 1756 707

64 1764 195 1814 Eamdem
208 1779 284 1812 suam
298 1761 531 1825 Resurrectionem
548 1775 595 1825 per

93 1836 145 1886 tria
159 1835 285 1886 Christus
298 1835 425 1884 ostendit.
481 1834 525 1893 IV,
541 1849 594 1900 709

60 1907 91 1956 ln
105 1906 149 1956 die
159 1905 371 1956 Resurrectionis
381 1904 506 1955 Christus
520 1905 597 1969 quin-

94 1977 172 2043 quies
186 1976 317 2041 apparuit.
480 1975 524 2032 Ν,
542 1973 593 2040 713

63 2049 101 2097 De
117 2046 282 2113 apparitione
296 2045 398 2095 Christi
413 2044 480 2095 facta
493 2045 595 2095 eisdem

94 2119 234 2185 discipulis
246 2119 367 2179 inclusis,
379 2129 510 2183 praesente
519 2120 596 2169 Tho-

95 2207 147 2241 ma.
480 2189 524 2252 Ν,
543 2205 597 2255 714

64 2263 193 2313 Christus
215 2276 297 2327 quare
321 2259 464 2310 vulnerum
484 2277 596 2311 suorum

1125 220 1177 287 877

642 341 681 390 De
690 339 893 405 exprobratione
909 338 1104 389 incredulitatis
1114 349 1177 390 tunc

674 408 749 460 facta.
1065 409 1108 470 IV,
1124 424 1178 474 744

642 480 681 531 De
695 479 887 529 commissione
899 491 959 529 turn
971 478 1178 545 Apostolisdata

675 549 850 614 Evangelium
899 549 1063 615 praedicandi
1100 548 1176 599 omni

674 633 810 673 creaturae.
864 626 867 631 '
1063 623 1106 681 Ν,
1123 637 1176 687 744

643 696 820 762 interrogatio
840 696 874 746 ab
900 696 1037 761 Apostolis
1060 694 1127 744 facta
1142 694 1176 744 de

673 766 844 816 restitutione
870 765 946 832 regni
960 766 1048 826 lsrael,
1064 776 1090 815 et
1100 763 1176 815 Chri·

675 838 709 888 sti
739 838 889 904 responsio.
1062 838 1105 897 Ν,
1122 852 1175 904 749

644 910 683 959 De
696 909 755 959 loco
771 925 804 959 ex
820 924 874 976 quo
892 908 1016 960 Christus
1030 908 1058 958 in
1078 909 1176 958 coelum

676 980 803 1030 ascendit.
1063 978 1108 1039 IV,
1124 976 1172 1045 751

645 1051 684 1101 De
701 1050 735 1100 iis
757 1051 804 1117 qui
829 1065 891 1100 curn
914 1049 1024 1100 Christo
1047 1050 1178 1100 ascende-

676 1133 749 1173 runt.
1065 1121 1110 1181 Ν,
1127 1120 1174 1185 751

645 1194 685 1243 De
701 1193 810 1244 Christo
823 1193 982 1243 ascendente
996 1191 1040 1256 pia
1055 1200 1180 1240 contem-

677 1263 769 1329 platio.
1064 1261 1110 1320 IV,
1128 1260 1176 1325 751
1235 1305 1237 1311 .

645 1335 685 1386 De
699 1335 802 1385 Christi
827 1332 1000 1388 ascendentis
1014 1330 1183 1382 benedictio-

675 1422 709 1456 ne
743 1406 885 1471 discipulis
911 1406 981 1456 data.
1063 1404 1107 1464 Ν,
1126 1402 1179 1469 750
1223 1420 1225 1424 ⁴

646 1477 774 1528 Ascendit
787 1477 914 1526 Christus
934 1473 1043 1541 propria
1066 1473 1174 1532 virtute,

678 1567 733 1601 non
742 1550 865 1602 subsidio
879 1550 977 1601 alieno.
1068 1549 1112 1608 Ν,
1129 1545 1180 1614 751

646 1623 686 1672 De
713 1621 823 1672 ecclesia
853 1621 879 1670 in
914 1622 973 1671 loco
1003 1619 1181 1670 Ascensionis

678 1692 781 1743 Christi
809 1691 946 1746 aedificata.
970 1705 1001 1740 ac
1022 1691 1056 1740 de
1076 1689 1179 1740 Christi

679 1763 799 1829 vestigiis
816 1763 854 1812 ibi
869 1762 897 1812 in
911 1775 1003 1812 monte
1020 1761 1118 1812 Oliveti
1134 1776 1179 1811 re-

679 1838 861 1888 manentibus.
1061 1836 1106 1896 Ν,
1125 1834 1178 1901 754

651 1911 758 1961 Coelum
767 1923 924 1977 empyreum
935 1907 1061 1959 Christus
1072 1907 1180 1974 ingres-

680 1997 727 2031 sus
737 1991 786 2031 est.
1067 1979 1113 2041 Ν,
1126 1976 1178 2044 756

648 2059 687 2107 De
709 2052 830 2105 sessione
859 2050 962 2102 Christi
985 2051 1018 2101 ad
1042 2052 1180 2101 dexteram

679 2127 776 2178 Patris.
1067 2122 1111 2183 Ν,
1127 2120 1181 2188 756

648 2203 688 2252 De
702 2198 843 2264 triumpho
858 2197 886 2247 in
900 2197 974 2248 coelis
989 2195 1018 2245 in
1036 2194 1182 2244 1111111110-

680 2289 713 2323 ne
727 2271 840 2323 Christi.
1068 2267 1112 2330 lv,
1129 2265 1181 2331 757

96 2347 156 2402 post
189 2336 424 2386 Resurrectionem
461 2335 597 2385 cicatrices

95 2408 244 2458 retinuerit.
480 2407 524 2469 Ν,
543 2423 595 2473 717

63 2482 102 2531 De
116 2479 219 2531 Christi
233 2479 400 2545 apparitione
413 2478 480 2529 facta
494 2493 596 2545 septem

95 2550 236 2616 discipulis
261 2548 437 2614 piscantibus,
461 2551 494 2600 ad
523 2565 597 2600 mare

95 2620 256 2672 Tiberiadis.
482 2622 526 2681 IV,
544 2636 595 2687 720

62 2694 207 2754 Qu⁰11¹⁰d0
229 2708 289 2742 cum
312 2691 453 2758 discipulis
473 2692 598 2743 Christus
649 2701 776 2755 Christus
790 2700 863 2750 unde
878 2698 985 2749 dicitur.
999 2697 1020 2757 1,
1037 2695 1070 2763 95
1089 2703 1116 2745 et
1130 2694 1182 2746 250

94 2775 152 2815 tunt
167 2763 321 2844 &infidelit
355 2834 360 2844 ι
392 2833 397 2844 ¹
482 2762 595 2829 1V‚723
650 2774 776 2826 Christus
791 2782 831 2822 est
847 2786 893 2820 rex
905 2780 931 2820 et
945 2768 1075 2820 sacerdos.
1092 2767 1111 2826 1,
1129 2765 1181 2817 250

64 2837 104 2886 De
118 2845 285 2900 apparitione
297 2834 399 2884 Christi
413 2833 480 2884 facta
496 2835 524 2884 in
541 2836 598 2886 Ga·
650 2845 777 2898 christus
805 2848 894 2909 quare·
915 2841 1050 2890 interdum
1073 2847 1184 2889 vocetur

94 2909 164 2959 lilaes
194 2907 349 2973 discipulis,
384 2918 409 2957 et
443 2908 598 2974 quingentis
682 2915 825 2973 Dominus,
841 2912 978 2961 interdurn
994 2909 1078 2972 Pater,
1096 2908 1183 2958 inter-

94 2981 232 3032 fratribus.
487 2982 530 3041 IV,
546 2980 597 3047 733
682 2989 747 3038 dum
763 2988 894 3052 Sponsus.
1095 2982 1115 3042 1,
1133 2979 1183 3032 300

63 3054 122 3105 Cur
138 3053 167 3103 in
187 3061 280 3103 monte
304 3051 342 3101 ibi
358 3051 434 3102 Visus
455 3062 495 3102 est
516 3052 599 3102 Chri·
652 3059 742 3119 Quare
756 3057 882 3108 Christus
893 3053 1044 3105 inhibuerit
1056 3069 1085 3104 se
1095 3051 1185 3103 vocari

95 3135 163 3175 stus·
487 3122 600 3188 iv‚734
683 3129 785 3180 Filium
801 3127 860 3178 Dei.
1109 3121 1185 3184 1111

64 3197 203 3247 Numerus
220 3197 419 3262 apparitionum
436 3196 536 3246 Christi
552 3211 599 3246 us·
653 3200 780 3252 Christus
795 3212 878 3265 quare
892 3205 1003 3248 vocetur
1016 3196 1092 3246 Flius
1102 3194 1188 3245 homi·

96 3285 149 3335 que
165 3269 197 3318 ad
214 3269 420 3320 Ascensionem.
456 3296 459 3303 ν
490 3270 534 3328 Ν,
547 3267 599 3333 738
686 3273 738 3323 nis.
1116 3267 1164 3329 lll,

648 2342 825 2396 Ascensionis
858 2333 979 2392 Christi
999 2339 1102 2406 figurae.
1124 2338 1182 2460 ΙΝ,

1130 2426 1146 2476 7
1167 2425 1183 2477 9

791 2573 871 2608 VARIA
888 2573 922 2606 DE
937 2570 1058 2606 cunisw.

67 3339 276 3405 Apparitionum
297 3340 420 3389 omniurn
436 3338 540 3389 Christi
557 3354 599 3388 re·
654 3343 781 3394 Christus
795 3357 880 3409 quare
898 3339 987 3392 vocari
1007 3338 1093 3390 voluit
1107 3339 1194 3388 Naza-

97 3409 229 3471 collectio,
246 3421 272 3460 et
288 3411 354 3476 quid
368 3410 529 3476 significent.
555 3410 599 3472 Ν,
685 3430 765 3467 raeus.
1100 3410 1120 3471 1,
1142 3411 1191 3475 14b

547 3482 600 3550 738
655 3488 782 3539 Christus
795 3487 937 3553 quomodo
949 3485 986 3536 111
996 3499 1066 3535 1011.
1079 3484 1122 3544 111,
1142 3481 1190 3534 183

654 3558 780 3609 Christus
796 3573 878 3624 quam
902 3571 963 3607 vere
984 3555 1020 3606 sit
1043 3556 1144 3614 Pastor,
1166 3563 1192 3604 et
1294 3597 1297 3602 ,

161 3645 195 3678 ne
211 3644 316 3679 crinisri
334 3643 499 3679 nserusrotts.
684 3628 822 3695 quomodo
844 3628 941 3678 habeat
962 3642 1057 3677 omnes
1074 3624 1191 3692 qualita-

685 3709 725 3749 tes
738 3697 793 3748 veri
811 3697 937 3748 Pastoris.
1089 3697 1119 3756 11,
1136 3692 1187 3760 773

66 3770 155 3824 Series
167 3770 288 3821 historiae
308 3769 484 3821 Ascensionis
498 3768 600 3820 Christi
653 3772 780 3822 Christus
805 3771 946 3837 quomodo
970 3771 1065 3837 Agnus
1087 3778 1114 3819 et
1140 3782 1189 3817 cur

99 3843 210 3894 Domini
225 3842 320 3894 nostri.
488 3843 532 3903 Ν,
548 3840 598 3908 743
680 3841 719 3893 sic
735 3841 832 3893 dictus.
1097 3839 1118 3899 l,
1133 3836 1185 3903 243
