2626 4328
90 242 143 306 544

91 355 138 405 sed
171 362 227 404 tota
253 361 327 404 veste
348 352 453 414 tincta,
480 351 622 402 Christum

91 427 242 477 ascendisse
267 426 301 475 de
324 425 417 474 anra.
437 422 525 473 Cerne
540 422 624 487 igitur

91 513 154 548 eum
178 513 241 548 curo
272 494 360 546 cordis
391 493 573 545 amaritudine
594 492 624 542 in

92 568 207 634 singulis
240 567 298 617 suis
319 564 535 625 afflictionibus,
560 563 648 630 quit!

92 639 185 688 omnia
214 637 331 688 sustinet
363 650 425 702 qua}
453 634 505 702 ipsi
526 630 648 685 uoldnt'

93 711 169 776 quasi
192 725 286 760 eorum
310 723 418 770 servus,
433 717 461 757 et
477 708 510 758 ad
534 706 626 757 omnia

91 792 159 831 tacet
173 780 251 846 quasi
269 790 371 829 mutus.
388 780 422 829 Et
436 779 553 829 maxime
566 792 625 827 cer-

93 870 128 904 ne
143 870 206 904 eum
221 869 283 903 cum
298 863 377 919 caput
395 854 452 917 ejus
464 851 552 918 spinis
567 852 626 916 ple·

92 941 176 983 naun,
202 925 335 974 arundine
365 924 481 990 graviter
502 934 527 973 et
556 936 628 986 saepe

92 995 248 1059 percutitur,
260 996 399 1060 quomodo
413 995 541 1060 depresso
558 993 626 1043 coilo

93 1066 230 1131 patienter,
245 1082 307 1116 cum
318 1067 411 1116 dolore
420 1077 510 1116 tamen
520 1079 627 1130 magno,

93 1137 201 1188 acerbos
226 1139 296 1189 ictus
319 1137 433 1203 suscipit
465 1147 492 1186 et
517 1136 626 1201 patitur.
648 1148 651 1157 ·

94 1208 267 1259 perforabant
280 1223 398 1274 namque
415 1217 494 1272 caput
508 1206 629 1257 sacratis·

94 1279 197 1328 simum
219 1279 399 1330 acerbissima
413 1278 576 1343 thespiae,
598 1292 629 1326 ac

93 1359 180 1401 totum
195 1351 404 1402 madefaciebant
429 1349 570 1415 sanguine.
588 1349 628 1398 Ex

96 1420 148 1471 isto
161 1421 272 1472 articulo
293 1421 409 1471 trahitur
424 1421 627 1479 documentum,

95 1494 168 1557 quod
191 1509 334 1543 caveamus
363 1507 395 1541 ne
424 1501 451 1541 et
477 1507 527 1541 nos
548 1500 629 1556 caput

96 1563 198 1613 Christi
213 1578 276 1612 cum
290 1561 423 1612 arundine
437 1561 627 1626 percutiamus.

95 1633 182 1698 Caput
197 1633 308 1698 quidem
324 1631 488 1698 percutiunt,
502 1633 550 1696 qui
563 1632 629 1682 divi-

94 1704 208 1752 nitatem
238 1704 295 1768 ejus
313 1703 483 1767 impugnant,
510 1712 536 1752 et
555 1717 627 1761 eum,

97 1776 184 1825 Deum
203 1791 261 1826 esse
275 1790 369 1825 verum
389 1776 536 1840 denegant,
551 1790 626 1833 nam,

96 1846 244 1895 secundum
256 1847 417 1910 Apostolum
433 1862 440 1895 z
457 1845 629 1911 CapatChri-

95 1918 133 1968 sti
144 1925 184 1968 est
194 1919 277 1980 Deus,
289 1919 316 1968 id
331 1929 370 1968 est
383 1918 512 1969 divinitas
526 1926 627 1979 creans,

98 2001 137 2040 est
151 2000 230 2055 caput
235 2002 365 2042 creaturae
375 2000 527 2056 assumptae.
539 1993 629 2040 Arun-

98 2062 132 2110 do
161 2071 252 2111 autem
279 2063 322 2112 vel
346 2062 465 2112 calamus
494 2061 629 2126 significat

98 2131 265 2197 scripturam
287 2133 419 2192 divinam,
441 2133 543 2182 calamo
564 2132 629 2197 Spi-

98 2202 168 2252 ritus
190 2203 282 2253 Sancti
309 2203 447 2268 scriptam,
470 2203 503 2253 de
523 2218 577 2268 qua
599 2202 628 2252 in

99 2274 206 2323 Psalmo
228 2274 328 2324 dicitur
346 2275 477 2338 :Lingua
499 2287 557 2323 mea
578 2287 629 2324 ca-

100 2345 186 2394 lamus
215 2346 321 2396 scriboe.
351 2346 460 2394 Calamo
484 2344 575 2411 igitur,
597 2354 630 2394 ut

96 2416 164 2465 dicit
190 2419 276 2479 Beda,
305 2427 384 2483 caput
405 2416 517 2486 chrisiti
532 2432 630 2482 percu-

99 2487 179 2546 tiunt,
201 2489 249 2554 qui
274 2489 408 2539 divinitati
424 2489 481 2552 ejus
493 2488 630 2539 contradi·

100 2566 207 2617 centes,
228 2573 347 2608 errorem
368 2574 449 2608 suum
474 2559 631 2609 auctoritate

99 2640 181 2675 sacrae
195 2627 348 2691 Scripturas,
369 2643 429 2693 quae
442 2630 544 2678 calamo
564 2629 631 2678 scri·

100 2696 182 2756 bitur,
192 2697 351 2749 confirmare
365 2710 497 2748 conantur
514 2714 521 2748 :
539 2700 631 2764 quales

100 2778 171 2828 sunt,
200 2768 248 2834 qui
276 2785 339 2819 eum
365 2784 465 2834 purum
490 2769 630 2820 homiuem

101 2839 184 2889 fuisse
201 2840 303 2890 dicunt.
320 2841 396 2899 Item,
406 2839 538 2889 arundine
552 2850 631 2904 caput

99 2910 202 2979 Christi
218 2911 380 2976 percutiunt,
399 2911 508 2976 quando
523 2921 632 2976 propter

99 2997 195 3032 aurum
220 2983 352 3033 mundani
377 2981 490 3043 favoris,
510 2981 557 3048 qui
585 2998 632 3048 per

98 3053 261 3104 arundinem
285 3052 462 3120 significatur,
490 3052 565 3103 Deus
588 3053 631 3103 of-

101 3123 229 3175 fenditur·
251 3127 328 3188 Item,
345 3135 424 3191 eaput
438 3123 540 3175 Christi
559 3125 631 3175 cala-

101 3210 146 3244 mo
170 3198 335 3261 percutiunt,
364 3197 411 3263 qui
434 3213 467 3246 ex
496 3196 632 3262 Scriptura

100 3266 275 3331 divinitatem,
291 3271 352 3333 plus
367 3283 450 3334 quam
464 3277 569 3333 oportet
583 3269 631 3318 in-

99 3337 230 3403 vestigare
251 3350 385 3405 satagunt,
408 3341 478 3390 unde
497 3349 524 3389 et
544 3339 631 3390 inter-

100 3409 164 3458 dum
190 3411 351 3476 sanguinem
384 3411 482 3460 erroris
510 3410 630 3461 eliciunt.

99 3479 175 3541 Item,
199 3496 261 3531 cum
279 3482 413 3531 arundine
438 3481 578 3531 Christum
601 3482 631 3531 in

99 3553 183 3618 capite
199 3553 361 3618 percutiunt,
376 3552 423 3618 qui
437 3568 484 3618 per
508 3568 630 3613 vacuam,

98 3623 177 3673 idest
193 3623 308 3674 otiosam
321 3624 414 3682 vitam,
430 3623 571 3674 Christum
583 3623 630 3677 of-

98 3695 221 3757 fendunt,
236 3692 284 3760 qui
304 3704 344 3744 est
360 3704 443 3760 caput
464 3705 599 3755 nostrum,
615 3709 631 3744 a

100 3783 154 3835 quo
170 3767 197 3815 in
217 3781 312 3816 omnes
327 3781 422 3817 sensus
435 3776 543 3817 nostros
560 3766 630 3816 vita-

98 3843 137 3892 ies
145 3839 315 3906 operationes
328 3839 460 3900 defluunt,
468 3839 517 3904 qui
527 3849 557 3889 -et
568 3854 630 3904 ope-

369 237 549 324 SECUNDAE¹
561 234 686 286 PARTIS
715 236 834 288 CAPUT
849 233 928 286 LXII.

677 365 739 399 rum
748 359 904 400 nostrorum
917 348 1040 414 exempla
1054 346 1136 398 nobis
1149 361 1209 414 pt*
1250 414 1252 423 Ι

677 423 746 474 buit.
775 424 853 475 Unde
878 422 907 472 in
926 422 1048 487 quolibet
1063 421 1132 480 otio,
1152 436 1207 473 cum
1248 428 1252 479 l

677 495 757 545 adest
786 494 867 544 nobis
895 492 1083 559 opportunitas
1110 492 1208 543 bouum

678 565 806 627 faciendi,
837 564 921 613 homo
948 562 1052 613 otiosus
1071 562 1209 613 Christum

677 635 755 701 quasi
780 635 809 684 in
822 634 907 699 capite
930 634 1063 699 percutit;
1081 633 1119 684 itt
1135 643 1166 684 ut
1177 647 1209 683 er

679 706 726 756 tali
744 706 920 772 percussione
945 715 971 754 et
994 703 1211 770 spinarumput

645 780 649 793 ¹
679 778 767 828 ctione
794 777 907 844 sanguis
933 777 966 827 de
996 775 1083 841 oapi-te
1111 774 1210 826 Christi

679 858 848 914 emungatur,
869 849 921 898 hoc
941 858 981 898 est
1003 847 1067 913 quia
1089 847 1211 898 Christus

680 922 752 971 dolet
764 931 792 971 et
806 922 936 987 pungitur
957 935 1043 986 usque
1058 921 1091 969 ad
1102 919 1211 987 sangui—

680 1008 742 1042 nem
770 993 804 1042 de
829 992 886 1043 otio
919 1002 1028 1051 nostro,
1058 991 1125 1056 quia
1145 991 1212 1042 videt

681 1067 754 1132 quod
769 1066 893 1131 exempla
908 1081 955 1115 sua
973 1079 1028 1114 non
1054 1063 1213 1115 fructifitmtt

682 1139 711 1187 in
734 1138 822 1188 nobis.
846 1138 922 1198 Jesu,
949 1137 996 1202 qui
1025 1135 1113 1186 notite
1138 1140 1213 1202 capta

681 1216 755 1259 tuum
794 1209 927 1259 arundine
953 1207 1061 1275 percuti
1089 1206 1211 1268 voluisti,

681 1282 717 1330 da
732 1280 797 1330 mihi
811 1286 835 1330 te
857 1285 936 1345 caput
958 1285 1078 1329 nostrum
1087 1292 1144 1342 per
1156 1278 1213 1328 iaa-

682 1370 740 1404 nem
760 1354 842 1404 vitam
865 1367 916 1402 non
941 1351 1085 1418 offendere,
1102 1351 1153 1402 sad
1169 1350 1214 1402 τίδ’

678 1426 790 1490 placitis
804 1423 924 1474 moribus
937 1422 1083 1472 deservire.

714 1511 747 1545 20
759 1496 900 1545 Domum
927 1506 1213 1542 conouarrortrsmrt-

681 1584 804 1618 cusrours
827 1581 941 1616 moure.
966 1593 996 1602 —
1019 1565 1171 1615 Coronatio
1190 1574 1213 1614 et

682 1639 773 1688 iiiusio
795 1637 919 1697 Christi,
950 1651 980 1685 ac
1002 1636 1059 1701 ejus
1087 1634 1213 1701 patientia

683 1708 851 1774 praefigurata
883 1707 935 1757 fuit
958 1707 989 1756 in
1020 1721 1082 1771 rege
1111 1705 1210 1763 David,

682 1780 790 1845 quaudo
816 1779 849 1828 ab
873 1777 985 1827 inimico
1012 1776 1120 1836 Semei,
1142 1784 1212 1826 tamt

682 1853 751 1902 maia
765 1850 896 1916 patienter
908 1849 1039 1899 toleravit.
1053 1847 1144 1898 Semei
1158 1861 1211 1913 pro

681 1923 741 1988 jacit
778 1936 859 1985 super
884 1920 969 1969 David
1002 1918 1120 1984 lapides,
1144 1917 1213 1984 ligna

681 2005 707 2044 et
728 1995 835 2054 lutum3
854 1992 897 2041 sic
917 2005 1051 2057 synagoga
1068 1989 1165 2054 'injecit
1182 1990 1211 2039 in

682 2064 822 2116 Christum
841 2065 955 2128 palmas,
970 2062 1073 2128 spinas,
1094 2072 1122 2112 et
1145 2077 1210 2128 apu-

682 2148 741 2186 tum
768 2135 856 2184 Semei
876 2134 961 2183 David
984 2133 1076 2183 virum
1103 2131 1214 2198 sangui-

683 2222 757 2266 num,
770 2215 796 2254 et
809 2205 897 2254 virum
912 2204 994 2253 Belial
1009 2203 1133 2268 vocavit3
1157 2216 1215 2267 syn-

682 2291 767 2342 agoga
794 2272 934 2324 Christum
969 2275 1156 2335 seductorem,
1190 2282 1215 2323 st

684 2346 834 2398 madeficmn
874 2347 1026 2412 appellavit·
1064 2346 1118 2396 Sed
1154 2360 1214 2396 cum

683 2418 775 2470 Abisai
798 2418 928 2468 voluisset
959 2416 1049 2466 Semei
1075 2416 1213 2475 occidere,

684 2491 768 2542 David
784 2489 937 2556 prohibuit;
951 2498 978 2538 et
991 2487 1089 2553 Augeii
1108 2487 1215 2538 occidis

684 2573 744 2613 sent
754 2562 891 2612 derisores
903 2559 1014 2618 Christi,
1028 2559 1074 2608 sed
1087 2559 1149 2624 ipse
1162 2573 1215 2608 nna

685 2633 815 2699 permisit.
831 2630 971 2682 Christum
992 2629 1073 2679 etiam
1087 2627 1214 2696 prmfigu-

684 2713 809 2754 ravermrt
833 2701 923 2751 nuntii
944 2700 1015 2765 regis
1036 2699 1135 2760 David,
1148 2712 1215 2766 quos

684 2778 781 2825 iianon
794 2790 842 2824 rex
855 2773 1073 2822 Amnon-irarum
1089 2781 1145 2821 tam
1164 2781 1215 2821 tur·

685 2848 754 2912 piter
762 2844 958 2895 dehonestavit
976 2843 1061 2893 David
1075 2842 1155 2893 misit
1166 2843 1216 2892 Ha·

685 2932 737 2965 non
761 2913 919 2964 nuntiusad
944 2928 1037 2978 pacem
1057 2910 1214 2962 instaur-an-

684 2988 756 3046 dam,
776 3000 894 3050 quorum
917 2993 1004 3033 vestes
1023 2981 1081 3046 ipse
1096 2981 1216 3047 praecidit

684 3070 771 3121 usque
786 3056 820 3104 ad
837 3064 921 3113 nates
940 3062 966 3102 et
987 3052 1044 3102 radi
1069 3051 1133 3102 fecit
1157 3066 1215 3101 mo-

684 3130 757 3179 dium
780 3128 910 3189 barbam3
938 3126 978 3176 sic
1008 3126 1082 3175 Deus
1111 3125 1215 3175 fitium

685 3215 764 3249 suurn
778 3199 813 3248 ad
825 3213 917 3262 pacem
929 3196 1076 3246 faciendam
1089 3195 1119 3245 in
1133 3210 1216 3246 mun·

684 3273 751 3321 dum
765 3269 849 3328 misit,
862 3284 943 3334 quem
960 3283 1096 3333 synagoga
1109 3268 1216 3317 nudant

684 3341 813 3400 vestibus,
830 3340 940 3389 barbam
953 3338 1042 3404 ipsius
1054 3337 1144 3402 sputis
1153 3351 1215 3387 rm·

685 3411 793 3462 cuiauit.

716 3499 746 3533 21
767 3484 905 3533 Musarum
923 3496 1087 3532 mrusrouuu
1105 3479 1216 3530 Causrt

685 3571 717 3603 rr
729 3569 861 3604 summu.
874 3567 1042 3603 msacaarro.
1053 3578 1084 3587 -
1093 3550 1132 3600 De
1145 3562 1216 3615 prt-

685 3625 776 3674 missis
797 3635 888 3675 autem
912 3622 1024 3673 Domini
1043 3618 1217 3671 contumeliis

683 3695 749 3745 dicit
767 3695 958 3762 Augustinus:
971 3713 984 3740 a
1000 3693 1045 3743 Sic
1064 3691 1139 3742 enim
1162 3691 1216 3741 im-

683 3767 825 3832 piebantur
838 3781 900 3832 quae
916 3765 989 3814 dese
1007 3764 1112 3813 dixerat
1129 3759 1215 3813 Chri-

683 3847 756 3901 stus,
776 3837 816 3887 sic
841 3837 971 3900 biartyres
998 3833 1215 3884 informabantur
