2626 4328
155 222 205 273 516

451 216 625 270 SECUNDAE
641 213 768 265 rusus
783 214 901 267 CAPUT
917 215 984 266 LXl.

155 346 218 401 teor,
232 337 323 389 dicens
336 353 346 387 .·
360 333 477 386 Proceri
493 333 603 383 tradens
619 346 686 381 san-
712 344 719 401 Ι
741 331 910 393 dromonum,
937 332 1039 398 quibus
1066 332 1212 397 deputatus
1234 342 1275 385 en

153 408 261 488 guinem
282 405 396 485 justum.
418 403 482 483 'Non
507 400 591 453 valuit
612 401 688 451 Judoe
712 406 718 491 Ι
741 418 786 452 aer
810 403 861 454 iste
889 404 1055 485 coliginosus
1083 402 1113 453 in
1144 416 1275 455 carcerem

155 475 361 535 1staconiessto,
378 488 443 539 quta
457 472 547 523 deerat
560 486 622 536 spes
641 486 690 521 ve·
742 488 829 540 usque
855 475 888 525 ad
914 475 1054 539 judicium.
1085 474 1155 523 Sunt
1187 484 1275 525 autem

156 552 207 601 niae
223 559 248 600 et
262 547 367 599 salutis.
387 545 442 597 Ubi
457 546 690 611 chrysostomus:

157 640 171 667 a
193 619 261 670 Vide
280 616 419 667 veritatem
439 614 564 680 undique
583 613 690 679 fulgen-

155 704 219 748 tenr,
244 687 366 755 proditor
386 688 420 738 de
439 685 530 751 seipso
549 685 594 735 dat
613 683 690 735 testi-

154 762 289 819 monium,
311 767 339 807 et
366 773 460 808 eorum
488 756 536 823 qui
559 755 691 806 condem-

154 841 286 884 naverunt
321 829 424 895 oppilat
458 844 516 881 ora.
544 847 558 876 >r
583 830 621 879 At
649 826 692 877 illi

152 905 304 955 deridentes
317 918 390 961 eum,
407 901 537 952 dixerant
553 915 560 950 .·
579 900 644 965 quid
655 899 692 949 ad

155 990 211 1037 nos,
235 973 335 1024 scilicet
358 974 392 1023 de
418 980 525 1038 peccato
551 980 617 1028 tuo,
643 969 691 1035 qui

156 1064 212 1096 non
235 1060 331 1096 sumus
353 1045 392 1094 rei
414 1044 442 1095 in
465 1043 517 1093 hoc
536 1040 624 1092 lacto?
648 1042 692 1091 Tu

155 1119 264 1180 videris,
279 1128 305 1168 et
323 1116 424 1167 senties
444 1125 471 1166 te
490 1128 629 1180 peccasse3
644 1112 691 1162 sod

157 1189 226 1239 nihil
245 1188 279 1238 ad
299 1203 349 1238 nos
370 1186 496 1253 pertinet,
515 1195 542 1235 et
565 1183 645 1234 nobis
659 1183 693 1233 de

156 1260 208 1309 hoc
234 1274 287 1307 non
311 1267 350 1308 est
379 1272 449 1307 cura.
476 1254 610 1305 Professio
633 1253 692 1304 haec

155 1331 243 1380 audax
262 1339 312 1389 est,
332 1338 414 1394 atque
436 1341 514 1377 caeea.
537 1324 646 1375 Emisse
663 1338 692 1373 se

155 1403 219 1467 justi
242 1400 402 1467 sanguinem
419 1398 544 1458 audiunt,
556 1407 584 1447 et
599 1406 691 1446 tamen

156 1486 229 1526 entra
242 1485 346 1525 reatum
366 1487 395 1523 se
411 1486 471 1522 esse
486 1471 606 1533 credunt,
620 1478 648 1518 et
662 1468 691 1517 in

155 1545 287 1595 vendente
307 1543 394 1592 scelus
408 1541 586 1589 constituunt.
604 1538 690 1599 Unde,

156 1617 307 1668 secundum
329 1614 564 1679 Cloysortomum,
581 1626 692 1661 accusa-

155 1688 194 1736 tio
218 1685 386 1737 sacerdotum
408 1693 457 1743 est,
470 1681 534 1748 quia
555 1696 612 1730 non
627 1696 691 1746 ege-

156 1769 220 1807 runt
235 1755 430 1822 poenitentiam,
444 1754 525 1804 etiem
543 1753 612 1803 iuda
631 1769 691 1817 poe-

155 1829 267 1879 nitente.
281 1828 321 1877 Ei
335 1827 431 1877 videns
443 1826 524 1876 ludas
539 1825 613 1891 quod
626 1840 691 1875 eum

156 1899 327 1957 deridebant,
352 1897 443 1962 lapsus
470 1896 498 1946 in
525 1896 692 1962 desperatio-

157 1985 228 2030 nem,
238 1967 369 2035 projectis
388 1967 528 2033 argenteis
540 1968 568 2017 in
584 1967 690 2033 ternpio,

158 2040 230 2090 unde
258 2037 357 2104 recepti
382 2048 478 2101 erant,
505 2037 631 2098 recessit,
665 2042 692 2087 et

157 2115 251 2164 abiens
270 2114 365 2178 laqueo
389 2125 426 2174 se,
446 2126 479 2163 ex
496 2109 691 2175 desperatione,

157 2186 298 2251 suspendit
302 2203 313 2249 ,·
327 2200 359 2236 ex
375 2200 431 2251 quo
443 2193 514 2249 patet
524 2182 599 2248 quod
612 2182 691 2248 cupi-

157 2259 227 2309 ditas
247 2272 296 2309 sua
319 2256 389 2307 nihil
410 2255 464 2306 sibi
485 2255 578 2305 valuit.
596 2255 692 2305 Maluit

156 2346 185 2381 se
203 2345 286 2396 quam
303 2327 428 2381 denarios
451 2327 561 2392 perdere
581 2342 588 2375 :
607 2326 692 2376 dena-

156 2403 212 2452 rios
229 2402 341 2466 templo,
363 2399 483 2466 seipsum
507 2398 617 2449 diabolo
635 2406 692 2449 tra-

155 2473 225 2523 didit
244 2482 271 2522 et
292 2473 398 2537 laqueo.
414 2470 466 2521 Hic
486 2469 618 2519 hebemus
636 2470 692 2519 duo

156 2542 279 2607 exempla
298 2542 441 2608 :primum
461 2551 512 2601 est,
533 2540 607 2606 quod
628 2555 692 2590 ava-

156 2615 216 2664 ritia
240 2629 296 2663 non
319 2624 359 2665 est
378 2613 451 2665 aliud
475 2628 558 2679 quam
579 2613 690 2678 quidam

155 2686 268 2750 laqueus
285 2683 396 2743 diaboli,
414 2697 462 2748 per
479 2698 562 2748 quem
581 2697 692 2747 suspen-

157 2757 196 2806 dit
222 2770 330 2819 avaros;
358 2755 509 2805 secundum
536 2754 691 2818 exemplum

155 2841 212 2890 est,
243 2829 317 2895 quod
349 2827 493 2878 crudelitas
521 2825 693 2892 presidentis

154 2911 195 2953 est
209 2900 313 2950 occasio
327 2896 522 2963 desperationis
535 2897 690 2962 peccatoris.

154 2972 244 3023 iudas
261 2969 337 3022 enim
353 2967 447 3019 retulit
467 2966 611 3033 pecuniam
627 2981 691 3034 poe-

155 3045 268 3096 nitentia
290 3044 393 3105 duetur,
409 3050 435 3092 et
453 3049 592 3104 peecatum
609 3055 691 3091 suum

156 3126 197 3165 est
219 3115 375 3176 confessus;
396 3113 443 3165 sed
465 3111 532 3179 quia
555 3111 691 3177 principes

156 3189 223 3239 dure
242 3189 440 3253 responderunt
458 3185 521 3247 sibi,
539 3185 661 3236 dicentes
683 3200 690 3234 :

156 3266 229 3325 Quid
242 3265 279 3314 ad
295 3264 367 3314 tros?
386 3264 426 3313 Tu
440 3262 551 3325 miletis,
564 3263 691 3328 despera-

155 3347 209 3396 tus,
223 3336 325 3397 abietis,
338 3335 433 3400 loqraeo
444 3348 474 3385 re
487 3334 634 3400 impendit.
646 3333 692 3384 Sic

155 3409 309 3474 frequenter
322 3407 393 3457 circa
407 3417 572 3472 peccatorem
584 3406 689 3456 accidit.

153 3480 237 3530 Judas
256 3480 351 3545 laqueo
366 3492 396 3527 se
412 3475 553 3542 suspendit
568 3476 597 3526 in
612 3486 690 3527 terre

155 3549 316 3612 meditullio,
339 3547 468 3613 indignus
491 3547 637 3597 hominum
661 3557 690 3597 et

154 3620 322 3684 Angelorum
354 3617 492 3669 consortio
518 3635 526 3668 ι
560 3617 690 3683 indignus

154 3692 245 3758 colligi
262 3692 334 3743 inter
351 3692 480 3757 Angelos,
494 3691 542 3758 qui
563 3690 593 3740 in
613 3689 690 3740 coelia

155 3773 230 3824 sunt3
255 3762 383 3828 indignus
405 3761 486 3812 etism
509 3761 599 3827 colligi
619 3760 689 3810 inter

153 3834 280 3887 homines
293 3833 341 3901 qui
355 3833 384 3884 in
396 3843 480 3898 terra;
492 3832 583 3884 socius
602 3831 688 3884 lactus

742 554 796 595 tres
816 546 933 596 rationes
951 559 1034 612 quare
1053 543 1100 594 tali
1119 553 1210 595 morte
1228 545 1276 597 de-

742 618 799 667 cuit
810 619 975 684 proditorem
989 617 1100 668 interire
1114 632 1122 666 ι
1138 617 1237 683 priua,
1248 628 1276 669 ιι

743 692 860 742 elevatus
878 692 907 741 in
927 706 996 750 aere,
1014 691 1120 740 socium
1139 706 1171 741 se
1184 700 1277 743 osten·

742 762 817 812 deret
830 763 996 820 demonum,
1009 761 1037 810 in
1049 761 1101 810 hoc
1116 776 1179 813 aare
1190 760 1276 827 uulgi·

744 848 810 882 noso
836 832 1031 895 habitantium
1057 831 1192 892 secunda,
1214 832 1276 899 qriit

744 903 900 967 paciscendo
920 904 1026 952 locutus
1046 901 1194 962 lucratio
1215 912 1276 969 gut-

743 985 802 1024 ture
815 975 937 1039 punitur,
952 983 983 1023 ut
995 972 1100 1023 arterioe
1112 988 1175 1039 qum
1186 988 1275 1025 vocem

745 1045 907 1110 proditionis
934 1044 1079 1094 emiserant
1106 1044 1274 1109 punirentur,

744 1115 808 1181 quie
824 1130 876 1181 per
888 1130 949 1181 qaoe
960 1120 1057 1182 percat
1073 1115 1143 1180 quir,
1154 1128 1210 1180 po·
1221 1114 1276 1167 lem

743 1192 769 1236 ei
800 1191 954 1251 torquetur3
981 1185 1074 1246 tertia,
1101 1195 1133 1235 ut
1156 1187 1225 1237 ooelo
1252 1194 1276 1237 et

743 1267 821 1307 terrae
830 1272 928 1307 exosus
940 1257 1135 1316 ostenderetur,
1145 1257 1214 1323 quia
1223 1270 1274 1308 non

745 1330 834 1379 solum
863 1329 1025 1395 proditionis
1054 1329 1163 1394 culpant
1191 1344 1276 1381 emm·

744 1405 806 1455 dare
824 1404 955 1470 nequivit,
972 1406 1017 1455 sed
1038 1404 1120 1454 etiam
1137 1402 1274 1455 homicidii

745 1476 846 1543 proprii
859 1479 946 1527 scelus
958 1476 1069 1526 addidit.
1085 1476 1223 1528 Mirabilis
1233 1477 1277 1527 du·

745 1551 806 1601 ritia
822 1551 988 1609 Judaeorum,
1008 1565 1077 1616 quos
1101 1566 1151 1600 nec
1170 1548 1276 1601 conin-

744 1624 785 1673 sio
797 1623 905 1689 peccati,
919 1639 969 1674 nec
982 1623 1117 1674 restitutio
1130 1623 1221 1689 pretii,
1230 1636 1276 1674 nec

744 1694 863 1758 operatio
874 1694 975 1759 proprii
987 1693 1126 1758 suspendii
1137 1692 1275 1753 emollivit,

744 1766 808 1833 quia
821 1780 871 1815 nec
885 1766 1037 1831 poenitenti,
1052 1781 1102 1816 nec
1116 1762 1276 1832 projicienti,

745 1852 793 1888 nec
810 1838 984 1903 suspendenti
1005 1838 1080 1888 Judoe
1100 1836 1275 1888 crediderunt.
1303 1846 1310 1900 ’Ἰ

743 1910 813 1959 Cum
832 1909 901 1959 luda
918 1909 1020 1974 quippe
1037 1907 1144 1973 seipsos
1160 1920 1276 1973 suspen·

743 1981 820 2041 dunt,
838 1979 887 2045 qui
905 1979 1013 2028 veniam
1027 1986 1117 2043 petere
1130 1985 1157 2027 et
1170 1974 1275 2029 sntutr-
1305 2000 1308 2007 ·

743 2052 824 2103 ctioni
843 2052 982 2102 intendere
995 2053 1101 2101 nolunt.
1116 2051 1156 2100 Er
1174 2048 1276 2117 crepidi

744 2121 861 2185 medius,
888 2121 980 2172 effusis
1006 2120 1173 2180 visceribus,
1200 2128 1276 2186 rupto
1309 2167 1310 2172 ,

744 2193 817 2243 enim
842 2194 939 2259 laqueo
963 2202 1072 2258 putatur
1098 2190 1229 2241 cecidisse
1251 2198 1276 2241 et

744 2266 888 2332 crepuisse,
901 2275 928 2316 et
952 2266 980 2315 in
1001 2265 1054 2314 hoc
1076 2262 1277 2330 quodammodo

743 2337 859 2387 delatum
879 2346 921 2386 est
932 2336 982 2395 ori,
997 2350 1052 2402 quo
1068 2335 1207 2384 osculatus
1224 2332 1277 2383 Do-

744 2408 851 2458 minum
871 2406 965 2467 fuerat,
983 2421 1017 2456 ne
1036 2421 1084 2471 per
1104 2419 1137 2454 os
1153 2404 1277 2455 darom

744 2477 941 2540 animaexiret3
958 2492 1012 2527 non
1029 2476 1104 2526 enim
1121 2484 1178 2525 tem
1190 2473 1278 2525 viliter

744 2550 880 2617 inquinari
899 2548 1002 2609 debuit,
1015 2548 1088 2614 quod
1105 2558 1161 2597 tam
1175 2545 1276 2612 glorio·

743 2638 805 2673 sum
824 2621 925 2672 scilicet
946 2635 977 2671 os
998 2618 1101 2671 Christi
1122 2616 1276 2683 contigeret.

743 2693 863 2757 Dignum
885 2691 958 2741 enim
975 2699 1032 2739 erat
1048 2699 1080 2739 ut
1095 2688 1199 2751 vipcera
1219 2698 1277 2753 que

744 2761 922 2826 proditionem
937 2767 1114 2824 conceperant
1134 2767 1215 2823 rupta
1234 2770 1276 2807 ct-

743 2833 845 2891 derent,
862 2840 888 2880 et
899 2841 992 2897 guttur
1005 2845 1060 2896 quo
1074 2844 1128 2880 vox
1147 2825 1277 2894 proditio·

744 2904 791 2954 nis'
800 2905 907 2962 exierat,
923 2904 1019 2969 laqueo
1033 2912 1190 2953 arctaretur.
1203 2901 1277 2965 Sept

743 2973 818 3024 enim
839 2974 938 3024 modus
959 2988 1045 3038 poenoe
1069 2969 1200 3036 exprimit
1219 2982 1278 3019 mo-

744 3047 810 3096 dum
822 3047 916 3112 culpae.
928 3045 976 3095 Vae
991 3045 1075 3104 Judae,
1088 3041 1154 3109 quie
1168 3042 1206 3092 nd
1216 3040 1277 3091 ion·

745 3127 799 3167 tem
819 3114 1010 3167 misericordie
1032 3128 1079 3180 per
1098 3127 1176 3178 spem
1193 3109 1279 3163 venia

745 3204 800 3238 non
815 3187 904 3247 rediit,
921 3187 968 3236 sed
986 3183 1089 3250 proprii
1104 3181 1279 3234 scelerieim·

743 3257 873 3308 munitate
887 3255 1043 3322 perterritus
1062 3250 1232 3319 desperavit!
1245 3248 1279 3301 Et

743 3329 803 3378 ideo
817 3327 883 3377 dicit
895 3324 1177 3393 Hieronymur,quod
1193 3319 1279 3388 nqis

741 3398 825 3449 iudet
853 3397 965 3447 offendit
993 3398 1081 3447 Deum
1114 3394 1225 3461 quando
1249 3403 1280 3443 ee

742 3471 893 3536 suspendit,
907 3485 989 3536 qnam
1011 3470 1040 3520 in
1057 3470 1112 3520 hoc
1122 3467 1201 3534 quod
1215 3476 1277 3519 om

741 3541 870 3607 prodidit.

774 3612 788 3663 5
808 3613 908 3665 Ριπω
929 3626 1065 3664 motinus
1084 3610 1200 3662 Curari
1215 3621 1279 3659 ιιι-

741 3698 796 3734 run
814 3699 885 3736 eost
900 3684 1072 3735 Hermum.
1086 3708 1118 3720 ·-
1130 3678 1278 3745 Principe!

740 3761 830 3807 auum
844 3755 1023 3816 roendotm,
1033 3752 1156 3818 deceptu
1171 3762 1278 3818 rgu-

740 3831 800 3895 teir,
815 3829 968 3881 dixemti:
983 3826 1047 3877 Non
1063 3824 1127 3877 licat
1144 3836 1192 3875 eos
1212 3820 1282 3873 rnr'i·¹
