<?xml version="1.0" encoding="UTF-8"?>
<!DOCTYPE html PUBLIC "-//W3C//DTD XHTML 1.0 Transitional//EN"
    "http://www.w3.org/TR/xhtml1/DTD/xhtml1-transitional.dtd">
<html xmlns="http://www.w3.org/1999/xhtml" xml:lang="en" lang="en">
 <head>
  <title>
</title>
<meta http-equiv="Content-Type" content="text/html;charset=utf-8" />
  <meta name='ocr-system' content='tesseract 3.04.00' />
  <meta name='ocr-capabilities' content='ocr_page ocr_carea ocr_par ocr_line ocrx_word'/>
</head>
<body>
  <div class='ocr_page' id='page_1' title='image "./vitajesuchristi00rigogoog_0112.png"; bbox 0 0 2626 4328; ppageno 0'>
   <div class='ocr_carea' id='block_1_1' title="bbox 346 294 944 357">
    <p class='ocr_par' dir='ltr' id='par_1_1' title="bbox 346 294 944 357">
     <span class='ocr_line' id='line_1_1' title="bbox 346 294 944 357; baseline -0.008 -8"><span class='ocrx_word' id='word_1_1' title='bbox 346 297 393 349; x_wconf 85' lang='lat' dir='ltr'><strong>DE</strong></span> <span class='ocrx_word' id='word_1_2' title='bbox 408 297 552 357; x_wconf 79' lang='lat' dir='ltr'>TERTIA,</span> <span class='ocrx_word' id='word_1_3' title='bbox 570 296 605 346; x_wconf 80' lang='lat' dir='ltr'><strong>lu</strong></span> <span class='ocrx_word' id='word_1_4' title='bbox 622 295 792 347; x_wconf 77' lang='lat' dir='ltr'>PASSIONE</span> <span class='ocrx_word' id='word_1_5' title='bbox 807 294 944 346; x_wconf 83' lang='lat' dir='ltr'><strong>DOMINI.</strong></span> 
     </span>
    </p>
   </div>
   <div class='ocr_carea' id='block_1_2' title="bbox 91 412 628 1539">
    <p class='ocr_par' dir='ltr' id='par_1_2' title="bbox 91 412 625 839">
     <span class='ocr_line' id='line_1_2' title="bbox 92 412 624 483; baseline -0.011 -14"><span class='ocrx_word' id='word_1_6' title='bbox 92 428 136 478; x_wconf 62' lang='lat' dir='ltr'><strong>tes</strong></span> <span class='ocrx_word' id='word_1_7' title='bbox 150 417 181 468; x_wconf 85' lang='lat' dir='ltr'><strong>in</strong></span> <span class='ocrx_word' id='word_1_8' title='bbox 202 427 245 468; x_wconf 88' lang='lat' dir='ltr'><strong>tot</strong></span> <span class='ocrx_word' id='word_1_9' title='bbox 256 415 391 483; x_wconf 80' lang='lat' dir='ltr'><strong>angustiis</strong></span> <span class='ocrx_word' id='word_1_10' title='bbox 405 425 431 464; x_wconf 88' lang='lat' dir='ltr'><strong>et</strong></span> <span class='ocrx_word' id='word_1_11' title='bbox 446 412 624 464; x_wconf 83' lang='lat' dir='ltr'><strong>ludibriorum</strong></span> 
     </span>
     <span class='ocr_line' id='line_1_3' title="bbox 92 485 625 551; baseline -0.013 -11"><span class='ocrx_word' id='word_1_12' title='bbox 92 486 314 540; x_wconf 73' lang='lat' dir='ltr'>morationibus</span> <span class='ocrx_word' id='word_1_13' title='bbox 329 485 425 551; x_wconf 89' lang='lat' dir='ltr'><strong>posito.</strong></span> <span class='ocrx_word' id='word_1_14' title='bbox 441 486 518 536; x_wconf 82' lang='lat' dir='ltr'>Certe</span> <span class='ocrx_word' id='word_1_15' title='bbox 541 485 625 534; x_wconf 87' lang='lat' dir='ltr'><strong>bene-</strong></span> 
     </span>
     <span class='ocr_line' id='line_1_4' title="bbox 91 556 625 623; baseline -0.009 -12"><span class='ocrx_word' id='word_1_16' title='bbox 91 558 189 611; x_wconf 80' lang='lat' dir='ltr'><strong>ieceres</strong></span> <span class='ocrx_word' id='word_1_17' title='bbox 206 559 232 609; x_wconf 89' lang='lat' dir='ltr'><strong>si</strong></span> <span class='ocrx_word' id='word_1_18' title='bbox 254 559 360 623; x_wconf 80' lang='lat' dir='ltr'><strong>juvares</strong></span> <span class='ocrx_word' id='word_1_19' title='bbox 376 557 523 607; x_wconf 88' lang='lat' dir='ltr'><strong>Dominum</strong></span> <span class='ocrx_word' id='word_1_20' title='bbox 536 556 625 606; x_wconf 89' lang='lat' dir='ltr'><strong>Deum</strong></span> 
     </span>
     <span class='ocr_line' id='line_1_5' title="bbox 92 627 624 691; baseline -0.013 -8"><span class='ocrx_word' id='word_1_21' title='bbox 92 639 177 691; x_wconf 74' lang='lat' dir='ltr'><strong>mum,</strong></span> <span class='ocrx_word' id='word_1_22' title='bbox 195 639 226 681; x_wconf 85' lang='lat' dir='ltr'><strong>et</strong></span> <span class='ocrx_word' id='word_1_23' title='bbox 250 628 353 679; x_wconf 81' lang='lat' dir='ltr'><strong>diceres</strong></span> <span class='ocrx_word' id='word_1_24' title='bbox 376 645 384 678; x_wconf 74' lang='grc' dir='ltr'><strong>ε</strong></span> <span class='ocrx_word' id='word_1_25' title='bbox 409 628 482 689; x_wconf 86' lang='lat' dir='ltr'><strong>Date,</strong></span> <span class='ocrx_word' id='word_1_26' title='bbox 504 627 624 690; x_wconf 89' lang='lat' dir='ltr'><strong>obsecro,</strong></span> 
     </span>
     <span class='ocr_line' id='line_1_6' title="bbox 93 697 625 762; baseline -0.015 -9"><span class='ocrx_word' id='word_1_27' title='bbox 93 700 159 753; x_wconf 81' lang='lat' dir='ltr'><strong>mibi</strong></span> <span class='ocrx_word' id='word_1_28' title='bbox 182 715 296 751; x_wconf 83' lang='lat' dir='ltr'><strong>crucem</strong></span> <span class='ocrx_word' id='word_1_29' title='bbox 313 698 424 749; x_wconf 86' lang='lat' dir='ltr'><strong>Domini</strong></span> <span class='ocrx_word' id='word_1_30' title='bbox 448 697 509 758; x_wconf 89' lang='lat' dir='ltr'><strong>mei,</strong></span> <span class='ocrx_word' id='word_1_31' title='bbox 529 706 556 748; x_wconf 91' lang='lat' dir='ltr'><strong>et</strong></span> <span class='ocrx_word' id='word_1_32' title='bbox 574 711 625 762; x_wconf 89' lang='lat' dir='ltr'><strong>ego</strong></span> 
     </span>
     <span class='ocr_line' id='line_1_7' title="bbox 94 772 295 839; baseline -0.02 -14"><span class='ocrx_word' id='word_1_33' title='bbox 94 772 208 839; x_wconf 71' lang='lat' dir='ltr'><strong>portabo</strong></span> <span class='ocrx_word' id='word_1_34' title='bbox 223 786 295 823; x_wconf 68' lang='lat' dir='ltr'><strong>mm.</strong></span> 
     </span>
    </p>

    <p class='ocr_par' dir='ltr' id='par_1_3' title="bbox 91 838 628 1539">
     <span class='ocr_line' id='line_1_8' title="bbox 119 838 626 899; baseline -0.014 -5"><span class='ocrx_word' id='word_1_35' title='bbox 119 841 155 893; x_wconf 78' lang='lat'><strong>32</strong></span> <span class='ocrx_word' id='word_1_36' title='bbox 171 843 273 893; x_wconf 71' lang='lat' dir='ltr'><strong>linaro</strong></span> <span class='ocrx_word' id='word_1_37' title='bbox 287 856 427 892; x_wconf 74' lang='lat' dir='ltr'><strong>oocuesus.</strong></span> <span class='ocrx_word' id='word_1_38' title='bbox 440 838 551 899; x_wconf 84' lang='lat' dir='ltr'><strong>-Quia</strong></span> <span class='ocrx_word' id='word_1_39' title='bbox 563 851 626 888; x_wconf 85' lang='lat' dir='ltr'><strong>vero</strong></span> 
     </span>
     <span class='ocr_line' id='line_1_9' title="bbox 93 909 625 971; baseline -0.019 -3"><span class='ocrx_word' id='word_1_40' title='bbox 93 923 188 967; x_wconf 74' lang='lat' dir='ltr'><strong>meta</strong></span> <span class='ocrx_word' id='word_1_41' title='bbox 205 914 295 964; x_wconf 78' lang='lat' dir='ltr'><strong>Mater</strong></span> <span class='ocrx_word' id='word_1_42' title='bbox 316 923 344 963; x_wconf 92' lang='lat' dir='ltr'><strong>et</strong></span> <span class='ocrx_word' id='word_1_43' title='bbox 363 927 476 963; x_wconf 86' lang='lat' dir='ltr'><strong>mcerore</strong></span> <span class='ocrx_word' id='word_1_44' title='bbox 496 909 625 971; x_wconf 85' lang='lat' dir='ltr'><strong>confecta,</strong></span> 
     </span>
     <span class='ocr_line' id='line_1_10' title="bbox 93 982 626 1054; baseline -0.015 -16"><span class='ocrx_word' id='word_1_45' title='bbox 93 996 202 1054; x_wconf 77' lang='lat' dir='ltr'><strong>propter</strong></span> <span class='ocrx_word' id='word_1_46' title='bbox 226 984 431 1037; x_wconf 83' lang='lat' dir='ltr'><strong>multitudinem</strong></span> <span class='ocrx_word' id='word_1_47' title='bbox 459 982 550 1050; x_wconf 91' lang='lat' dir='ltr'><strong>populi</strong></span> <span class='ocrx_word' id='word_1_48' title='bbox 576 997 626 1047; x_wconf 89' lang='lat' dir='ltr'><strong>ap·</strong></span> 
     </span>
     <span class='ocr_line' id='line_1_11' title="bbox 92 1056 627 1126; baseline -0.009 -17"><span class='ocrx_word' id='word_1_49' title='bbox 92 1058 278 1126; x_wconf 76' lang='lat' dir='ltr'><strong>propinquare</strong></span> <span class='ocrx_word' id='word_1_50' title='bbox 302 1056 328 1107; x_wconf 93' lang='lat' dir='ltr'><strong>ei</strong></span> <span class='ocrx_word' id='word_1_51' title='bbox 355 1072 409 1106; x_wconf 89' lang='lat' dir='ltr'><strong>non</strong></span> <span class='ocrx_word' id='word_1_52' title='bbox 432 1066 551 1122; x_wconf 86' lang='lat' dir='ltr'><strong>poterat,</strong></span> <span class='ocrx_word' id='word_1_53' title='bbox 578 1068 627 1104; x_wconf 83' lang='lat' dir='ltr'><strong>nec</strong></span> 
     </span>
     <span class='ocr_line' id='line_1_12' title="bbox 92 1126 626 1193; baseline -0.013 -10"><span class='ocrx_word' id='word_1_54' title='bbox 92 1146 156 1183; x_wconf 74' lang='lat' dir='ltr'><strong>urm</strong></span> <span class='ocrx_word' id='word_1_55' title='bbox 166 1131 270 1191; x_wconf 76' lang='lat' dir='ltr'><strong>videre,</strong></span> <span class='ocrx_word' id='word_1_56' title='bbox 287 1129 337 1181; x_wconf 75' lang='lat' dir='ltr'><strong>ivit</strong></span> <span class='ocrx_word' id='word_1_57' title='bbox 350 1128 472 1179; x_wconf 77' lang='lat' dir='ltr'><strong>celeriter</strong></span> <span class='ocrx_word' id='word_1_58' title='bbox 486 1142 532 1193; x_wconf 90' lang='lat' dir='ltr'><strong>per</strong></span> <span class='ocrx_word' id='word_1_59' title='bbox 546 1126 626 1176; x_wconf 82' lang='lat' dir='ltr'><strong>aliam</strong></span> 
     </span>
     <span class='ocr_line' id='line_1_13' title="bbox 94 1197 626 1264; baseline -0.015 -11"><span class='ocrx_word' id='word_1_60' title='bbox 94 1201 163 1253; x_wconf 82' lang='lat' dir='ltr'><strong>viem</strong></span> <span class='ocrx_word' id='word_1_61' title='bbox 182 1201 344 1258; x_wconf 85' lang='lat' dir='ltr'><strong>breviorem.</strong></span> <span class='ocrx_word' id='word_1_62' title='bbox 360 1209 387 1250; x_wconf 86' lang='lat' dir='ltr'><strong>et</strong></span> <span class='ocrx_word' id='word_1_63' title='bbox 408 1197 626 1264; x_wconf 75' lang='lat' dir='ltr'><strong>compendiosam</strong></span> 
     </span>
     <span class='ocr_line' id='line_1_14' title="bbox 92 1271 628 1327; baseline -0.017 -2"><span class='ocrx_word' id='word_1_64' title='bbox 92 1271 152 1325; x_wconf 71' lang='lat' dir='ltr'><strong>urm</strong></span> <span class='ocrx_word' id='word_1_65' title='bbox 172 1273 302 1325; x_wconf 76' lang='lat' dir='ltr'><strong>sociabus</strong></span> <span class='ocrx_word' id='word_1_66' title='bbox 322 1271 381 1322; x_wconf 87' lang='lat' dir='ltr'><strong>suis</strong></span> <span class='ocrx_word' id='word_1_67' title='bbox 408 1283 434 1322; x_wconf 89' lang='lat' dir='ltr'><strong>et</strong></span> <span class='ocrx_word' id='word_1_68' title='bbox 454 1271 571 1327; x_wconf 77' lang='lat' dir='ltr'><strong>donnus,</strong></span> <span class='ocrx_word' id='word_1_69' title='bbox 596 1276 628 1318; x_wconf 89' lang='lat' dir='ltr'><strong>ut</strong></span> 
     </span>
     <span class='ocr_line' id='line_1_15' title="bbox 91 1342 626 1410; baseline -0.009 -16"><span class='ocrx_word' id='word_1_70' title='bbox 91 1343 157 1396; x_wconf 83' lang='lat' dir='ltr'><strong>aiios</strong></span> <span class='ocrx_word' id='word_1_71' title='bbox 175 1343 332 1410; x_wconf 83' lang='lat' dir='ltr'><strong>prrecedens</strong></span> <span class='ocrx_word' id='word_1_72' title='bbox 349 1344 448 1393; x_wconf 81' lang='lat' dir='ltr'><strong>valeret</strong></span> <span class='ocrx_word' id='word_1_73' title='bbox 464 1342 552 1392; x_wconf 88' lang='lat' dir='ltr'><strong>eidem</strong></span> <span class='ocrx_word' id='word_1_74' title='bbox 576 1355 626 1405; x_wconf 84' lang='lat' dir='ltr'><strong>ap-</strong></span> 
     </span>
     <span class='ocr_line' id='line_1_16' title="bbox 93 1416 626 1484; baseline -0.013 -15"><span class='ocrx_word' id='word_1_75' title='bbox 93 1416 256 1484; x_wconf 64' lang='lat' dir='ltr'><strong>proximare„</strong></span> <span class='ocrx_word' id='word_1_76' title='bbox 269 1417 340 1467; x_wconf 88' lang='lat' dir='ltr'><strong>Cum</strong></span> <span class='ocrx_word' id='word_1_77' title='bbox 356 1426 446 1466; x_wconf 86' lang='lat' dir='ltr'><strong>autem</strong></span> <span class='ocrx_word' id='word_1_78' title='bbox 467 1424 541 1464; x_wconf 82' lang='lat' dir='ltr'><strong>extra</strong></span> <span class='ocrx_word' id='word_1_79' title='bbox 561 1427 626 1478; x_wconf 89' lang='lat' dir='ltr'><strong>por·</strong></span> 
     </span>
     <span class='ocr_line' id='line_1_17' title="bbox 93 1484 627 1539; baseline -0.009 0"><span class='ocrx_word' id='word_1_80' title='bbox 93 1499 146 1539; x_wconf 81' lang='lat' dir='ltr'><strong>tam</strong></span> <span class='ocrx_word' id='word_1_81' title='bbox 167 1487 289 1538; x_wconf 81' lang='lat' dir='ltr'><strong>civitatis</strong></span> <span class='ocrx_word' id='word_1_82' title='bbox 314 1489 344 1538; x_wconf 94' lang='lat' dir='ltr'><strong>in</strong></span> <span class='ocrx_word' id='word_1_83' title='bbox 365 1502 498 1538; x_wconf 89' lang='lat' dir='ltr'><strong>concursu</strong></span> <span class='ocrx_word' id='word_1_84' title='bbox 523 1484 627 1535; x_wconf 83' lang='lat' dir='ltr'><strong>riarum</strong></span> 
     </span>
    </p>
   </div>
   <div class='ocr_carea' id='block_1_3' title="bbox 92 1558 651 1616">
    <p class='ocr_par' dir='ltr' id='par_1_4' title="bbox 92 1558 651 1616">
     <span class='ocr_line' id='line_1_18' title="bbox 92 1558 651 1616; baseline -0.013 -6"><span class='ocrx_word' id='word_1_85' title='bbox 92 1574 156 1610; x_wconf 71' lang='lat' dir='ltr'><strong>mm</strong></span> <span class='ocrx_word' id='word_1_86' title='bbox 169 1558 289 1609; x_wconf 85' lang='lat' dir='ltr'><strong>obvium</strong></span> <span class='ocrx_word' id='word_1_87' title='bbox 301 1558 422 1616; x_wconf 86' lang='lat' dir='ltr'><strong>haberet,</strong></span> <span class='ocrx_word' id='word_1_88' title='bbox 437 1570 548 1607; x_wconf 79' lang='lat' dir='ltr'><strong>centens</strong></span> <span class='ocrx_word' id='word_1_89' title='bbox 563 1569 626 1605; x_wconf 89' lang='lat' dir='ltr'><strong>eum</strong></span> <span class='ocrx_word' id='word_1_90' title='bbox 649 1590 651 1595; x_wconf 84' lang='lat'>-</span> 
     </span>
    </p>
   </div>
   <div class='ocr_carea' id='block_1_4' title="bbox 90 1623 632 2692">
    <p class='ocr_par' dir='ltr' id='par_1_5' title="bbox 90 1623 632 2692">
     <span class='ocr_line' id='line_1_19' title="bbox 91 1623 627 1694; baseline -0.013 -13"><span class='ocrx_word' id='word_1_91' title='bbox 91 1629 284 1681; x_wconf 74' lang='lat' dir='ltr'><strong>siemeraturn</strong></span> <span class='ocrx_word' id='word_1_92' title='bbox 291 1628 367 1694; x_wconf 85' lang='lat' dir='ltr'><strong>ligno</strong></span> <span class='ocrx_word' id='word_1_93' title='bbox 376 1639 433 1678; x_wconf 88' lang='lat' dir='ltr'><strong>tarn</strong></span> <span class='ocrx_word' id='word_1_94' title='bbox 442 1627 545 1693; x_wconf 86' lang='lat' dir='ltr'><strong>grandi,</strong></span> <span class='ocrx_word' id='word_1_95' title='bbox 553 1623 627 1693; x_wconf 92' lang='lat' dir='ltr'><strong>quod</strong></span> 
     </span>
     <span class='ocr_line' id='line_1_20' title="bbox 93 1697 629 1760; baseline -0.009 -8"><span class='ocrx_word' id='word_1_96' title='bbox 93 1709 152 1752; x_wconf 78' lang='lat' dir='ltr'><strong>mete</strong></span> <span class='ocrx_word' id='word_1_97' title='bbox 164 1716 224 1750; x_wconf 85' lang='lat' dir='ltr'><strong>non</strong></span> <span class='ocrx_word' id='word_1_98' title='bbox 241 1699 352 1760; x_wconf 81' lang='lat' dir='ltr'><strong>viderat,</strong></span> <span class='ocrx_word' id='word_1_99' title='bbox 367 1699 544 1748; x_wconf 89' lang='lat' dir='ltr'><strong>semimortua</strong></span> <span class='ocrx_word' id='word_1_100' title='bbox 561 1697 629 1747; x_wconf 82' lang='lat' dir='ltr'><strong>facta</strong></span> 
     </span>
     <span class='ocr_line' id='line_1_21' title="bbox 92 1771 628 1838; baseline -0.013 -14"><span class='ocrx_word' id='word_1_101' title='bbox 92 1780 142 1833; x_wconf 74' lang='lat' dir='ltr'><strong>est,</strong></span> <span class='ocrx_word' id='word_1_102' title='bbox 160 1781 190 1823; x_wconf 84' lang='lat' dir='ltr'><strong>et</strong></span> <span class='ocrx_word' id='word_1_103' title='bbox 209 1786 279 1838; x_wconf 84' lang='lat' dir='ltr'><strong>pene</strong></span> <span class='ocrx_word' id='word_1_104' title='bbox 298 1771 449 1821; x_wconf 79' lang='lat' dir='ltr'><strong>exanimata</strong></span> <span class='ocrx_word' id='word_1_105' title='bbox 467 1785 521 1836; x_wconf 87' lang='lat' dir='ltr'><strong>prae</strong></span> <span class='ocrx_word' id='word_1_106' title='bbox 540 1784 628 1835; x_wconf 87' lang='lat' dir='ltr'><strong>angu-</strong></span> 
     </span>
     <span class='ocr_line' id='line_1_22' title="bbox 92 1844 628 1909; baseline -0.009 -12"><span class='ocrx_word' id='word_1_107' title='bbox 92 1846 153 1908; x_wconf 81' lang='lat' dir='ltr'><strong>stia,</strong></span> <span class='ocrx_word' id='word_1_108' title='bbox 168 1861 221 1896; x_wconf 88' lang='lat' dir='ltr'><strong>nec</strong></span> <span class='ocrx_word' id='word_1_109' title='bbox 235 1844 261 1895; x_wconf 91' lang='lat' dir='ltr'><strong>ei</strong></span> <span class='ocrx_word' id='word_1_110' title='bbox 280 1845 392 1896; x_wconf 84' lang='lat' dir='ltr'><strong>verbum</strong></span> <span class='ocrx_word' id='word_1_111' title='bbox 411 1845 499 1894; x_wconf 85' lang='lat' dir='ltr'><strong>dicere</strong></span> <span class='ocrx_word' id='word_1_112' title='bbox 515 1851 628 1909; x_wconf 86' lang='lat' dir='ltr'><strong>poterat,</strong></span> 
     </span>
     <span class='ocr_line' id='line_1_23' title="bbox 92 1914 629 1975; baseline -0.009 -7"><span class='ocrx_word' id='word_1_113' title='bbox 92 1930 142 1968; x_wconf 81' lang='lat' dir='ltr'><strong>uec</strong></span> <span class='ocrx_word' id='word_1_114' title='bbox 160 1917 299 1967; x_wconf 83' lang='lat' dir='ltr'><strong>Dominus</strong></span> <span class='ocrx_word' id='word_1_115' title='bbox 321 1915 387 1975; x_wconf 90' lang='lat' dir='ltr'><strong>sibi,</strong></span> <span class='ocrx_word' id='word_1_116' title='bbox 411 1917 573 1966; x_wconf 75' lang='lat' dir='ltr'><strong>acceleratus</strong></span> <span class='ocrx_word' id='word_1_117' title='bbox 595 1914 629 1963; x_wconf 86' lang='lat' dir='ltr'><strong>ab</strong></span> 
     </span>
     <span class='ocr_line' id='line_1_24' title="bbox 92 1985 629 2054; baseline -0.006 -15"><span class='ocrx_word' id='word_1_118' title='bbox 92 1987 138 2039; x_wconf 74' lang='lat' dir='ltr'><strong>h&#39;s</strong></span> <span class='ocrx_word' id='word_1_119' title='bbox 160 1987 212 2054; x_wconf 82' lang='lat' dir='ltr'><strong>qni</strong></span> <span class='ocrx_word' id='word_1_120' title='bbox 240 2001 304 2037; x_wconf 87' lang='lat' dir='ltr'><strong>eum</strong></span> <span class='ocrx_word' id='word_1_121' title='bbox 328 1986 468 2036; x_wconf 85' lang='lat' dir='ltr'><strong>ducebant.</strong></span> <span class='ocrx_word' id='word_1_122' title='bbox 493 1985 517 2036; x_wconf 94' lang='lat' dir='ltr'>O</span> <span class='ocrx_word' id='word_1_123' title='bbox 544 1999 629 2051; x_wconf 82' lang='lat' dir='ltr'><strong>quam</strong></span> 
     </span>
     <span class='ocr_line' id='line_1_25' title="bbox 92 2057 629 2122; baseline -0.009 -12"><span class='ocrx_word' id='word_1_124' title='bbox 92 2058 185 2110; x_wconf 64' lang='lat' dir='ltr'><strong>tutes</strong></span> <span class='ocrx_word' id='word_1_125' title='bbox 198 2067 226 2108; x_wconf 87' lang='lat' dir='ltr'><strong>et</strong></span> <span class='ocrx_word' id='word_1_126' title='bbox 238 2057 370 2120; x_wconf 80' lang='lat' dir='ltr'><strong>dolentes,</strong></span> <span class='ocrx_word' id='word_1_127' title='bbox 384 2072 465 2122; x_wconf 88' lang='lat' dir='ltr'><strong>quam</strong></span> <span class='ocrx_word' id='word_1_128' title='bbox 483 2057 629 2106; x_wconf 85' lang='lat' dir='ltr'><strong>clamantes</strong></span> 
     </span>
     <span class='ocr_line' id='line_1_26' title="bbox 90 2129 630 2196; baseline -0.006 -14"><span class='ocrx_word' id='word_1_129' title='bbox 90 2138 119 2182; x_wconf 82' lang='lat' dir='ltr'><strong>et</strong></span> <span class='ocrx_word' id='word_1_130' title='bbox 139 2130 281 2196; x_wconf 71' lang='lat' dir='ltr'><strong>ploeanms</strong></span> <span class='ocrx_word' id='word_1_131' title='bbox 296 2129 371 2180; x_wconf 88' lang='lat' dir='ltr'><strong>ibant</strong></span> <span class='ocrx_word' id='word_1_132' title='bbox 387 2130 514 2179; x_wconf 86' lang='lat' dir='ltr'><strong>mulieres</strong></span> <span class='ocrx_word' id='word_1_133' title='bbox 534 2138 630 2179; x_wconf 73' lang='lat' dir='ltr'><strong>muctar</strong></span> 
     </span>
     <span class='ocr_line' id='line_1_27' title="bbox 91 2200 631 2251; baseline -0.004 0"><span class='ocrx_word' id='word_1_134' title='bbox 91 2210 274 2251; x_wconf 68' lang='lat' dir='ltr'><strong>sustentantes</strong></span> <span class='ocrx_word' id='word_1_135' title='bbox 287 2200 431 2251; x_wconf 86' lang='lat' dir='ltr'><strong>Dominam</strong></span> <span class='ocrx_word' id='word_1_136' title='bbox 445 2210 564 2250; x_wconf 84' lang='lat' dir='ltr'><strong>nostram</strong></span> <span class='ocrx_word' id='word_1_137' title='bbox 578 2200 631 2249; x_wconf 83' lang='lat' dir='ltr'><strong>lda-</strong></span> 
     </span>
     <span class='ocr_line' id='line_1_28' title="bbox 91 2273 629 2338; baseline -0.006 -14"><span class='ocrx_word' id='word_1_138' title='bbox 91 2283 163 2324; x_wconf 86' lang='lat' dir='ltr'><strong>trem</strong></span> <span class='ocrx_word' id='word_1_139' title='bbox 178 2273 245 2338; x_wconf 75' lang='lat' dir='ltr'><strong>eius,</strong></span> <span class='ocrx_word' id='word_1_140' title='bbox 258 2288 313 2322; x_wconf 90' lang='lat' dir='ltr'><strong>non</strong></span> <span class='ocrx_word' id='word_1_141' title='bbox 329 2273 461 2322; x_wconf 83' lang='lat' dir='ltr'><strong>valentem</strong></span> <span class='ocrx_word' id='word_1_142' title='bbox 477 2288 506 2323; x_wconf 89' lang='lat' dir='ltr'><strong>se</strong></span> <span class='ocrx_word' id='word_1_143' title='bbox 519 2282 629 2322; x_wconf 87' lang='lat' dir='ltr'><strong>susten-</strong></span> 
     </span>
     <span class='ocr_line' id='line_1_29' title="bbox 91 2342 629 2408; baseline -0.006 -13"><span class='ocrx_word' id='word_1_144' title='bbox 91 2351 150 2395; x_wconf 76' lang='lat' dir='ltr'><strong>tare</strong></span> <span class='ocrx_word' id='word_1_145' title='bbox 166 2343 210 2394; x_wconf 84' lang='lat' dir='ltr'><strong>vel</strong></span> <span class='ocrx_word' id='word_1_146' title='bbox 235 2343 382 2408; x_wconf 77' lang='lat' dir='ltr'><strong>sustinere3</strong></span> <span class='ocrx_word' id='word_1_147' title='bbox 404 2342 460 2392; x_wconf 89' lang='lat' dir='ltr'><strong>imo</strong></span> <span class='ocrx_word' id='word_1_148' title='bbox 482 2343 581 2394; x_wconf 89' lang='lat' dir='ltr'><strong>dicitur</strong></span> <span class='ocrx_word' id='word_1_149' title='bbox 599 2342 629 2392; x_wconf 90' lang='lat' dir='ltr'><strong>in</strong></span> 
     </span>
     <span class='ocr_line' id='line_1_30' title="bbox 94 2413 630 2480; baseline -0.006 -15"><span class='ocrx_word' id='word_1_150' title='bbox 94 2423 195 2465; x_wconf 79' lang='lat' dir='ltr'><strong>terram</strong></span> <span class='ocrx_word' id='word_1_151' title='bbox 214 2413 359 2465; x_wconf 88' lang='lat' dir='ltr'><strong>corruisse.</strong></span> <span class='ocrx_word' id='word_1_152' title='bbox 375 2413 462 2463; x_wconf 87' lang='lat' dir='ltr'><strong>Credo</strong></span> <span class='ocrx_word' id='word_1_153' title='bbox 483 2414 557 2480; x_wconf 89' lang='lat' dir='ltr'><strong>quod</strong></span> <span class='ocrx_word' id='word_1_154' title='bbox 571 2413 630 2478; x_wconf 83' lang='lat' dir='ltr'><strong>ipsa</strong></span> 
     </span>
     <span class='ocr_line' id='line_1_31' title="bbox 93 2483 630 2550; baseline 0 -16"><span class='ocrx_word' id='word_1_155' title='bbox 93 2483 211 2534; x_wconf 79' lang='lat' dir='ltr'><strong>libenter</strong></span> <span class='ocrx_word' id='word_1_156' title='bbox 231 2497 339 2534; x_wconf 87' lang='lat' dir='ltr'><strong>crucem</strong></span> <span class='ocrx_word' id='word_1_157' title='bbox 362 2495 502 2550; x_wconf 80' lang='lat' dir='ltr'><strong>portasset,</strong></span> <span class='ocrx_word' id='word_1_158' title='bbox 528 2483 550 2534; x_wconf 93' lang='lat' dir='ltr'><strong>si</strong></span> <span class='ocrx_word' id='word_1_159' title='bbox 579 2499 630 2549; x_wconf 93' lang='lat' dir='ltr'><strong>po-</strong></span> 
     </span>
     <span class='ocr_line' id='line_1_32' title="bbox 93 2554 630 2621; baseline -0.007 -14"><span class='ocrx_word' id='word_1_160' title='bbox 93 2554 209 2619; x_wconf 55' lang='lat' dir='ltr'><strong>tuissem</strong></span> <span class='ocrx_word' id='word_1_161' title='bbox 227 2565 253 2607; x_wconf 86' lang='lat' dir='ltr'><strong>et</strong></span> <span class='ocrx_word' id='word_1_162' title='bbox 268 2557 391 2620; x_wconf 76' lang='lat' dir='ltr'><strong>quamuis</strong></span> <span class='ocrx_word' id='word_1_163' title='bbox 407 2571 461 2605; x_wconf 91' lang='lat' dir='ltr'><strong>non</strong></span> <span class='ocrx_word' id='word_1_164' title='bbox 478 2563 576 2621; x_wconf 84' lang='lat' dir='ltr'><strong>posset,</strong></span> <span class='ocrx_word' id='word_1_165' title='bbox 592 2554 630 2604; x_wconf 91' lang='lat' dir='ltr'><strong>li-</strong></span> 
     </span>
     <span class='ocr_line' id='line_1_33' title="bbox 94 2626 632 2692; baseline -0.006 -13"><span class='ocrx_word' id='word_1_166' title='bbox 94 2627 192 2678; x_wconf 76' lang='lat' dir='ltr'><strong>benoer</strong></span> <span class='ocrx_word' id='word_1_167' title='bbox 211 2626 364 2692; x_wconf 69' lang='lat' dir='ltr'><strong>accepisset.</strong></span> <span class='ocrx_word' id='word_1_168' title='bbox 386 2646 401 2674; x_wconf 82' lang='lat' dir='ltr'><strong>u</strong></span> <span class='ocrx_word' id='word_1_169' title='bbox 423 2628 498 2678; x_wconf 90' lang='lat' dir='ltr'><strong>Unde</strong></span> <span class='ocrx_word' id='word_1_170' title='bbox 506 2650 516 2688; x_wconf 93' lang='lat'><strong>,·</strong></span> <span class='ocrx_word' id='word_1_171' title='bbox 540 2637 572 2678; x_wconf 87' lang='lat' dir='ltr'><strong>ut</strong></span> <span class='ocrx_word' id='word_1_172' title='bbox 594 2626 632 2676; x_wconf 81' lang='lat' dir='ltr'><strong>ait</strong></span> 
     </span>
    </p>
   </div>
   <div class='ocr_carea' id='block_1_5' title="bbox 93 2696 655 2761">
    <p class='ocr_par' dir='ltr' id='par_1_6' title="bbox 93 2696 655 2761">
     <span class='ocr_line' id='line_1_34' title="bbox 93 2696 655 2761; baseline -0.007 -12"><span class='ocrx_word' id='word_1_173' title='bbox 93 2696 248 2760; x_wconf 59' lang='lat' dir='ltr'><strong>nuberes,</strong></span> <span class='ocrx_word' id='word_1_174' title='bbox 273 2698 325 2748; x_wconf 82' lang='lat' dir='ltr'><strong>me</strong></span> <span class='ocrx_word' id='word_1_175' title='bbox 347 2714 420 2759; x_wconf 82' lang='lat' dir='ltr'><strong>voce,</strong></span> <span class='ocrx_word' id='word_1_176' title='bbox 445 2710 475 2748; x_wconf 89' lang='lat' dir='ltr'><strong>ut</strong></span> <span class='ocrx_word' id='word_1_177' title='bbox 495 2713 566 2761; x_wconf 87' lang='lat' dir='ltr'><strong>reor,</strong></span> <span class='ocrx_word' id='word_1_178' title='bbox 585 2712 631 2748; x_wconf 88' lang='lat' dir='ltr'><strong>se-</strong></span> <span class='ocrx_word' id='word_1_179' title='bbox 652 2740 655 2744; x_wconf 78' lang='grc'><strong><em>,</em></strong></span> 
     </span>
    </p>
   </div>
   <div class='ocr_carea' id='block_1_6' title="bbox 93 2768 633 3334">
    <p class='ocr_par' dir='ltr' id='par_1_7' title="bbox 93 2768 633 3334">
     <span class='ocr_line' id='line_1_35' title="bbox 93 2768 631 2836; baseline -0.002 -16"><span class='ocrx_word' id='word_1_180' title='bbox 93 2769 240 2836; x_wconf 79' lang='lat' dir='ltr'><strong>qtaebstur,</strong></span> <span class='ocrx_word' id='word_1_181' title='bbox 253 2769 347 2820; x_wconf 88' lang='lat' dir='ltr'><strong>dicens</strong></span> <span class='ocrx_word' id='word_1_182' title='bbox 364 2788 372 2821; x_wconf 72' lang='grc' dir='ltr'><strong><em>ι</em></strong></span> <span class='ocrx_word' id='word_1_183' title='bbox 391 2771 482 2829; x_wconf 86' lang='lat' dir='ltr'><strong>Vadis,</strong></span> <span class='ocrx_word' id='word_1_184' title='bbox 499 2768 631 2836; x_wconf 81' lang='lat' dir='ltr'><strong>propitit-</strong></span> 
     </span>
     <span class='ocr_line' id='line_1_36' title="bbox 94 2843 632 2908; baseline -0.006 -15"><span class='ocrx_word' id='word_1_185' title='bbox 94 2850 149 2904; x_wconf 65' lang='lat' dir='ltr'><strong>br,</strong></span> <span class='ocrx_word' id='word_1_186' title='bbox 158 2843 237 2893; x_wconf 83' lang='lat' dir='ltr'><strong>aolus</strong></span> <span class='ocrx_word' id='word_1_187' title='bbox 248 2843 281 2892; x_wconf 85' lang='lat' dir='ltr'><strong>ad</strong></span> <span class='ocrx_word' id='word_1_188' title='bbox 299 2843 496 2894; x_wconf 81' lang='lat' dir='ltr'><strong>immolandum</strong></span> <span class='ocrx_word' id='word_1_189' title='bbox 513 2859 562 2908; x_wconf 91' lang='lat' dir='ltr'><strong>pro</strong></span> <span class='ocrx_word' id='word_1_190' title='bbox 576 2857 632 2892; x_wconf 91' lang='lat' dir='ltr'><strong>om·</strong></span> 
     </span>
     <span class='ocr_line' id='line_1_37' title="bbox 94 2911 631 2979; baseline -0.006 -16"><span class='ocrx_word' id='word_1_191' title='bbox 94 2912 190 2963; x_wconf 70' lang='lat' dir='ltr'><strong>nibus.</strong></span> <span class='ocrx_word' id='word_1_192' title='bbox 206 2913 269 2962; x_wconf 79' lang='lat' dir='ltr'><strong>Non</strong></span> <span class='ocrx_word' id='word_1_193' title='bbox 283 2914 333 2964; x_wconf 93' lang='lat' dir='ltr'><strong>tibi</strong></span> <span class='ocrx_word' id='word_1_194' title='bbox 349 2914 464 2964; x_wconf 85' lang='lat' dir='ltr'><strong>occurrit</strong></span> <span class='ocrx_word' id='word_1_195' title='bbox 480 2916 573 2964; x_wconf 85' lang='lat' dir='ltr'><strong>Petrus</strong></span> <span class='ocrx_word' id='word_1_196' title='bbox 584 2911 631 2979; x_wconf 92' lang='lat' dir='ltr'><strong>qui</strong></span> 
     </span>
     <span class='ocr_line' id='line_1_38' title="bbox 94 2984 632 3052; baseline -0.004 -16"><span class='ocrx_word' id='word_1_197' title='bbox 94 2985 169 3036; x_wconf 80' lang='lat' dir='ltr'><strong>dixit</strong></span> <span class='ocrx_word' id='word_1_198' title='bbox 185 3002 195 3036; x_wconf 74' lang='grc' dir='ltr'><strong><em>ε</em></strong></span> <span class='ocrx_word' id='word_1_199' title='bbox 214 2985 265 3036; x_wconf 77' lang='lat' dir='ltr'><strong>Pro</strong></span> <span class='ocrx_word' id='word_1_200' title='bbox 282 2995 310 3037; x_wconf 88' lang='lat' dir='ltr'><strong>te</strong></span> <span class='ocrx_word' id='word_1_201' title='bbox 325 2987 434 3037; x_wconf 85' lang='lat' dir='ltr'><strong>moriar.</strong></span> <span class='ocrx_word' id='word_1_202' title='bbox 454 2984 592 3052; x_wconf 85' lang='lat' dir='ltr'><strong>Relinquit</strong></span> <span class='ocrx_word' id='word_1_203' title='bbox 605 2995 632 3035; x_wconf 84' lang='lat' dir='ltr'><strong>te</strong></span> 
     </span>
     <span class='ocr_line' id='line_1_39' title="bbox 95 3058 633 3124; baseline -0.004 -15"><span class='ocrx_word' id='word_1_204' title='bbox 95 3058 229 3120; x_wconf 77' lang='lat' dir='ltr'><strong>Thomas,</strong></span> <span class='ocrx_word' id='word_1_205' title='bbox 244 3058 293 3124; x_wconf 90' lang='lat' dir='ltr'><strong>qui</strong></span> <span class='ocrx_word' id='word_1_206' title='bbox 307 3058 344 3108; x_wconf 83' lang='lat' dir='ltr'><strong>ait</strong></span> <span class='ocrx_word' id='word_1_207' title='bbox 359 3075 366 3109; x_wconf 79' lang='grc' dir='ltr'><strong>ι</strong></span> <span class='ocrx_word' id='word_1_208' title='bbox 379 3058 485 3108; x_wconf 78' lang='lat' dir='ltr'><strong>Earnus</strong></span> <span class='ocrx_word' id='word_1_209' title='bbox 495 3064 520 3107; x_wconf 80' lang='lat' dir='ltr'><strong>er</strong></span> <span class='ocrx_word' id='word_1_210' title='bbox 531 3071 589 3120; x_wconf 83' lang='lat' dir='ltr'><strong>noe,</strong></span> <span class='ocrx_word' id='word_1_211' title='bbox 603 3063 633 3107; x_wconf 82' lang='lat' dir='ltr'><strong>et</strong></span> 
     </span>
     <span class='ocr_line' id='line_1_40' title="bbox 94 3128 633 3192; baseline -0.002 -12"><span class='ocrx_word' id='word_1_212' title='bbox 94 3129 246 3180; x_wconf 64' lang='lat' dir='ltr'><strong>armamur</strong></span> <span class='ocrx_word' id='word_1_213' title='bbox 262 3144 321 3180; x_wconf 81' lang='lat' dir='ltr'><strong>cum</strong></span> <span class='ocrx_word' id='word_1_214' title='bbox 337 3145 376 3192; x_wconf 86' lang='lat' dir='ltr'><strong>eo,</strong></span> <span class='ocrx_word' id='word_1_215' title='bbox 394 3140 421 3180; x_wconf 88' lang='lat' dir='ltr'><strong>et</strong></span> <span class='ocrx_word' id='word_1_216' title='bbox 437 3129 529 3178; x_wconf 88' lang='lat' dir='ltr'><strong>nullus</strong></span> <span class='ocrx_word' id='word_1_217' title='bbox 543 3129 576 3178; x_wconf 90' lang='lat' dir='ltr'><strong>de</strong></span> <span class='ocrx_word' id='word_1_218' title='bbox 588 3128 633 3179; x_wconf 89' lang='lat' dir='ltr'><strong>his</strong></span> 
     </span>
     <span class='ocr_line' id='line_1_41' title="bbox 94 3198 631 3264; baseline 0 -14"><span class='ocrx_word' id='word_1_219' title='bbox 94 3198 148 3250; x_wconf 79' lang='lat' dir='ltr'><strong>nisi</strong></span> <span class='ocrx_word' id='word_1_220' title='bbox 168 3209 200 3250; x_wconf 85' lang='lat' dir='ltr'><strong>tu</strong></span> <span class='ocrx_word' id='word_1_221' title='bbox 223 3200 298 3250; x_wconf 90' lang='lat' dir='ltr'><strong>solus</strong></span> <span class='ocrx_word' id='word_1_222' title='bbox 319 3200 432 3258; x_wconf 91' lang='lat' dir='ltr'><strong>duceris,</strong></span> <span class='ocrx_word' id='word_1_223' title='bbox 453 3199 501 3264; x_wconf 85' lang='lat' dir='ltr'><strong>qui</strong></span> <span class='ocrx_word' id='word_1_224' title='bbox 521 3214 565 3248; x_wconf 90' lang='lat' dir='ltr'><strong>me</strong></span> <span class='ocrx_word' id='word_1_225' title='bbox 587 3214 631 3250; x_wconf 83' lang='lat' dir='ltr'><strong>oa-</strong></span> 
     </span>
     <span class='ocr_line' id='line_1_42' title="bbox 95 3270 632 3334; baseline 0.002 -13"><span class='ocrx_word' id='word_1_226' title='bbox 95 3279 167 3321; x_wconf 72' lang='lat' dir='ltr'><strong>mm</strong></span> <span class='ocrx_word' id='word_1_227' title='bbox 193 3270 367 3334; x_wconf 77' lang='lat' dir='ltr'><strong>conservasti,</strong></span> <span class='ocrx_word' id='word_1_228' title='bbox 391 3270 478 3320; x_wconf 86' lang='lat' dir='ltr'><strong>Filius</strong></span> <span class='ocrx_word' id='word_1_229' title='bbox 504 3284 580 3320; x_wconf 89' lang='lat' dir='ltr'><strong>meus</strong></span> <span class='ocrx_word' id='word_1_230' title='bbox 606 3279 632 3322; x_wconf 86' lang='lat' dir='ltr'><strong>et</strong></span> 
     </span>
    </p>
   </div>
   <div class='ocr_carea' id='block_1_7' title="bbox 94 3342 642 3394">
    <p class='ocr_par' dir='ltr' id='par_1_8' title="bbox 94 3342 642 3394">
     <span class='ocr_line' id='line_1_43' title="bbox 94 3342 642 3394; baseline 0 -2"><span class='ocrx_word' id='word_1_231' title='bbox 94 3343 169 3392; x_wconf 89' lang='lat' dir='ltr'><strong>Deus</strong></span> <span class='ocrx_word' id='word_1_232' title='bbox 189 3357 277 3394; x_wconf 88' lang='lat' dir='ltr'><strong>meus.</strong></span> <span class='ocrx_word' id='word_1_233' title='bbox 301 3343 400 3393; x_wconf 87' lang='lat' dir='ltr'><strong>Verum</strong></span> <span class='ocrx_word' id='word_1_234' title='bbox 421 3342 479 3392; x_wconf 82' lang='lat' dir='ltr'><strong>haec</strong></span> <span class='ocrx_word' id='word_1_235' title='bbox 502 3343 582 3393; x_wconf 88' lang='lat' dir='ltr'><strong>rerba</strong></span> <span class='ocrx_word' id='word_1_236' title='bbox 600 3357 642 3392; x_wconf 83' lang='lat' dir='ltr'><strong>ex.</strong></span> 
     </span>
    </p>
   </div>
   <div class='ocr_carea' id='block_1_8' title="bbox 94 3413 634 3893">
    <p class='ocr_par' dir='ltr' id='par_1_9' title="bbox 94 3413 634 3893">
     <span class='ocr_line' id='line_1_44' title="bbox 95 3413 633 3480; baseline 0 -14"><span class='ocrx_word' id='word_1_237' title='bbox 95 3429 204 3480; x_wconf 74' lang='lat' dir='ltr'><strong>magnae</strong></span> <span class='ocrx_word' id='word_1_238' title='bbox 217 3413 325 3480; x_wconf 84' lang='lat' dir='ltr'><strong>pietatis</strong></span> <span class='ocrx_word' id='word_1_239' title='bbox 336 3413 431 3464; x_wconf 83' lang='lat' dir='ltr'><strong>affectu</strong></span> <span class='ocrx_word' id='word_1_240' title='bbox 447 3415 582 3480; x_wconf 89' lang='lat' dir='ltr'><strong>producta,</strong></span> <span class='ocrx_word' id='word_1_241' title='bbox 596 3415 633 3466; x_wconf 82' lang='lat' dir='ltr'><strong>ita</strong></span> 
     </span>
     <span class='ocr_line' id='line_1_45' title="bbox 94 3485 633 3556; baseline 0 -20"><span class='ocrx_word' id='word_1_242' title='bbox 94 3485 128 3536; x_wconf 83' lang='lat' dir='ltr'><strong>ad</strong></span> <span class='ocrx_word' id='word_1_243' title='bbox 142 3486 196 3536; x_wconf 88' lang='lat' dir='ltr'><strong>boc</strong></span> <span class='ocrx_word' id='word_1_244' title='bbox 209 3501 374 3536; x_wconf 85' lang='lat' dir='ltr'><strong>memorasse</strong></span> <span class='ocrx_word' id='word_1_245' title='bbox 387 3485 516 3556; x_wconf 69' lang='lat' dir='ltr'><strong>sufficiat,</strong></span> <span class='ocrx_word' id='word_1_246' title='bbox 526 3496 556 3535; x_wconf 92' lang='lat' dir='ltr'><strong>ut</strong></span> <span class='ocrx_word' id='word_1_247' title='bbox 571 3501 633 3536; x_wconf 89' lang='lat' dir='ltr'><strong>ocu·</strong></span> 
     </span>
     <span class='ocr_line' id='line_1_46' title="bbox 96 3555 632 3622; baseline 0.002 -16"><span class='ocrx_word' id='word_1_248' title='bbox 96 3555 140 3606; x_wconf 83' lang='lat' dir='ltr'><strong>lue</strong></span> <span class='ocrx_word' id='word_1_249' title='bbox 151 3570 182 3607; x_wconf 86' lang='lat' dir='ltr'><strong>ea</strong></span> <span class='ocrx_word' id='word_1_250' title='bbox 194 3556 302 3622; x_wconf 88' lang='lat' dir='ltr'><strong>pietatis</strong></span> <span class='ocrx_word' id='word_1_251' title='bbox 315 3557 462 3616; x_wconf 88' lang='lat' dir='ltr'><strong>attendens,</strong></span> <span class='ocrx_word' id='word_1_252' title='bbox 473 3559 539 3607; x_wconf 90' lang='lat' dir='ltr'><strong>dum</strong></span> <span class='ocrx_word' id='word_1_253' title='bbox 551 3567 632 3608; x_wconf 66' lang='lat' dir='ltr'><strong>tante</strong></span> 
     </span>
     <span class='ocr_line' id='line_1_47' title="bbox 97 3627 632 3695; baseline -0.002 -16"><span class='ocrx_word' id='word_1_254' title='bbox 97 3628 191 3679; x_wconf 69' lang='lat' dir='ltr'><strong>Hatris</strong></span> <span class='ocrx_word' id='word_1_255' title='bbox 203 3628 381 3695; x_wconf 84' lang='lat' dir='ltr'><strong>gemebundis</strong></span> <span class='ocrx_word' id='word_1_256' title='bbox 399 3627 537 3679; x_wconf 82' lang='lat' dir='ltr'><strong>affectibus</strong></span> <span class='ocrx_word' id='word_1_257' title='bbox 556 3643 632 3678; x_wconf 88' lang='lat' dir='ltr'><strong>com·</strong></span> 
     </span>
     <span class='ocr_line' id='line_1_48' title="bbox 97 3697 634 3764; baseline 0 -16"><span class='ocrx_word' id='word_1_258' title='bbox 97 3697 217 3762; x_wconf 77' lang='lat' dir='ltr'><strong>patimr,</strong></span> <span class='ocrx_word' id='word_1_259' title='bbox 247 3697 347 3749; x_wconf 84' lang='lat' dir='ltr'><strong>fructui</strong></span> <span class='ocrx_word' id='word_1_260' title='bbox 373 3697 410 3764; x_wconf 92' lang='lat' dir='ltr'><strong>pii</strong></span> <span class='ocrx_word' id='word_1_261' title='bbox 436 3698 537 3748; x_wconf 87' lang='lat' dir='ltr'><strong>amoris</strong></span> <span class='ocrx_word' id='word_1_262' title='bbox 560 3698 634 3748; x_wconf 88' lang='lat' dir='ltr'><strong>illius</strong></span> 
     </span>
     <span class='ocr_line' id='line_1_49' title="bbox 99 3768 633 3835; baseline -0.006 -15"><span class='ocrx_word' id='word_1_263' title='bbox 99 3768 247 3835; x_wconf 72' lang='lat' dir='ltr'><strong>uiqinndo</strong></span> <span class='ocrx_word' id='word_1_264' title='bbox 264 3769 429 3818; x_wconf 89' lang='lat' dir='ltr'><strong>remunerari</strong></span> <span class='ocrx_word' id='word_1_265' title='bbox 446 3778 580 3818; x_wconf 87' lang='lat' dir='ltr'><strong>mereatur</strong></span> <span class='ocrx_word' id='word_1_266' title='bbox 595 3785 602 3820; x_wconf 92' lang='lat'>:</span> <span class='ocrx_word' id='word_1_267' title='bbox 619 3788 633 3817; x_wconf 76' lang='lat' dir='ltr'><strong>n</strong></span> 
     </span>
     <span class='ocr_line' id='line_1_50' title="bbox 101 3840 329 3893; baseline 0 -2"><span class='ocrx_word' id='word_1_268' title='bbox 101 3840 161 3891; x_wconf 67' lang='lat' dir='ltr'><strong>hec</strong></span> <span class='ocrx_word' id='word_1_269' title='bbox 175 3840 329 3893; x_wconf 60' lang='lat' dir='ltr'><strong>anselmus,</strong></span> 
     </span>
    </p>
   </div>
   <div class='ocr_carea' id='block_1_9' title="bbox 135 3910 636 3964">
    <p class='ocr_par' dir='ltr' id='par_1_10' title="bbox 135 3910 636 3964">
     <span class='ocr_line' id='line_1_51' title="bbox 135 3910 636 3964; baseline 0.002 -3"><span class='ocrx_word' id='word_1_270' title='bbox 135 3910 168 3962; x_wconf 81' lang='lat'><strong>33</strong></span> <span class='ocrx_word' id='word_1_271' title='bbox 182 3913 332 3964; x_wconf 79' lang='lat' dir='ltr'><strong>Rsseocrro</strong></span> <span class='ocrx_word' id='word_1_272' title='bbox 343 3912 442 3963; x_wconf 79' lang='lat' dir='ltr'><strong>Dourru</strong></span> <span class='ocrx_word' id='word_1_273' title='bbox 456 3926 483 3961; x_wconf 80' lang='lat' dir='ltr'><strong>nr</strong></span> <span class='ocrx_word' id='word_1_274' title='bbox 495 3926 583 3964; x_wconf 72' lang='lat' dir='ltr'><strong>meras</strong></span> <span class='ocrx_word' id='word_1_275' title='bbox 594 3912 636 3963; x_wconf 83' lang='lat' dir='ltr'><strong>lr-</strong></span> 
     </span>
    </p>
   </div>
   <div class='ocr_carea' id='block_1_10' title="bbox 1155 270 1208 357">
    <p class='ocr_par' dir='ltr' id='par_1_11' title="bbox 1155 270 1208 357">
     <span class='ocr_line' id='line_1_52' title="bbox 1155 270 1208 357; baseline 0 -15"><span class='ocrx_word' id='word_1_276' title='bbox 1155 270 1208 357; x_wconf 81' lang='grc' dir='ltr'><strong>Ι557</strong></span> 
     </span>
    </p>
   </div>
   <div class='ocr_carea' id='block_1_11' title="bbox 677 422 1222 3978">
    <p class='ocr_par' dir='ltr' id='par_1_12' title="bbox 677 422 1222 3978">
     <span class='ocr_line' id='line_1_53' title="bbox 678 422 1209 477; baseline -0.011 -15"><span class='ocrx_word' id='word_1_277' title='bbox 678 427 814 477; x_wconf 70' lang='lat' dir='ltr'><strong>sumna,</strong></span> <span class='ocrx_word' id='word_1_278' title='bbox 838 427 873 465; x_wconf 83' lang='lat' dir='ltr'><strong>sr</strong></span> <span class='ocrx_word' id='word_1_279' title='bbox 894 425 981 461; x_wconf 76' lang='lat' dir='ltr'><strong>vassa</strong></span> <span class='ocrx_word' id='word_1_280' title='bbox 1008 422 1077 458; x_wconf 83' lang='lat' dir='ltr'><strong>runc</strong></span> <span class='ocrx_word' id='word_1_281' title='bbox 1098 424 1130 457; x_wconf 75' lang='lat' dir='ltr'><strong>ss</strong></span> <span class='ocrx_word' id='word_1_282' title='bbox 1152 422 1209 457; x_wconf 80' lang='lat' dir='ltr'><strong>reso</strong></span> 
     </span>
     <span class='ocr_line' id='line_1_54' title="bbox 677 479 1209 537; baseline -0.009 -3"><span class='ocrx_word' id='word_1_283' title='bbox 677 500 807 537; x_wconf 75' lang='lat' dir='ltr'><strong>rasura.</strong></span> <span class='ocrx_word' id='word_1_284' title='bbox 823 510 854 525; x_wconf 87' lang='lat'><strong>-·</strong></span> <span class='ocrx_word' id='word_1_285' title='bbox 869 482 987 535; x_wconf 90' lang='lat' dir='ltr'><strong>Ulterius</strong></span> <span class='ocrx_word' id='word_1_286' title='bbox 1007 490 1098 531; x_wconf 90' lang='lat' dir='ltr'><strong>autem</strong></span> <span class='ocrx_word' id='word_1_287' title='bbox 1112 479 1209 530; x_wconf 91' lang='lat' dir='ltr'><strong>Domi-</strong></span> 
     </span>
     <span class='ocr_line' id='line_1_55' title="bbox 679 546 1210 622; baseline -0.009 -16"><span class='ocrx_word' id='word_1_288' title='bbox 679 569 731 605; x_wconf 89' lang='lat' dir='ltr'><strong>nus</strong></span> <span class='ocrx_word' id='word_1_289' title='bbox 752 555 908 621; x_wconf 83' lang='lat' dir='ltr'><strong>procedens,</strong></span> <span class='ocrx_word' id='word_1_290' title='bbox 931 546 1027 619; x_wconf 77' lang='lat' dir='ltr'><strong>partim</strong></span> <span class='ocrx_word' id='word_1_291' title='bbox 1049 558 1112 616; x_wconf 86' lang='lat' dir='ltr'><strong>post</strong></span> <span class='ocrx_word' id='word_1_292' title='bbox 1130 550 1210 622; x_wconf 77' lang='lat' dir='ltr'><strong>vertit</strong></span> 
     </span>
     <span class='ocr_line' id='line_1_56' title="bbox 678 626 1210 693; baseline -0.009 -15"><span class='ocrx_word' id='word_1_293' title='bbox 678 643 707 678; x_wconf 90' lang='lat' dir='ltr'><strong>se</strong></span> <span class='ocrx_word' id='word_1_294' title='bbox 727 628 760 678; x_wconf 87' lang='lat' dir='ltr'><strong>ed</strong></span> <span class='ocrx_word' id='word_1_295' title='bbox 780 626 853 693; x_wconf 82' lang='lat' dir='ltr'><strong>ipsas</strong></span> <span class='ocrx_word' id='word_1_296' title='bbox 872 627 1001 677; x_wconf 86' lang='lat' dir='ltr'><strong>mulieres</strong></span> <span class='ocrx_word' id='word_1_297' title='bbox 1021 632 1163 690; x_wconf 85' lang='lat' dir='ltr'><strong>sequentes</strong></span> <span class='ocrx_word' id='word_1_298' title='bbox 1184 632 1210 673; x_wconf 87' lang='lat' dir='ltr'><strong>et</strong></span> 
     </span>
     <span class='ocr_line' id='line_1_57' title="bbox 679 693 1209 761; baseline -0.006 -13"><span class='ocrx_word' id='word_1_299' title='bbox 679 697 782 750; x_wconf 80' lang='lat' dir='ltr'><strong>flenter.</strong></span> <span class='ocrx_word' id='word_1_300' title='bbox 798 697 870 759; x_wconf 87' lang='lat' dir='ltr'><strong>Quia</strong></span> <span class='ocrx_word' id='word_1_301' title='bbox 883 695 1098 761; x_wconf 69' lang='lat' dir='ltr'><strong>enimcognovit</strong></span> <span class='ocrx_word' id='word_1_302' title='bbox 1112 693 1209 745; x_wconf 77' lang='lat' dir='ltr'><strong>Dorti-</strong></span> 
     </span>
     <span class='ocr_line' id='line_1_58' title="bbox 678 765 1208 838; baseline -0.011 -16"><span class='ocrx_word' id='word_1_303' title='bbox 678 786 730 822; x_wconf 83' lang='lat' dir='ltr'><strong>rus</strong></span> <span class='ocrx_word' id='word_1_304' title='bbox 742 772 788 838; x_wconf 83' lang='lat' dir='ltr'><strong>qui</strong></span> <span class='ocrx_word' id='word_1_305' title='bbox 810 776 871 822; x_wconf 78' lang='lat' dir='ltr'><strong>sunl</strong></span> <span class='ocrx_word' id='word_1_306' title='bbox 891 770 956 837; x_wconf 81' lang='lat' dir='ltr'><strong>ejus,</strong></span> <span class='ocrx_word' id='word_1_307' title='bbox 973 767 1151 835; x_wconf 75' lang='lat' dir='ltr'><strong>praetermissa</strong></span> <span class='ocrx_word' id='word_1_308' title='bbox 1162 765 1208 816; x_wconf 85' lang='lat' dir='ltr'><strong>fu-</strong></span> 
     </span>
     <span class='ocr_line' id='line_1_59' title="bbox 680 843 1210 911; baseline -0.011 -16"><span class='ocrx_word' id='word_1_309' title='bbox 680 844 763 895; x_wconf 89' lang='lat' dir='ltr'><strong>rentis</strong></span> <span class='ocrx_word' id='word_1_310' title='bbox 776 844 870 911; x_wconf 90' lang='lat' dir='ltr'><strong>populi</strong></span> <span class='ocrx_word' id='word_1_311' title='bbox 891 843 978 906; x_wconf 90' lang='lat' dir='ltr'><strong>turba,</strong></span> <span class='ocrx_word' id='word_1_312' title='bbox 993 843 1027 892; x_wconf 88' lang='lat' dir='ltr'><strong>ad</strong></span> <span class='ocrx_word' id='word_1_313' title='bbox 1047 849 1168 892; x_wconf 88' lang='lat' dir='ltr'><strong>amantes</strong></span> <span class='ocrx_word' id='word_1_314' title='bbox 1183 848 1210 889; x_wconf 86' lang='lat' dir='ltr'><strong>et</strong></span> 
     </span>
     <span class='ocr_line' id='line_1_60' title="bbox 680 913 1210 982; baseline -0.008 -18"><span class='ocrx_word' id='word_1_315' title='bbox 680 916 835 982; x_wconf 83' lang='lat' dir='ltr'><strong>plangentes</strong></span> <span class='ocrx_word' id='word_1_316' title='bbox 860 930 890 965; x_wconf 91' lang='lat' dir='ltr'><strong>se</strong></span> <span class='ocrx_word' id='word_1_317' title='bbox 912 914 1039 975; x_wconf 86' lang='lat' dir='ltr'><strong>feminas,</strong></span> <span class='ocrx_word' id='word_1_318' title='bbox 1068 913 1159 963; x_wconf 86' lang='lat' dir='ltr'><strong>oculos</strong></span> <span class='ocrx_word' id='word_1_319' title='bbox 1183 920 1210 961; x_wconf 85' lang='lat' dir='ltr'><strong>et</strong></span> 
     </span>
     <span class='ocr_line' id='line_1_61' title="bbox 680 984 1212 1050; baseline -0.009 -12"><span class='ocrx_word' id='word_1_320' title='bbox 680 1003 727 1038; x_wconf 86' lang='lat' dir='ltr'><strong>ora</strong></span> <span class='ocrx_word' id='word_1_321' title='bbox 743 986 886 1050; x_wconf 84' lang='lat' dir='ltr'><strong>convertit3</strong></span> <span class='ocrx_word' id='word_1_322' title='bbox 903 1000 969 1036; x_wconf 90' lang='lat' dir='ltr'><strong>suos</strong></span> <span class='ocrx_word' id='word_1_323' title='bbox 983 985 1057 1035; x_wconf 89' lang='lat' dir='ltr'><strong>enim</strong></span> <span class='ocrx_word' id='word_1_324' title='bbox 1075 984 1212 1034; x_wconf 78' lang='lat' dir='ltr'><strong>Dominus</strong></span> 
     </span>
     <span class='ocr_line' id='line_1_62' title="bbox 680 1056 1211 1124; baseline -0.008 -14"><span class='ocrx_word' id='word_1_325' title='bbox 680 1061 795 1112; x_wconf 88' lang='lat' dir='ltr'><strong>libenter</strong></span> <span class='ocrx_word' id='word_1_326' title='bbox 814 1059 930 1124; x_wconf 85' lang='lat' dir='ltr'><strong>respicit,</strong></span> <span class='ocrx_word' id='word_1_327' title='bbox 947 1068 974 1109; x_wconf 93' lang='lat' dir='ltr'><strong>et</strong></span> <span class='ocrx_word' id='word_1_328' title='bbox 994 1058 1064 1108; x_wconf 84' lang='lat' dir='ltr'><strong>dixit</strong></span> <span class='ocrx_word' id='word_1_329' title='bbox 1079 1058 1140 1109; x_wconf 86' lang='lat' dir='ltr'><strong>eis:</strong></span> <span class='ocrx_word' id='word_1_330' title='bbox 1157 1056 1211 1107; x_wconf 86' lang='lat' dir='ltr'><strong>Fi-</strong></span> 
     </span>
     <span class='ocr_line' id='line_1_63' title="bbox 681 1129 1211 1195; baseline -0.015 -11"><span class='ocrx_word' id='word_1_331' title='bbox 681 1132 726 1184; x_wconf 82' lang='lat' dir='ltr'><strong>liae</strong></span> <span class='ocrx_word' id='word_1_332' title='bbox 748 1131 914 1193; x_wconf 81' lang='lat' dir='ltr'><strong>Jerusalem,</strong></span> <span class='ocrx_word' id='word_1_333' title='bbox 939 1130 1020 1180; x_wconf 87' lang='lat' dir='ltr'><strong>nolite</strong></span> <span class='ocrx_word' id='word_1_334' title='bbox 1035 1129 1108 1195; x_wconf 83' lang='lat' dir='ltr'><strong>flere</strong></span> <span class='ocrx_word' id='word_1_335' title='bbox 1130 1141 1211 1192; x_wconf 79' lang='lat' dir='ltr'><strong>super</strong></span> 
     </span>
     <span class='ocr_line' id='line_1_64' title="bbox 681 1197 1217 1266; baseline -0.015 -12"><span class='ocrx_word' id='word_1_336' title='bbox 681 1217 731 1266; x_wconf 86' lang='lat' dir='ltr'><strong>me,</strong></span> <span class='ocrx_word' id='word_1_337' title='bbox 751 1217 799 1253; x_wconf 88' lang='lat' dir='ltr'><strong>nec</strong></span> <span class='ocrx_word' id='word_1_338' title='bbox 823 1199 1006 1252; x_wconf 88' lang='lat' dir='ltr'><strong>lamentemini</strong></span> <span class='ocrx_word' id='word_1_339' title='bbox 1029 1215 1073 1249; x_wconf 89' lang='lat' dir='ltr'><strong>me</strong></span> <span class='ocrx_word' id='word_1_340' title='bbox 1096 1197 1217 1248; x_wconf 54' lang='lat' dir='ltr'><strong>moritu-¹</strong></span> 
     </span>
     <span class='ocr_line' id='line_1_65' title="bbox 681 1270 1212 1339; baseline -0.013 -14"><span class='ocrx_word' id='word_1_341' title='bbox 681 1290 752 1335; x_wconf 89' lang='lat' dir='ltr'><strong>rum,</strong></span> <span class='ocrx_word' id='word_1_342' title='bbox 769 1274 844 1339; x_wconf 78' lang='lat' dir='ltr'><strong>cujus</strong></span> <span class='ocrx_word' id='word_1_343' title='bbox 856 1273 910 1322; x_wconf 89' lang='lat' dir='ltr'><strong>cito</strong></span> <span class='ocrx_word' id='word_1_344' title='bbox 923 1270 1082 1322; x_wconf 88' lang='lat' dir='ltr'><strong>resurrectio</strong></span> <span class='ocrx_word' id='word_1_345' title='bbox 1095 1279 1212 1319; x_wconf 79' lang='lat' dir='ltr'><strong>mortem</strong></span> 
     </span>
     <span class='ocr_line' id='line_1_66' title="bbox 681 1345 1213 1409; baseline -0.013 -13"><span class='ocrx_word' id='word_1_346' title='bbox 681 1346 783 1396; x_wconf 77' lang='lat' dir='ltr'><strong>solvere</strong></span> <span class='ocrx_word' id='word_1_347' title='bbox 807 1354 902 1409; x_wconf 91' lang='lat' dir='ltr'><strong>potest,</strong></span> <span class='ocrx_word' id='word_1_348' title='bbox 919 1345 995 1408; x_wconf 86' lang='lat' dir='ltr'><strong>cujus</strong></span> <span class='ocrx_word' id='word_1_349' title='bbox 1018 1356 1091 1392; x_wconf 91' lang='lat' dir='ltr'><strong>mors</strong></span> <span class='ocrx_word' id='word_1_350' title='bbox 1109 1349 1136 1390; x_wconf 91' lang='lat' dir='ltr'><strong>et</strong></span> <span class='ocrx_word' id='word_1_351' title='bbox 1151 1356 1213 1390; x_wconf 87' lang='lat' dir='ltr'><strong>om·</strong></span> 
     </span>
     <span class='ocr_line' id='line_1_67' title="bbox 682 1410 1213 1479; baseline -0.013 -13"><span class='ocrx_word' id='word_1_352' title='bbox 682 1431 745 1466; x_wconf 86' lang='lat' dir='ltr'><strong>nem</strong></span> <span class='ocrx_word' id='word_1_353' title='bbox 760 1426 887 1473; x_wconf 89' lang='lat' dir='ltr'><strong>mortem,</strong></span> <span class='ocrx_word' id='word_1_354' title='bbox 902 1423 928 1464; x_wconf 87' lang='lat' dir='ltr'><strong>et</strong></span> <span class='ocrx_word' id='word_1_355' title='bbox 948 1415 1038 1479; x_wconf 88' lang='lat' dir='ltr'><strong>ipsum</strong></span> <span class='ocrx_word' id='word_1_356' title='bbox 1053 1410 1149 1462; x_wconf 88' lang='lat' dir='ltr'><strong>mortis</strong></span> <span class='ocrx_word' id='word_1_357' title='bbox 1162 1426 1213 1460; x_wconf 91' lang='lat' dir='ltr'><strong>au-</strong></span> 
     </span>
     <span class='ocr_line' id='line_1_68' title="bbox 682 1484 1215 1548; baseline -0.013 -10"><span class='ocrx_word' id='word_1_358' title='bbox 682 1497 782 1538; x_wconf 84' lang='lat' dir='ltr'><strong>ctorem</strong></span> <span class='ocrx_word' id='word_1_359' title='bbox 799 1487 925 1537; x_wconf 88' lang='lat' dir='ltr'><strong>destruet.</strong></span> <span class='ocrx_word' id='word_1_360' title='bbox 942 1488 1003 1536; x_wconf 92' lang='lat' dir='ltr'><strong>Non</strong></span> <span class='ocrx_word' id='word_1_361' title='bbox 1018 1484 1092 1535; x_wconf 89' lang='lat' dir='ltr'><strong>enim</strong></span> <span class='ocrx_word' id='word_1_362' title='bbox 1112 1490 1215 1548; x_wconf 80' lang='lat' dir='ltr'><strong>oportet</strong></span> 
     </span>
     <span class='ocr_line' id='line_1_69' title="bbox 682 1556 1214 1623; baseline -0.011 -15"><span class='ocrx_word' id='word_1_363' title='bbox 682 1557 746 1609; x_wconf 86' lang='lat' dir='ltr'><strong>flere</strong></span> <span class='ocrx_word' id='word_1_364' title='bbox 761 1572 823 1608; x_wconf 89' lang='lat' dir='ltr'><strong>eum</strong></span> <span class='ocrx_word' id='word_1_365' title='bbox 836 1557 882 1622; x_wconf 91' lang='lat' dir='ltr'><strong>qui</strong></span> <span class='ocrx_word' id='word_1_366' title='bbox 896 1556 1005 1623; x_wconf 87' lang='lat' dir='ltr'><strong>propria</strong></span> <span class='ocrx_word' id='word_1_367' title='bbox 1018 1556 1117 1622; x_wconf 85' lang='lat' dir='ltr'><strong>patitur</strong></span> <span class='ocrx_word' id='word_1_368' title='bbox 1129 1568 1214 1619; x_wconf 88' lang='lat' dir='ltr'><strong>spon·</strong></span> 
     </span>
     <span class='ocr_line' id='line_1_70' title="bbox 682 1622 1213 1694; baseline -0.011 -15"><span class='ocrx_word' id='word_1_369' title='bbox 682 1638 717 1689; x_wconf 88' lang='lat' dir='ltr'><strong>te,</strong></span> <span class='ocrx_word' id='word_1_370' title='bbox 742 1628 788 1678; x_wconf 82' lang='lat' dir='ltr'><strong>sed</strong></span> <span class='ocrx_word' id='word_1_371' title='bbox 812 1628 898 1694; x_wconf 84' lang='lat' dir='ltr'><strong>magis</strong></span> <span class='ocrx_word' id='word_1_372' title='bbox 920 1628 944 1678; x_wconf 92' lang='lat' dir='ltr'><strong>ei</strong></span> <span class='ocrx_word' id='word_1_373' title='bbox 968 1626 1137 1693; x_wconf 81' lang='lat' dir='ltr'><strong>applaudere.</strong></span> <span class='ocrx_word' id='word_1_374' title='bbox 1161 1622 1213 1674; x_wconf 90' lang='lat' dir='ltr'><strong>Ubi</strong></span> 
     </span>
     <span class='ocr_line' id='line_1_71' title="bbox 681 1697 1213 1765; baseline -0.008 -13"><span class='ocrx_word' id='word_1_375' title='bbox 681 1717 744 1753; x_wconf 91' lang='lat' dir='ltr'><strong>cum</strong></span> <span class='ocrx_word' id='word_1_376' title='bbox 765 1701 834 1751; x_wconf 90' lang='lat' dir='ltr'><strong>filias</strong></span> <span class='ocrx_word' id='word_1_377' title='bbox 853 1701 1000 1751; x_wconf 89' lang='lat' dir='ltr'><strong>Jerusalem</strong></span> <span class='ocrx_word' id='word_1_378' title='bbox 1018 1699 1142 1765; x_wconf 84' lang='lat' dir='ltr'><strong>appellat,</strong></span> <span class='ocrx_word' id='word_1_379' title='bbox 1164 1697 1213 1748; x_wconf 85' lang='lat' dir='ltr'><strong>da·</strong></span> 
     </span>
     <span class='ocr_line' id='line_1_72' title="bbox 682 1773 1213 1839; baseline -0.009 -14"><span class='ocrx_word' id='word_1_380' title='bbox 682 1786 726 1826; x_wconf 87' lang='lat' dir='ltr'><strong>tur</strong></span> <span class='ocrx_word' id='word_1_381' title='bbox 743 1773 858 1839; x_wconf 85' lang='lat' dir='ltr'><strong>intelligi</strong></span> <span class='ocrx_word' id='word_1_382' title='bbox 879 1774 952 1839; x_wconf 90' lang='lat' dir='ltr'><strong>quod</strong></span> <span class='ocrx_word' id='word_1_383' title='bbox 972 1789 1028 1822; x_wconf 90' lang='lat' dir='ltr'><strong>non</strong></span> <span class='ocrx_word' id='word_1_384' title='bbox 1043 1773 1132 1822; x_wconf 89' lang='lat' dir='ltr'><strong>solum</strong></span> <span class='ocrx_word' id='word_1_385' title='bbox 1151 1785 1213 1820; x_wconf 92' lang='lat' dir='ltr'><strong>mu-</strong></span> 
     </span>
     <span class='ocr_line' id='line_1_73' title="bbox 682 1844 1213 1903; baseline -0.011 -7"><span class='ocrx_word' id='word_1_386' title='bbox 682 1846 761 1896; x_wconf 89' lang='lat' dir='ltr'><strong>lieres</strong></span> <span class='ocrx_word' id='word_1_387' title='bbox 777 1845 810 1894; x_wconf 91' lang='lat' dir='ltr'><strong>de</strong></span> <span class='ocrx_word' id='word_1_388' title='bbox 823 1844 931 1894; x_wconf 82' lang='lat' dir='ltr'><strong>Galilaea</strong></span> <span class='ocrx_word' id='word_1_389' title='bbox 944 1859 1006 1894; x_wconf 90' lang='lat' dir='ltr'><strong>eum</strong></span> <span class='ocrx_word' id='word_1_390' title='bbox 1023 1851 1119 1893; x_wconf 79' lang='lat' dir='ltr'><strong>secutae</strong></span> <span class='ocrx_word' id='word_1_391' title='bbox 1134 1851 1213 1903; x_wconf 88' lang='lat' dir='ltr'><strong>sunt;</strong></span> 
     </span>
     <span class='ocr_line' id='line_1_74' title="bbox 682 1916 1214 1984; baseline -0.015 -12"><span class='ocrx_word' id='word_1_392' title='bbox 682 1920 730 1971; x_wconf 85' lang='lat' dir='ltr'><strong>sed</strong></span> <span class='ocrx_word' id='word_1_393' title='bbox 746 1918 828 1969; x_wconf 87' lang='lat' dir='ltr'><strong>etiam</strong></span> <span class='ocrx_word' id='word_1_394' title='bbox 841 1917 940 1984; x_wconf 86' lang='lat' dir='ltr'><strong>aliqure</strong></span> <span class='ocrx_word' id='word_1_395' title='bbox 954 1917 1081 1968; x_wconf 87' lang='lat' dir='ltr'><strong>mulieres</strong></span> <span class='ocrx_word' id='word_1_396' title='bbox 1095 1916 1214 1979; x_wconf 83' lang='lat' dir='ltr'><strong>ejusdem</strong></span> 
     </span>
     <span class='ocr_line' id='line_1_75' title="bbox 682 1987 1214 2054; baseline -0.011 -13"><span class='ocrx_word' id='word_1_397' title='bbox 682 1989 759 2041; x_wconf 88' lang='lat' dir='ltr'><strong>urbis</strong></span> <span class='ocrx_word' id='word_1_398' title='bbox 782 2005 830 2054; x_wconf 90' lang='lat' dir='ltr'><strong>per</strong></span> <span class='ocrx_word' id='word_1_399' title='bbox 848 1989 1019 2039; x_wconf 84' lang='lat' dir='ltr'><strong>devotionem</strong></span> <span class='ocrx_word' id='word_1_400' title='bbox 1043 1987 1068 2038; x_wconf 90' lang='lat' dir='ltr'><strong>ei</strong></span> <span class='ocrx_word' id='word_1_401' title='bbox 1092 1987 1214 2036; x_wconf 87' lang='lat' dir='ltr'><strong>adhaese·</strong></span> 
     </span>
     <span class='ocr_line' id='line_1_76' title="bbox 683 2055 1215 2126; baseline -0.011 -15"><span class='ocrx_word' id='word_1_402' title='bbox 683 2070 755 2111; x_wconf 88' lang='lat' dir='ltr'><strong>runt.</strong></span> <span class='ocrx_word' id='word_1_403' title='bbox 775 2061 883 2126; x_wconf 88' lang='lat' dir='ltr'><strong>Typum</strong></span> <span class='ocrx_word' id='word_1_404' title='bbox 905 2059 1030 2125; x_wconf 84' lang='lat' dir='ltr'><strong>gerebant</strong></span> <span class='ocrx_word' id='word_1_405' title='bbox 1044 2057 1102 2108; x_wconf 88' lang='lat' dir='ltr'><strong>istae</strong></span> <span class='ocrx_word' id='word_1_406' title='bbox 1115 2055 1215 2106; x_wconf 87' lang='lat' dir='ltr'><strong>mulie-</strong></span> 
     </span>
     <span class='ocr_line' id='line_1_77' title="bbox 683 2128 1215 2196; baseline -0.013 -13"><span class='ocrx_word' id='word_1_407' title='bbox 683 2148 725 2183; x_wconf 88' lang='lat' dir='ltr'><strong>res</strong></span> <span class='ocrx_word' id='word_1_408' title='bbox 744 2147 848 2191; x_wconf 87' lang='lat' dir='ltr'><strong>eorum,</strong></span> <span class='ocrx_word' id='word_1_409' title='bbox 866 2130 913 2196; x_wconf 90' lang='lat' dir='ltr'><strong>qui</strong></span> <span class='ocrx_word' id='word_1_410' title='bbox 935 2130 995 2179; x_wconf 88' lang='lat' dir='ltr'><strong>aliis</strong></span> <span class='ocrx_word' id='word_1_411' title='bbox 1015 2128 1215 2192; x_wconf 87' lang='lat' dir='ltr'><strong>compatiuntur</strong></span> 
     </span>
     <span class='ocr_line' id='line_1_78' title="bbox 683 2198 1215 2260; baseline -0.017 -4"><span class='ocrx_word' id='word_1_412' title='bbox 683 2215 709 2256; x_wconf 89' lang='lat' dir='ltr'><strong>et</strong></span> <span class='ocrx_word' id='word_1_413' title='bbox 727 2203 898 2260; x_wconf 87' lang='lat' dir='ltr'><strong>miserentur,</strong></span> <span class='ocrx_word' id='word_1_414' title='bbox 920 2202 967 2251; x_wconf 85' lang='lat' dir='ltr'><strong>sed</strong></span> <span class='ocrx_word' id='word_1_415' title='bbox 984 2216 1038 2250; x_wconf 91' lang='lat' dir='ltr'><strong>non</strong></span> <span class='ocrx_word' id='word_1_416' title='bbox 1060 2199 1124 2258; x_wconf 87' lang='lat' dir='ltr'><strong>sibi,</strong></span> <span class='ocrx_word' id='word_1_417' title='bbox 1145 2198 1215 2248; x_wconf 85' lang='lat' dir='ltr'><strong>alio-</strong></span> 
     </span>
     <span class='ocr_line' id='line_1_79' title="bbox 684 2273 1214 2340; baseline -0.017 -14"><span class='ocrx_word' id='word_1_418' title='bbox 684 2291 744 2326; x_wconf 89' lang='lat' dir='ltr'><strong>rum</strong></span> <span class='ocrx_word' id='word_1_419' title='bbox 759 2283 864 2340; x_wconf 86' lang='lat' dir='ltr'><strong>peccata</strong></span> <span class='ocrx_word' id='word_1_420' title='bbox 877 2273 1017 2337; x_wconf 85' lang='lat' dir='ltr'><strong>deplorant</strong></span> <span class='ocrx_word' id='word_1_421' title='bbox 1040 2279 1066 2319; x_wconf 85' lang='lat' dir='ltr'><strong>et</strong></span> <span class='ocrx_word' id='word_1_422' title='bbox 1082 2276 1214 2328; x_wconf 83' lang='lat' dir='ltr'><strong>accusant,</strong></span> 
     </span>
     <span class='ocr_line' id='line_1_80' title="bbox 684 2343 1214 2402; baseline -0.017 -4"><span class='ocrx_word' id='word_1_423' title='bbox 684 2348 730 2398; x_wconf 86' lang='lat' dir='ltr'><strong>sed</strong></span> <span class='ocrx_word' id='word_1_424' title='bbox 748 2348 784 2396; x_wconf 91' lang='lat' dir='ltr'><strong>de</strong></span> <span class='ocrx_word' id='word_1_425' title='bbox 805 2343 862 2394; x_wconf 87' lang='lat' dir='ltr'><strong>suis</strong></span> <span class='ocrx_word' id='word_1_426' title='bbox 883 2343 1005 2392; x_wconf 88' lang='lat' dir='ltr'><strong>moribus</strong></span> <span class='ocrx_word' id='word_1_427' title='bbox 1026 2356 1082 2390; x_wconf 91' lang='lat' dir='ltr'><strong>non</strong></span> <span class='ocrx_word' id='word_1_428' title='bbox 1105 2349 1214 2402; x_wconf 63' lang='lat' dir='ltr'><strong>curarim</strong></span> 
     </span>
     <span class='ocr_line' id='line_1_81' title="bbox 683 2408 1214 2480; baseline -0.019 -12"><span class='ocrx_word' id='word_1_429' title='bbox 683 2426 777 2468; x_wconf 87' lang='lat' dir='ltr'><strong>contra</strong></span> <span class='ocrx_word' id='word_1_430' title='bbox 794 2413 867 2480; x_wconf 88' lang='lat' dir='ltr'><strong>quod</strong></span> <span class='ocrx_word' id='word_1_431' title='bbox 883 2412 982 2462; x_wconf 87' lang='lat' dir='ltr'><strong>dicitur</strong></span> <span class='ocrx_word' id='word_1_432' title='bbox 995 2411 1023 2460; x_wconf 95' lang='lat' dir='ltr'><strong>in</strong></span> <span class='ocrx_word' id='word_1_433' title='bbox 1043 2408 1214 2460; x_wconf 80' lang='lat' dir='ltr'><strong>Ecclesiasti-</strong></span> 
     </span>
     <span class='ocr_line' id='line_1_82' title="bbox 684 2479 1216 2547; baseline -0.015 -9"><span class='ocrx_word' id='word_1_434' title='bbox 684 2505 715 2538; x_wconf 94' lang='lat' dir='ltr'><strong>co</strong></span> <span class='ocrx_word' id='word_1_435' title='bbox 738 2502 745 2537; x_wconf 88' lang='lat'>:</span> <span class='ocrx_word' id='word_1_436' title='bbox 765 2485 900 2537; x_wconf 80' lang='lat' dir='ltr'><strong>Miserere</strong></span> <span class='ocrx_word' id='word_1_437' title='bbox 916 2483 1015 2532; x_wconf 82' lang='lat' dir='ltr'><strong>animae</strong></span> <span class='ocrx_word' id='word_1_438' title='bbox 1034 2487 1088 2532; x_wconf 77' lang='lat' dir='ltr'><strong>luoe</strong></span> <span class='ocrx_word' id='word_1_439' title='bbox 1103 2479 1216 2547; x_wconf 67' lang='lat' dir='ltr'><strong>pimus</strong></span> 
     </span>
     <span class='ocr_line' id='line_1_83' title="bbox 684 2552 1216 2620; baseline -0.015 -10"><span class='ocrx_word' id='word_1_440' title='bbox 684 2561 750 2610; x_wconf 85' lang='lat' dir='ltr'><strong>Deo.</strong></span> <span class='ocrx_word' id='word_1_441' title='bbox 772 2557 833 2607; x_wconf 90' lang='lat' dir='ltr'><strong>Non</strong></span> <span class='ocrx_word' id='word_1_442' title='bbox 852 2570 917 2620; x_wconf 86' lang='lat' dir='ltr'><strong>ergo</strong></span> <span class='ocrx_word' id='word_1_443' title='bbox 940 2553 1067 2619; x_wconf 82' lang='lat' dir='ltr'><strong>prohibet</strong></span> <span class='ocrx_word' id='word_1_444' title='bbox 1082 2552 1216 2603; x_wconf 85' lang='lat' dir='ltr'><strong>Dominus</strong></span> 
     </span>
     <span class='ocr_line' id='line_1_84' title="bbox 684 2626 1215 2697; baseline -0.013 -15"><span class='ocrx_word' id='word_1_445' title='bbox 684 2629 909 2697; x_wconf 84' lang='lat' dir='ltr'><strong>compassionem,</strong></span> <span class='ocrx_word' id='word_1_446' title='bbox 928 2628 975 2678; x_wconf 91' lang='lat' dir='ltr'><strong>sed</strong></span> <span class='ocrx_word' id='word_1_447' title='bbox 997 2626 1118 2693; x_wconf 76' lang='lat' dir='ltr'><strong>praedicit</strong></span> <span class='ocrx_word' id='word_1_448' title='bbox 1135 2626 1215 2676; x_wconf 87' lang='lat' dir='ltr'><strong>aliam</strong></span> 
     </span>
     <span class='ocr_line' id='line_1_85' title="bbox 684 2697 1215 2769; baseline -0.013 -17"><span class='ocrx_word' id='word_1_449' title='bbox 684 2703 771 2752; x_wconf 82' lang='lat' dir='ltr'><strong>luctus</strong></span> <span class='ocrx_word' id='word_1_450' title='bbox 787 2715 905 2769; x_wconf 78' lang='lat' dir='ltr'><strong>causam.</strong></span> <span class='ocrx_word' id='word_1_451' title='bbox 925 2699 1003 2750; x_wconf 93' lang='lat' dir='ltr'><strong>Unde</strong></span> <span class='ocrx_word' id='word_1_452' title='bbox 1017 2697 1215 2763; x_wconf 84' lang='lat' dir='ltr'><strong>subjungitur:</strong></span> 
     </span>
     <span class='ocr_line' id='line_1_86' title="bbox 685 2770 1215 2838; baseline -0.017 -13"><span class='ocrx_word' id='word_1_453' title='bbox 685 2773 741 2825; x_wconf 81' lang='lat' dir='ltr'><strong>Sed</strong></span> <span class='ocrx_word' id='word_1_454' title='bbox 753 2787 836 2838; x_wconf 80' lang='lat' dir='ltr'><strong>super</strong></span> <span class='ocrx_word' id='word_1_455' title='bbox 851 2785 898 2822; x_wconf 82' lang='lat' dir='ltr'><strong>vos</strong></span> <span class='ocrx_word' id='word_1_456' title='bbox 915 2772 990 2837; x_wconf 63' lang='lat' dir='ltr'><strong>ipisus</strong></span> <span class='ocrx_word' id='word_1_457' title='bbox 1004 2770 1078 2836; x_wconf 85' lang='lat' dir='ltr'><strong>flete,</strong></span> <span class='ocrx_word' id='word_1_458' title='bbox 1093 2775 1119 2819; x_wconf 82' lang='lat' dir='ltr'><strong>et</strong></span> <span class='ocrx_word' id='word_1_459' title='bbox 1133 2781 1215 2833; x_wconf 80' lang='lat' dir='ltr'><strong>super</strong></span> 
     </span>
     <span class='ocr_line' id='line_1_87' title="bbox 678 2838 1215 2912; baseline -0.013 -18"><span class='ocrx_word' id='word_1_460' title='bbox 678 2845 757 2912; x_wconf 83' lang='lat' dir='ltr'><strong>filios</strong></span> <span class='ocrx_word' id='word_1_461' title='bbox 775 2851 889 2906; x_wconf 74' lang='lat' dir='ltr'><strong>vestros,</strong></span> <span class='ocrx_word' id='word_1_462' title='bbox 914 2855 940 2894; x_wconf 87' lang='lat' dir='ltr'><strong>et</strong></span> <span class='ocrx_word' id='word_1_463' title='bbox 960 2857 1041 2907; x_wconf 90' lang='lat' dir='ltr'><strong>super</strong></span> <span class='ocrx_word' id='word_1_464' title='bbox 1061 2838 1215 2891; x_wconf 84' lang='lat' dir='ltr'><strong>imminenti</strong></span> 
     </span>
     <span class='ocr_line' id='line_1_88' title="bbox 685 2913 1214 2979; baseline -0.015 -12"><span class='ocrx_word' id='word_1_465' title='bbox 685 2916 788 2967; x_wconf 86' lang='lat' dir='ltr'><strong>excidio</strong></span> <span class='ocrx_word' id='word_1_466' title='bbox 802 2916 878 2965; x_wconf 89' lang='lat' dir='ltr'><strong>urbis</strong></span> <span class='ocrx_word' id='word_1_467' title='bbox 892 2924 918 2964; x_wconf 90' lang='lat' dir='ltr'><strong>et</strong></span> <span class='ocrx_word' id='word_1_468' title='bbox 933 2913 1021 2979; x_wconf 87' lang='lat' dir='ltr'><strong>gentis</strong></span> <span class='ocrx_word' id='word_1_469' title='bbox 1033 2923 1140 2973; x_wconf 83' lang='lat' dir='ltr'><strong>vestrae;</strong></span> <span class='ocrx_word' id='word_1_470' title='bbox 1157 2924 1214 2959; x_wconf 80' lang='lat' dir='ltr'><strong>ros·</strong></span> 
     </span>
     <span class='ocr_line' id='line_1_89' title="bbox 685 2979 1215 3053; baseline -0.017 -15"><span class='ocrx_word' id='word_1_471' title='bbox 685 3003 738 3053; x_wconf 89' lang='lat' dir='ltr'><strong>que</strong></span> <span class='ocrx_word' id='word_1_472' title='bbox 750 2987 821 3052; x_wconf 87' lang='lat' dir='ltr'><strong>ipsas</strong></span> <span class='ocrx_word' id='word_1_473' title='bbox 834 2997 860 3035; x_wconf 89' lang='lat' dir='ltr'><strong>et</strong></span> <span class='ocrx_word' id='word_1_474' title='bbox 874 2995 987 3034; x_wconf 86' lang='lat' dir='ltr'><strong>vestram</strong></span> <span class='ocrx_word' id='word_1_475' title='bbox 1001 2981 1155 3048; x_wconf 88' lang='lat' dir='ltr'><strong>progeniem</strong></span> <span class='ocrx_word' id='word_1_476' title='bbox 1169 2979 1215 3029; x_wconf 83' lang='lat' dir='ltr'><strong>di-</strong></span> 
     </span>
     <span class='ocr_line' id='line_1_90' title="bbox 686 3053 1214 3126; baseline -0.013 -16"><span class='ocrx_word' id='word_1_477' title='bbox 686 3061 747 3126; x_wconf 88' lang='lat' dir='ltr'><strong>gnis</strong></span> <span class='ocrx_word' id='word_1_478' title='bbox 768 3060 948 3124; x_wconf 85' lang='lat' dir='ltr'><strong>lacrymarum</strong></span> <span class='ocrx_word' id='word_1_479' title='bbox 971 3056 1078 3105; x_wconf 87' lang='lat' dir='ltr'><strong>fletibus</strong></span> <span class='ocrx_word' id='word_1_480' title='bbox 1103 3053 1214 3112; x_wconf 80' lang='lat' dir='ltr'><strong>abluite,</strong></span> 
     </span>
     <span class='ocr_line' id='line_1_91' title="bbox 687 3125 1217 3181; baseline -0.015 0"><span class='ocrx_word' id='word_1_481' title='bbox 687 3146 720 3181; x_wconf 91' lang='lat' dir='ltr'><strong>ne</strong></span> <span class='ocrx_word' id='word_1_482' title='bbox 731 3130 761 3180; x_wconf 91' lang='lat' dir='ltr'><strong>in</strong></span> <span class='ocrx_word' id='word_1_483' title='bbox 774 3129 905 3179; x_wconf 90' lang='lat' dir='ltr'><strong>ultionem</strong></span> <span class='ocrx_word' id='word_1_484' title='bbox 921 3141 987 3176; x_wconf 87' lang='lat' dir='ltr'><strong>meae</strong></span> <span class='ocrx_word' id='word_1_485' title='bbox 1001 3125 1096 3174; x_wconf 91' lang='lat' dir='ltr'><strong>mortis</strong></span> <span class='ocrx_word' id='word_1_486' title='bbox 1108 3125 1217 3174; x_wconf 87' lang='lat' dir='ltr'><strong>damno·</strong></span> 
     </span>
     <span class='ocr_line' id='line_1_92' title="bbox 686 3196 1216 3263; baseline -0.009 -12"><span class='ocrx_word' id='word_1_487' title='bbox 686 3200 754 3251; x_wconf 91' lang='lat' dir='ltr'><strong>mini</strong></span> <span class='ocrx_word' id='word_1_488' title='bbox 766 3201 845 3251; x_wconf 87' lang='lat' dir='ltr'><strong>etiarn</strong></span> <span class='ocrx_word' id='word_1_489' title='bbox 858 3214 919 3249; x_wconf 88' lang='lat' dir='ltr'><strong>cum</strong></span> <span class='ocrx_word' id='word_1_490' title='bbox 935 3196 1052 3263; x_wconf 86' lang='lat' dir='ltr'><strong>perfidis.</strong></span> <span class='ocrx_word' id='word_1_491' title='bbox 1065 3197 1216 3246; x_wconf 85' lang='lat' dir='ltr'><strong>Secundum</strong></span> 
     </span>
     <span class='ocr_line' id='line_1_93' title="bbox 686 3267 1218 3332; baseline -0.009 -11"><span class='ocrx_word' id='word_1_492' title='bbox 686 3286 797 3321; x_wconf 88' lang='lat' dir='ltr'><strong>sensum</strong></span> <span class='ocrx_word' id='word_1_493' title='bbox 821 3270 971 3328; x_wconf 85' lang='lat' dir='ltr'><strong>litteralem,</strong></span> <span class='ocrx_word' id='word_1_494' title='bbox 986 3267 1064 3318; x_wconf 84' lang='lat' dir='ltr'><strong>fletus</strong></span> <span class='ocrx_word' id='word_1_495' title='bbox 1087 3267 1119 3316; x_wconf 87' lang='lat' dir='ltr'><strong>ad</strong></span> <span class='ocrx_word' id='word_1_496' title='bbox 1135 3280 1218 3332; x_wconf 80' lang='lat' dir='ltr'><strong>quern</strong></span> 
     </span>
     <span class='ocr_line' id='line_1_94' title="bbox 686 3337 1218 3403; baseline -0.013 -11"><span class='ocrx_word' id='word_1_497' title='bbox 686 3341 792 3392; x_wconf 84' lang='lat' dir='ltr'><strong>induxit</strong></span> <span class='ocrx_word' id='word_1_498' title='bbox 803 3340 928 3391; x_wconf 87' lang='lat' dir='ltr'><strong>Christus</strong></span> <span class='ocrx_word' id='word_1_499' title='bbox 940 3338 1075 3397; x_wconf 84' lang='lat' dir='ltr'><strong>mulieres,</strong></span> <span class='ocrx_word' id='word_1_500' title='bbox 1087 3337 1140 3387; x_wconf 84' lang='lat' dir='ltr'><strong>fuit</strong></span> <span class='ocrx_word' id='word_1_501' title='bbox 1154 3351 1218 3403; x_wconf 83' lang='lat' dir='ltr'><strong>pro·</strong></span> 
     </span>
     <span class='ocr_line' id='line_1_95' title="bbox 687 3410 1219 3477; baseline -0.009 -15"><span class='ocrx_word' id='word_1_502' title='bbox 687 3423 746 3477; x_wconf 83' lang='lat' dir='ltr'><strong>pter</strong></span> <span class='ocrx_word' id='word_1_503' title='bbox 766 3410 902 3461; x_wconf 87' lang='lat' dir='ltr'><strong>miseriam</strong></span> <span class='ocrx_word' id='word_1_504' title='bbox 920 3426 966 3476; x_wconf 91' lang='lat' dir='ltr'><strong>per</strong></span> <span class='ocrx_word' id='word_1_505' title='bbox 981 3410 1117 3460; x_wconf 88' lang='lat' dir='ltr'><strong>Romanos</strong></span> <span class='ocrx_word' id='word_1_506' title='bbox 1136 3423 1219 3474; x_wconf 84' lang='lat' dir='ltr'><strong>super</strong></span> 
     </span>
     <span class='ocr_line' id='line_1_96' title="bbox 687 3480 1221 3548; baseline -0.011 -12"><span class='ocrx_word' id='word_1_507' title='bbox 687 3485 793 3536; x_wconf 85' lang='lat' dir='ltr'><strong>ludaeos</strong></span> <span class='ocrx_word' id='word_1_508' title='bbox 811 3495 965 3548; x_wconf 87' lang='lat' dir='ltr'><strong>venturam;</strong></span> <span class='ocrx_word' id='word_1_509' title='bbox 990 3493 1016 3533; x_wconf 89' lang='lat' dir='ltr'><strong>et</strong></span> <span class='ocrx_word' id='word_1_510' title='bbox 1039 3483 1085 3533; x_wconf 87' lang='lat' dir='ltr'><strong>illa</strong></span> <span class='ocrx_word' id='word_1_511' title='bbox 1111 3480 1221 3531; x_wconf 87' lang='lat' dir='ltr'><strong>miseria</strong></span> 
     </span>
     <span class='ocr_line' id='line_1_97' title="bbox 686 3551 1220 3620; baseline -0.007 -16"><span class='ocrx_word' id='word_1_512' title='bbox 686 3554 772 3620; x_wconf 86' lang='lat' dir='ltr'><strong>figura</strong></span> <span class='ocrx_word' id='word_1_513' title='bbox 788 3553 840 3604; x_wconf 88' lang='lat' dir='ltr'><strong>fuit</strong></span> <span class='ocrx_word' id='word_1_514' title='bbox 856 3555 972 3604; x_wconf 80' lang='lat' dir='ltr'><strong>miseriae</strong></span> <span class='ocrx_word' id='word_1_515' title='bbox 992 3569 1073 3620; x_wconf 88' lang='lat' dir='ltr'><strong>super</strong></span> <span class='ocrx_word' id='word_1_516' title='bbox 1093 3551 1220 3602; x_wconf 84' lang='lat' dir='ltr'><strong>incredu-</strong></span> 
     </span>
     <span class='ocr_line' id='line_1_98' title="bbox 687 3625 1220 3692; baseline -0.009 -16"><span class='ocrx_word' id='word_1_517' title='bbox 687 3627 728 3676; x_wconf 90' lang='lat' dir='ltr'><strong>los</strong></span> <span class='ocrx_word' id='word_1_518' title='bbox 742 3641 790 3691; x_wconf 89' lang='lat' dir='ltr'><strong>per</strong></span> <span class='ocrx_word' id='word_1_519' title='bbox 810 3625 921 3690; x_wconf 86' lang='lat' dir='ltr'><strong>spiritus</strong></span> <span class='ocrx_word' id='word_1_520' title='bbox 938 3626 1071 3692; x_wconf 83' lang='lat' dir='ltr'><strong>malignos</strong></span> <span class='ocrx_word' id='word_1_521' title='bbox 1090 3633 1220 3684; x_wconf 72' lang='lat' dir='ltr'><strong>rentum,</strong></span> 
     </span>
     <span class='ocr_line' id='line_1_99' title="bbox 688 3697 1221 3765; baseline -0.009 -17"><span class='ocrx_word' id='word_1_522' title='bbox 688 3698 762 3763; x_wconf 86' lang='lat' dir='ltr'><strong>cujus</strong></span> <span class='ocrx_word' id='word_1_523' title='bbox 777 3697 900 3765; x_wconf 77' lang='lat' dir='ltr'><strong>evasione</strong></span> <span class='ocrx_word' id='word_1_524' title='bbox 917 3697 1035 3747; x_wconf 88' lang='lat' dir='ltr'><strong>flendum</strong></span> <span class='ocrx_word' id='word_1_525' title='bbox 1047 3706 1096 3757; x_wconf 92' lang='lat' dir='ltr'><strong>est,</strong></span> <span class='ocrx_word' id='word_1_526' title='bbox 1108 3705 1221 3746; x_wconf 83' lang='lat' dir='ltr'><strong>etoren·</strong></span> 
     </span>
     <span class='ocr_line' id='line_1_100' title="bbox 689 3765 1220 3832; baseline -0.009 -13"><span class='ocrx_word' id='word_1_527' title='bbox 689 3769 754 3819; x_wconf 88' lang='lat' dir='ltr'><strong>dum</strong></span> <span class='ocrx_word' id='word_1_528' title='bbox 776 3779 839 3819; x_wconf 81' lang='lat' dir='ltr'><strong>ante</strong></span> <span class='ocrx_word' id='word_1_529' title='bbox 866 3769 1014 3819; x_wconf 85' lang='lat' dir='ltr'><strong>terminum</strong></span> <span class='ocrx_word' id='word_1_530' title='bbox 1039 3769 1120 3832; x_wconf 81' lang='lat' dir='ltr'><strong>hujus</strong></span> <span class='ocrx_word' id='word_1_531' title='bbox 1148 3765 1220 3816; x_wconf 75' lang='lat' dir='ltr'><strong>vitre.</strong></span> 
     </span>
     <span class='ocr_line' id='line_1_101' title="bbox 691 3833 1222 3901; baseline -0.017 -9"><span class='ocrx_word' id='word_1_532' title='bbox 691 3840 823 3901; x_wconf 85' lang='lat' dir='ltr'><strong>Quoniam</strong></span> <span class='ocrx_word' id='word_1_533' title='bbox 842 3855 901 3891; x_wconf 84' lang='lat' dir='ltr'><strong>ecce</strong></span> <span class='ocrx_word' id='word_1_534' title='bbox 918 3839 1020 3890; x_wconf 80' lang='lat' dir='ltr'><strong>venient</strong></span> <span class='ocrx_word' id='word_1_535' title='bbox 1034 3838 1100 3900; x_wconf 80' lang='lat' dir='ltr'><strong>dier,</strong></span> <span class='ocrx_word' id='word_1_536' title='bbox 1122 3833 1222 3887; x_wconf 83' lang='lat' dir='ltr'><strong>scilieet</strong></span> 
     </span>
     <span class='ocr_line' id='line_1_102' title="bbox 689 3906 1219 3978; baseline -0.015 -16"><span class='ocrx_word' id='word_1_537' title='bbox 689 3911 896 3978; x_wconf 83' lang='lat' dir='ltr'><strong>quadragesimo</strong></span> <span class='ocrx_word' id='word_1_538' title='bbox 907 3925 976 3961; x_wconf 87' lang='lat' dir='ltr'><strong>anno</strong></span> <span class='ocrx_word' id='word_1_539' title='bbox 988 3917 1049 3974; x_wconf 90' lang='lat' dir='ltr'><strong>post</strong></span> <span class='ocrx_word' id='word_1_540' title='bbox 1066 3906 1219 3957; x_wconf 86' lang='lat' dir='ltr'><strong>Passionem</strong></span> 
     </span>
    </p>
   </div>
   <div class='ocr_carea' id='block_1_12' title="bbox 682 4130 691 4158">
    <p class='ocr_par' dir='ltr' id='par_1_13' title="bbox 682 4130 691 4158">
     <span class='ocr_line' id='line_1_103' title="bbox 682 4130 691 4158; baseline 0 0"><span class='ocrx_word' id='word_1_541' title='bbox 682 4130 691 4158; x_wconf 77' lang='lat' dir='ltr'><strong>l</strong></span> 
     </span>
    </p>
   </div>
   <div class='ocr_carea' id='block_1_13' title="bbox 0 0 1329 4328">
    <p class='ocr_par' dir='ltr' id='par_1_14' title="bbox 0 0 1329 4328">
     <span class='ocr_line' id='line_1_104' title="bbox 0 0 1329 4328; baseline 0 0"><span class='ocrx_word' id='word_1_542' title='bbox 0 0 1329 4328; x_wconf 95' lang='lat' dir='ltr'><strong> </strong></span> 
     </span>
    </p>
   </div>
  </div>
 </body>
</html>
