2626 4328
286 231 334 280 DE
349 230 472 290 SEXTA,
489 229 523 278 IN
543 227 711 278 PASSIONE
729 229 865 280 DOMINI.

62 347 159 397 ninam
181 362 325 412 personam
346 361 407 413 quae
430 361 555 413 peccave-

61 459 68 479 ,
91 428 201 485 gustato
224 418 301 485 ligno
327 418 420 479 vetito,
446 435 479 469 ex
502 433 556 484 qua

62 500 146 541 unata
163 499 221 540 erat
243 490 348 556 generis
364 489 476 540 humani
492 505 556 555 pro-

62 560 136 626 gatio.
161 561 192 610 In
211 560 263 610 hoc
275 560 356 610 etiam
375 571 439 625 potu
454 576 555 620 amaro,

62 630 103 681 Iaei
118 630 328 681 amaritudinem
346 646 402 680 suae
423 646 555 696 perversae

62 701 170 751 luntatis
184 701 371 760 ostenderunt,
391 702 455 768 quia
469 716 555 767 quan-

62 790 82 822 n
92 783 227 839 poterant,
238 783 343 823 tantum
358 774 381 824 ei
397 784 555 824 nocuerunt.

62 884 63 891 ,
75 862 194 912 quorum
207 847 320 908 malitia,
337 847 374 897 sic
388 846 453 898 dicit
470 848 557 915 Chry·

62 925 157 969 atomus
181 936 190 969 .·
211 918 287 968 «Tu
311 929 400 969 autem
421 919 489 969 mihi
515 931 557 970 te-

62 990 175 1041 rritatem
199 1006 295 1040 eorum
323 990 369 1056 qui
399 991 557 1042 assistebant

62 1063 119 1127 gita.
136 1064 169 1113 Et
187 1062 211 1113 si
230 1063 322 1112 decem
343 1063 429 1114 millia
444 1065 556 1114 habueri

63 1148 91 1182 us
103 1132 289 1192 inimicorum,
315 1143 341 1182 et
355 1133 377 1183 si
395 1134 556 1184 insanabiIIa

62 1203 98 1253 issi
112 1221 219 1266 sumus,
234 1204 355 1256 videntes
379 1221 425 1256 eos
443 1205 555 1256 interfici

62 1275 175 1338 :crimur3
201 1275 230 1325 hi
260 1291 323 1326 vero
347 1292 434 1342 neque
458 1276 487 1326 in
514 1276 557 1327 his

62 1359 91 1394 rae
100 1347 225 1396 videbant
247 1344 308 1396 facti
325 1357 389 1396 sunt
413 1347 556 1411 mansueti,

62 1418 78 1464 a
96 1419 239 1470 saeviebant
263 1419 348 1484 magis
373 1430 398 1469 et
423 1420 556 1470 insaniam

62 1489 199 1539 tendebant
215 1499 242 1538 et
256 1489 396 1555 spongiam
416 1489 557 1540 afferentes

62 1571 100 1610 ato
112 1562 239 1626 potabant
255 1578 261 1611 :
277 1581 290 1608 u
309 1561 366 1612 haec
387 1563 557 1630 chrysosto-

62 1647 95 1683 ur,
115 1635 203 1694 Unde,
219 1635 367 1684 secundum
390 1635 556 1701 Remigium,

62 1703 84 1751 >si
93 1705 170 1756 Judaei
182 1714 258 1755 erant
269 1717 382 1768 acetum,
396 1706 557 1772 degeneran-

62 1775 185 1826 savino
208 1775 424 1826 Patriarcharum
445 1788 472 1826 et
491 1777 557 1826 Pro-

63 1842 169 1895 hetarum
184 1845 213 1894 in
228 1857 345 1908 acetum,
359 1846 385 1896 id
402 1858 442 1897 est
456 1847 483 1896 in
497 1863 557 1898 ma-

62 1914 111 1966 tiam
141 1929 167 1968 et
197 1917 396 1980 crudelitatem,
427 1920 557 1970 habentes

61 1987 195 2038 ‘audulenta
215 1989 306 2048 corda,
322 1989 398 2054 quasi
414 1991 557 2056 spongiam

62 2061 177 2112 ivernosis
189 2072 271 2128 atque
281 2063 411 2113 tortuosis
427 2065 556 2115 latibulis.

62 2129 79 2178 lb
88 2129 132 2181 hoc
147 2131 287 2198 signanter
298 2131 334 2182 fel
346 2149 407 2182 cum
418 2144 490 2185 aceto
505 2135 557 2185 sibi

62 2214 215 2264 arrexerunt,
232 2215 262 2254 ut
278 2204 307 2254 in
325 2207 455 2257 omnibus
471 2209 558 2258 sensi-

62 2287 83 2322 us
94 2273 180 2339 ipsum
201 2274 383 2325 amaritudine
404 2278 557 2343 replerent:

63 2358 82 2392 tn
94 2344 162 2393 euim
174 2342 280 2394 velatus
290 2343 376 2395 fuerat
390 2347 484 2410 oculis,
498 2364 559 2398 con-

62 2428 76 2463 a
88 2414 151 2480 ligni
166 2414 244 2464 vetiti
258 2430 395 2480 procacem
412 2417 556 2480 visionem,

62 2499 85 2533 m
102 2485 224 2536 maxillas
245 2485 303 2549 ejus
324 2487 426 2553 pugnis
447 2489 558 2540 attrive-

62 2567 98 2616 nrt,
108 2566 199 2607 contra
216 2557 291 2622 pomi
309 2559 385 2609 vetiti
401 2561 561 2612 masticatio-

62 2641 101 2691 tm,
111 2628 163 2693 iam
174 2628 277 2678 collum
286 2629 344 2694 ejus
357 2631 441 2696 alapis
457 2633 561 2682 caecide-

62 2709 99 2759 rat,
109 2710 198 2750 contra
209 2699 261 2749 cibi
272 2700 347 2750 vetiti
360 2703 559 2768 trajectionem;

62 2768 116 2819 ›lum
131 2769 248 2820 restabat
261 2780 328 2820 oser
339 2786 415 2822 nares
432 2773 558 2840 affligere,

62 2838 125 2891 :ideo
134 2857 212 2892 nares
222 2840 326 2890 Christi
342 2842 495 2909 affligebant
504 2856 559 2896 tam

62 2911 185 2964 rdaverum
197 2911 302 2972 foetore,
320 2929 401 2978 quam
411 2916 477 2966 aceti
492 2918 559 2968 odo-

62 2996 77 3045 r,
93 2999 197 3036 osvero
220 2981 384 3048 affligebant,
400 2985 470 3037 fellis
483 3003 560 3038 ama-

62 3051 155 3107 itudine.
175 3057 211 3105 At
237 3052 296 3119 ipse
320 3067 426 3107 acetum
449 3058 560 3124 quidem

62 3128 138 3191 acepit,
153 3143 208 3177 non
226 3138 256 3178 ut
273 3128 392 3194 biberet;
408 3129 454 3180 sed
467 3140 560 3196 gusta-

63 3192 85 3257 it,
97 3209 124 3248 ut
141 3200 323 3266 Scripturam,
338 3215 385 3250 seu
403 3202 476 3267 quod
492 3201 560 3250 scri-

62 3275 186 3332 tumeret,
202 3273 371 3338 adimpleret.
384 3274 417 3323 Et
431 3273 493 3340 quia
503 3273 559 3336 Eli,

62 3335 87 3389 '2⁹11'
109 3345 276 3407 clamaverat,
306 3345 396 3405 ceteri,
420 3355 514 3410 potum
537 3347 561 3396 ei

62 3407 132 3476 butes,
147 3417 293 3466 dicebant:
312 3418 386 3477 Sine,
404 3417 430 3466 id
450 3429 490 3467 est
513 3435 561 3470 ex-

62 3492 127 3548 lletta,
136 3488 284 3552 videamur,
294 3503 340 3552 per
350 3489 563 3553 experimentum

62 3563 80 3600 tt
89 3558 170 3608 veniat
180 3559 263 3609 Elias
277 3560 396 3609 liberans
410 3574 477 3610 eum.
494 3561 563 3620 Quia

62 3635 101 3675 Ino
111 3645 201 3680 vocem
217 3631 327 3680 Domini
343 3631 412 3682 male
425 3631 563 3683 intellexe-

62 3704 117 3748 ant:
133 3716 189 3751 non
205 3701 281 3752 enim
300 3701 373 3763 Eliae,
387 3702 433 3752 sed
449 3703 505 3753 Deo
520 3703 563 3753 lo·

62 3771 174 3836 tuebatur,
195 3775 256 3826 ideo
279 3775 378 3827 frustra
398 3788 424 3827 et
448 3777 564 3828 inaniter
597 3821 600 3827 .

62 3836 177 3896 *dicatum
199 3846 265 3897 Eliae
285 3848 481 3913 exspectabant.
496 3847 564 3898 Ecce

101 3960 165 4014 Vim
179 3964 243 4016 Jasu
258 3963 474 4028 Cua1sr1,rouus
495 3965 538 4015 IV.

1083 231 1137 299 599

610 346 698 410 qualis
719 361 793 397 coena
817 347 930 398 dabatur
953 347 1072 398 Domino
1090 365 1143 399 no-

610 427 679 481 stro;
697 416 763 467 hora
774 427 864 468 autem
875 419 929 482 jam
946 419 1079 483 coenandi,
1093 422 1139 471 sed

611 503 664 552 prae
692 488 783 539 labore
811 501 838 539 et
868 490 963 539 dolore
990 506 1045 539 non
1074 491 1140 556 petit

609 559 682 608 aliud
703 575 750 625 pro
770 576 845 611 coena
860 561 913 644 aigi
925 572 1028 626 potum,
1044 571 1077 611 et·
1093 561 1143 612 filii

609 632 712 681 diaboli
726 633 858 682 dederunt
872 649 896 683 er
912 649 960 698 pro
979 634 1040 683 cibo
1056 631 1100 698 fel,
1116 646 1143 684 et

610 717 659 766 pru
682 713 748 767 potu
770 713 882 752 acetum.
911 705 935 754 O
958 720 1009 754 nos
1031 704 1141 755 miseri!

611 775 683 832 Quid
705 773 843 835 faciemus,
861 775 909 840 qui
932 777 1008 826 aliter
1029 793 1146 838 coenare,

611 857 636 895 et
662 847 739 897 aliter
763 857 855 913 potare
874 849 1010 913 volumus,
1032 859 1058 899 et
1079 850 1145 899 deli-

612 918 665 969 cias
678 919 844 986 quaerimus?
858 920 947 983 Certe,
964 921 987 971 si
1008 923 1083 972 mille
1097 938 1144 973 an·

612 993 656 1042 nis
680 993 762 1043 homo
786 994 895 1053 viveret,
921 1004 946 1044 et
967 994 1087 1059 quotidie
1107 995 1142 1044 -in

612 1079 680 1128 pane
693 1073 720 1114 et
731 1080 800 1130 aqua
812 1066 949 1130 jejunaret,
973 1064 1082 1115 unicam
1100 1076 1143 1116 ta·

611 1150 674 1184 men
687 1150 789 1185 coenam
805 1135 879 1183 illam
893 1134 1059 1184 sufficienter
1073 1150 1144 1185 com·

611 1220 720 1271 pensare
744 1221 799 1254 non
825 1215 924 1270 posset.
948 1206 1143 1256 Verumtamen

610 1278 656 1342 qui
671 1283 762 1342 potest
783 1290 879 1340 capere
898 1275 998 1340 capiat,
1011 1276 1075 1342 quia
1090 1276 1143 1326 du-

612 1364 660 1399 rus
680 1355 720 1399 est
737 1349 779 1399 lrz'e
802 1362 889 1398 sermo
907 1363 954 1412 pro
972 1347 1139 1411 carnalibus;

611 1432 637 1472 et
659 1421 719 1471 ideo
739 1437 794 1470 non
816 1419 936 1485 sapiunt,
952 1436 1000 1470 nec
1018 1420 1140 1470 sentiunt

611 1506 674 1540 cum
686 1506 780 1556 sapore
796 1505 857 1555 quae
873 1488 921 1539 Dei
943 1501 1017 1549 sunt,
1033 1500 1058 1540 et
1072 1506 1141 1540 con-

611 1561 756 1611 solationes
774 1560 893 1611 internas
911 1561 1049 1611 amittunt.
1072 1561 1142 1620 Quia

611 1634 633 1683 si
649 1643 753 1683 acetum
777 1632 895 1682 Domino
918 1632 1092 1698 propinatum
1111 1634 1144 1682 ad

611 1713 730 1754 mentem
742 1703 913 1761 reducerent,
928 1702 957 1752 in
968 1702 1028 1752 cibo
1039 1713 1066 1753 et
1078 1712 1143 1768 potu

611 1785 844 1840 quantuncunque
866 1774 913 1823 vili
933 1789 1057 1838 saporem
1075 1773 1145 1824 inve-

612 1845 709 1894 nirent.
735 1845 812 1895 Unde
842 1845 1021 1894 Bernardus:
1042 1861 1056 1889 «
1082 1843 1144 1893 Non
1226 1844 1231 1855 '

611 1925 651 1965 est
665 1916 740 1965 cibus
755 1916 819 1966 adeo
836 1915 938 1975 aridus,
953 1915 1001 1982 qui
1017 1931 1071 1964 non
1083 1914 1144 1965 effi-

612 1987 697 2048 ciatur
711 1987 830 2052 sapidus,
853 1986 875 2036 si
896 1986 970 2036 illius
985 1985 1051 2036 aceti
1067 1987 1140 2052 quod

612 2058 784 2124 propinatum
806 2067 846 2108 est
866 2057 1039 2107 condimento
1062 2057 1143 2107 fuerit

612 2140 785 2194 temperatus
804 2129 832 2178 Si
852 2143 915 2193 ergo
927 2127 1003 2178 cibus
1021 2143 1052 2176 ex
1067 2128 1143 2178 defe-

611 2211 654 2249 ctu
671 2200 742 2262 salis,
768 2199 810 2248 vel
832 2199 884 2247 alia
898 2212 978 2247 causa
997 2196 1078 2247 fuerit
1093 2197 1143 2247 tibi

612 2269 756 2335 insipidus,
778 2284 832 2318 non
852 2283 971 2334 apponas
985 2267 1023 2316 ibi
1039 2269 1086 2328 sal,
1101 2267 1143 2317 vel

612 2339 817 2396 condimentum
843 2338 933 2401 aliud;
963 2337 1009 2386 sed
1035 2347 1144 2403 propter

613 2413 754 2463 Christum
777 2411 838 2462 felle
861 2421 887 2462 et
920 2421 993 2461 aceto
1020 2419 1144 2476 potatum

612 2483 778 2536 sensualitati
800 2482 918 2543 resistas,
937 2483 1059 2548 cogitans
1072 2480 1146 2547 quod

614 2573 661 2623 pro
678 2556 792 2621 peccatIs
817 2555 872 2606 tuis
902 2555 929 2603 in
953 2570 1021 2620 pane
1036 2564 1062 2604 et
1076 2568 1146 2620 aqua

613 2631 748 2682 abstinere
762 2631 855 2693 debes,
869 2640 895 2680 et
907 2631 980 2696 quod
991 2628 1070 2679 multi
1085 2642 1148 2694 pau-

615 2719 690 2770 peres
713 2703 765 2754 sibi
787 2704 838 2753 ista
855 2711 1010 2768 reputarent
1027 2701 1058 2751 ad
1079 2699 1147 2750 deli-

615 2773 677 2834 cias,
698 2782 724 2822 et
746 2782 810 2822 tunc
834 2772 971 2822 videbitur
986 2770 1036 2820 tibi
1049 2781 1148 2832 magna

614 2843 698 2908 gratia
733 2843 837 2908 aliquid
873 2840 1000 2906 adiecisse
1028 2840 1061 2888 ad
1088 2837 1146 2888 haec

614 2917 680 2981 Ipsa.
694 2937 707 2963 u
968 2955 970 2961 .

644 2986 678 3051 45
690 2987 853 3036 Docuuaura
865 3001 881 3033 s
895 2997 1045 3033 aornrrurra
1057 2995 1143 3040 nourr,

614 3073 697 3108 ierus
706 3069 932 3105 connominrrours
943 3069 976 3102 ar
989 3067 1096 3103 omno.
1111 3078 1142 3088 -
1182 3078 1184 3083 ,

613 3132 655 3182 Ex
685 3130 736 3178 hoc
758 3128 869 3177 articulo
897 3125 1042 3191 potationis
1068 3123 1145 3183 aceti,

614 3201 758 3252 trahuntur
782 3197 859 3263 plura
884 3197 1054 3246 documenta.
1081 3193 1143 3244 Pri-

616 3287 691 3324 mum
714 3267 870 3335 accipiendo
895 3268 946 3318 ista
975 3268 1088 3335 mystice
1115 3265 1146 3315 in

616 3347 688 3395 bono
705 3357 796 3400 sensu,
819 3343 889 3392 sicut
903 3340 987 3390 ludaei
1005 3350 1031 3390 et
1045 3338 1147 3388 milites

616 3417 701 3469 multa
739 3415 858 3466 iecerunt
889 3414 959 3464 mala
987 3413 1146 3476 intentione,

616 3503 677 3555 quae
697 3497 786 3537 tamen
801 3485 960 3551 mysterium
985 3484 1049 3534 boni
1066 3483 1148 3534 nobis

617 3562 778 3626 important,
795 3569 820 3609 et
835 3559 984 3609 secundum
999 3557 1050 3607 hoc
1064 3557 1147 3607 doce-

617 3648 680 3683 mur
711 3630 766 3694 hic,
795 3631 869 3696 quod
898 3639 939 3679 est
964 3644 1014 3678 nos
1054 3628 1149 3679 vinum

618 3702 778 3762 devotionis,
794 3701 945 3752 admixtum
956 3701 1066 3766 myrrha
1080 3715 1150 3750 mor-

618 3772 775 3824 tificationis
797 3772 892 3830 carnis,
919 3780 945 3820 et
967 3769 1029 3820 felle
1052 3783 1151 3819 amarae

618 3841 836 3911 compunctionis
866 3840 974 3893 Christo
1009 3838 1152 3904 propinare

1027 3969 1058 4004 10
