2626 4328
307 112 354 161 DF.
370 112 512 172 TERTlA,
531 110 565 162 ΙΝ
584 110 752 162 ΡΑὸὃΙΟΝΕ
768 111 903 162 DOMINI.

47 236 186 288 sannando
202 253 209 286 :
224 236 297 287 Ecce
311 250 364 286 rex
384 242 479 286 vester.
501 235 580 285 Prius

48 310 173 360 dixerat:
190 308 264 359 Ecce
288 309 374 371 homo,
402 308 580 376 ignominiam

47 398 120 433 suam
136 381 341 440 demonstrans,
361 391 392 432 ut
411 397 457 432 eos
472 383 505 432 ad
527 381 581 431 mi-

46 452 192 503 serendum
218 462 346 512 moveret,
369 468 440 502 nunc
465 467 528 502 vero
552 462 582 501 ut

47 537 88 573 eos
103 521 195 587 magis
213 531 328 581 moveat,
352 521 452 572 ironice
473 522 514 573 eis
536 521 581 571 in-

47 594 135 656 sultat,
163 591 257 642 dicens
282 609 289 642 :
311 592 384 643 Eece
406 608 459 644 rex
484 599 580 644 vester·

49 663 140 713 Primo
155 663 303 713 conabatur
316 679 377 713 eum
397 664 518 723 liberare,
536 679 582 730 per

46 728 151 785 Christi
168 733 338 797 ludibrium,
353 735 469 785 secundo
482 747 580 795 autem,

49 821 94 871 per
106 805 267 856 Judaeorum
287 807 474 871 opprobrium.
499 806 581 866 Quasi

48 877 147 928 diceret
161 875 202 928 eis
220 894 227 927 ι
247 877 346 927 Mirum
360 888 400 929 est
413 879 486 944 quod
508 879 581 929 hunc

48 945 191 997 hominem
215 945 387 1012 flagellatum,
413 948 522 999 illusum
556 957 582 998 et

48 1019 296 1084 abjectumdicitis
318 1036 446 1086 usurpare
468 1021 519 1071 sibi
537 1036 582 1070 re-

48 1106 141 1156 gnum.
165 1090 241 1140 Talis
269 1091 352 1141 homo
380 1102 420 1143 est
441 1093 514 1159 quod
538 1106 581 1141 re-

50 1177 133 1226 gnum
160 1161 309 1222 invadere,
334 1163 375 1213 vel
403 1174 508 1230 captare
527 1178 581 1212 non

51 1231 154 1296 possit3
185 1231 260 1282 unde
294 1232 449 1283 erubescere
480 1233 582 1283 debetis

50 1304 118 1369 quod
135 1319 202 1354 eum
228 1318 287 1354 esse
311 1319 399 1371 regem
422 1304 580 1356 formidatis.

51 1374 261 1441 Compatiamini
276 1390 338 1441 ergo
359 1375 409 1434 illi,
424 1376 488 1442 quia
502 1377 535 1426 de
550 1392 581 1427 eo

8 1470 13 1479 ·
53 1445 144 1497 timere
162 1460 219 1494 non
242 1456 357 1510 oportet,
373 1447 415 1497 vel
439 1448 490 1497 tale
514 1447 580 1512 quid

53 1515 192 1582 suspicari.
212 1516 245 1565 Et
265 1525 356 1567 tamen
380 1517 481 1568 Pilatus
502 1533 582 1583 super

53 1584 98 1636 hoc
109 1585 190 1636 timet
205 1585 239 1635 ab
250 1585 289 1636 eis
305 1587 374 1651 apud
389 1587 520 1637 Caesarem
535 1602 581 1637 ac-

54 1655 145 1714 cusari,
160 1666 188 1706 et
202 1670 253 1706 sua
267 1665 395 1721 potestate
411 1657 516 1722 privari.
528 1657 580 1708 Ubi

55 1725 264 1794 chysostomus
280 1744 289 1776 .·
305 1744 318 1772 a
331 1727 364 1777 Et
378 1727 508 1777 nimirum
522 1742 582 1792 quae

9 1796 12 1879 i
56 1795 117 1847 dieta
134 1806 203 1846 sunt
222 1806 299 1846 erant
313 1796 481 1857 sufficientia,
498 1808 528 1848 ut
542 1796 581 1846 fa·

56 1877 138 1918 terent
151 1882 201 1917 eos
214 1866 249 1916 de
263 1877 351 1918 cetero
364 1868 398 1917 ab
408 1867 447 1917 ira
463 1881 580 1929 cessare;

9 1926 13 1993 i
57 1939 93 1988 sed
105 1938 282 2004 trepidabant
298 1954 332 1989 ne
347 1938 474 1990 dimissus
489 1954 582 1990 rursus

58 2009 154 2058 turbam
182 2009 273 2067 ducat,
300 2018 327 2059 et
347 2009 438 2060 omnia
461 2026 509 2076 pro
530 2010 581 2059 hoc

59 2078 171 2143 agebant.
194 2079 282 2128 Amor
307 2078 380 2129 enim
406 2080 580 2146 principatus,

60 2159 185 2201 rersutum
198 2148 266 2216 quid
283 2159 332 2210 est,
347 2161 373 2200 et
387 2151 504 2201 animam
521 2149 581 2200 suf-

61 2216 139 2271 ficiens
167 2221 304 2286 perdere;
334 2231 470 2286 propterea
496 2221 581 2286 magis

62 2288 179 2342 insistunt
205 2307 212 2340 :
237 2309 252 2338 n
277 2291 334 2341 haec
361 2293 581 2360 chrysostomus,

64 2359 129 2412 Unde
147 2361 235 2413 Judaei
261 2361 331 2412 sicut
356 2361 505 2423 furibundi,
522 2364 581 2413 cla-

63 2431 167 2493 mabant,
181 2441 209 2482 et
231 2447 264 2481 ex
286 2432 450 2484 abundantia
473 2432 581 2482 malitia}

63 2499 244 2568 ingeminando
254 2503 395 2554 dicebant:
411 2504 496 2567 Tolle,
509 2504 580 2567 tolle,

63 2572 150 2624 scilicet
163 2575 196 2624 ad
221 2583 389 2632 mortemer
410 2590 463 2624 non
484 2590 581 2640 quam-

12 2682 17 2737 Ι
63 2653 162 2709 cunque,
178 2643 232 2694 sed.
243 2643 436 2708 turpissimam.
451 2645 483 2694 Et
497 2645 582 2710 expli-

63 2724 139 2764 cantes
160 2729 250 2779 genus
268 2715 373 2778 mortis,
394 2715 581 2765 addiderunt:

64 2781 232 2851 Etcrurifige
252 2798 322 2836 eum.
341 2785 490 2836 interficere
507 2786 581 2836 enim

64 2864 113 2903 eum
134 2856 312 2914 conabantur,
327 2866 353 2906 et
376 2865 462 2905 morte
484 2871 582 2920 expro-

64 2918 215 2987 bratissima,
242 2923 417 2975 formidantes
436 2939 469 2975 ne
493 2924 583 2989 aliqua

63 3060 79 3111 si
92 3063 210 3115 dicerent
225 3080 232 3114 :
249 3065 326 3115 Tolle
342 3080 404 3116 eum
421 3080 437 3115 a
454 3064 541 3124 nobis,
557 3075 583 3115 et

64 3143 196 3200 conspectu
213 3145 306 3184 nostro
326 3153 332 3185 ι
353 3134 441 3201 gravis
456 3135 530 3185 enim
543 3146 584 3187 est

65 3205 131 3257 nobis
147 3207 181 3257 ad
199 3206 355 3268 videndum,
374 3223 421 3257 nec
439 3224 584 3274 possumus

65 3287 116 3326 tum
128 3277 240 3341 videre3
259 3277 388 3344 auferque
402 3293 464 3329 eum
477 3279 511 3329 de
524 3295 584 3329 me-

64 3343 108 3410 dio,
130 3359 156 3400 et
179 3349 306 3401 interfice.
334 3352 369 3401 At
397 3362 498 3416 quanto
524 3353 585 3417 plus

64 3422 205 3485 audiebant,
222 3424 296 3490 quod
311 3423 411 3474 Pilatus
424 3425 503 3475 vellet
517 3424 585 3476 libe·

65 3502 191 3555 urceum,
205 3503 280 3545 tanto
296 3492 382 3560 magis
395 3494 544 3544 clamabant
556 3493 584 3544 in

65 3565 229 3616 contrarium.
245 3564 298 3615 Ubi
316 3565 392 3615 Beda
408 3581 416 3615 .·
431 3564 527 3624 «Quia
542 3574 585 3615 to-

13 2900 17 2947 Ι

63 2990 110 3055 tius
124 3004 185 3061 post
201 2995 293 3060 ipsum
306 2994 352 3045 fiat
365 2994 504 3045 memoria.
515 2995 584 3054 Qua·

65 3638 109 3684 tam
128 3635 334 3701 accusationem,
356 3651 438 3703 quam
459 3637 586 3687 adversus

16 3692 19 3741 i
67 3697 203 3759 lominum
217 3707 377 3769 detulerant,
390 3707 480 3759 crebra
496 3716 523 3758 et
536 3707 587 3758 sol·

70 3838 73 3847 ·
130 3823 200 3876 Vrrn
221 3823 284 3875 Jesu
304 3823 423 3886 Crrarsrr,
444 3838 531 3874 rossus
546 3823 588 3874 IV.

1110 113 1157 163 551

636 210 708 276 licita
725 227 800 278 Pilati
819 227 1025 294 interrogatione
1038 229 1165 280 videbant

635 309 806 362 evacuatam;
838 300 946 350 tandem
974 299 1102 366 impudici
1131 302 1164 351 ad

635 370 705 419 solas
721 376 749 420 se
761 386 851 436 preces
867 381 1032 431 convertunt,
1049 383 1078 421 ut
1090 373 1163 437 quod

635 437 812 498 criminando,
839 450 865 488 et
884 439 960 504 quasi
981 439 1163 489 ratiocinando

636 507 818 574 nequiverant,
834 510 885 574 jam
900 510 1061 575 postulando
1078 519 1103 559 et
1119 525 1163 560 vo-

634 580 769 631 ciferando
785 580 928 645 perficiant.
954 582 1041 642 Quem
1065 581 1162 633 exinde

634 651 757 701 ordinem
772 651 908 712 saeviendi,
923 652 1004 703 etiam
1023 653 1162 703 beatorum

635 724 781 789 Martyrum
812 732 994 788 persecutores
1024 722 1160 782 tenuisse,

634 792 699 842 satis
712 792 890 843 ecclesiastica
901 794 1066 844 demonstrat
1081 793 1163 844 histo

635 862 673 912 ria
688 880 695 913 :
710 883 723 910 n
739 863 795 912 haec
811 863 895 914 Beda.
911 863 1073 915 Dulcissime
1086 865 1159 925 Jesu,

634 935 693 999 quis
713 941 766 985 tam
785 935 870 985 durus
891 942 917 985 et
937 936 1037 1002 impius
1056 937 1116 999 erit,
1133 943 1161 986 ut

634 1005 764 1056 clamores
776 1005 839 1056 illos
849 1005 999 1067 horribiles,
1009 1008 1080 1066 tolle,
1089 1008 1161 1071 tolle,

634 1075 759 1142 crucifige
777 1092 848 1139 eum,
863 1076 921 1127 sine
940 1078 1081 1142 gemitum
1102 1078 1161 1128 cla-

634 1161 706 1198 more
720 1148 840 1214 spiritus,
858 1160 924 1196 eure
938 1147 1059 1212 'corporis
1072 1147 1161 1197 valeat

634 1218 737 1282 audire,
752 1232 798 1269 seu
810 1224 894 1268 mente
908 1217 1048 1268 tractare?
1062 1217 1162 1268 Pilatus

633 1304 696 1339 vero
726 1299 863 1347 terrorem,
893 1304 975 1355 quern
1002 1289 1035 1337 de
1059 1288 1162 1338 Caesare

635 1359 769 1425 ingerunt,
784 1359 871 1409 adhuc
896 1374 1020 1424 superare
1041 1368 1161 1417 conatur,

634 1441 660 1479 et
682 1429 775 1479 volens
803 1431 835 1479 de
863 1429 983 1494 ipsorum
1012 1426 1162 1495 ignominia

634 1515 680 1550 eos
695 1500 823 1566 frangere,
841 1515 909 1565 quos
925 1500 957 1550 de
973 1500 1075 1550 Christi
1090 1498 1163 1565 igno-

634 1569 719 1620 minia
745 1586 799 1620 non
819 1568 1067 1636 potuit.mitigare,
1096 1569 1161 1618 alle-

634 1658 754 1709 gansque
768 1642 794 1691 in
804 1642 913 1693 ¹Christi
930 1641 1100 1692 crucifixione
1114 1656 1162 1691 eo-

635 1730 696 1763 rum
712 1713 909 1772 verecundiam,
932 1712 999 1763 dixit
1012 1713 1069 1773 eis,
1085 1711 1161 1779 quasi

635 1784 825 1834 subsannando
841 1801 848 1834 ι
864 1785 966 1850 Regem
978 1789 1093 1833 vestrum
1105 1797 1163 1833 cru-

634 1854 768 1921 cifigam‘?
781 1856 854 1920 quod
864 1855 994 1905 redundat
1006 1855 1035 1904 in
1047 1864 1162 1904 vestram

634 1926 820 1993 ignominiam.
833 1926 915 1985 Quasi
927 1927 1024 1977 diceret
1038 1943 1044 1976 :
1058 1927 1096 1976 Ex
1107 1941 1162 1992 quo

634 2013 696 2048 eum
714 2013 822 2063 regnare
835 1997 995 2057 formidatis,
1019 2006 1045 2046 et
1062 1997 1115 2060 jam
1129 1996 1162 2046 de

635 2068 685 2118 hoc
711 2068 781 2118 fama
794 2083 891 2134 magna
912 2067 972 2131 fuit,
990 2083 1042 2117 non
1058 2077 1097 2117 est
1110 2067 1162 2116 ho-

635 2155 685 2188 nor
707 2148 793 2188 vester
817 2139 889 2204 quod
916 2154 961 2188 rex
984 2147 1068 2187 vester
1096 2153 1162 2187 con-

634 2211 785 2268 demnetur,
802 2219 828 2259 et
843 2209 893 2259 erit
909 2208 985 2259 vobis
1001 2207 1162 2258 verecundia

635 2281 656 2331 si
682 2291 768 2331 morte
791 2279 827 2330 sic
854 2280 951 2344 abjecta
974 2278 1112 2329 moriatur.
1127 2279 1163 2328 Et

635 2352 694 2401 ideo
723 2351 745 2400 si
771 2365 826 2400 non
857 2349 1017 2400 moveamini
1046 2349 1079 2399 ab
1106 2350 1162 2415 ejus

636 2419 797 2478 humilitate,
821 2420 899 2470 debet
921 2435 970 2470 vos
989 2434 1096 2470 movere
1114 2435 1162 2470 ve-

634 2504 720 2544 strum
744 2491 928 2558 opprobrium,
951 2493 1022 2559 quod
1040 2501 1116 2542 esset
1140 2493 1162 2542 si

634 2564 816 2632 crucifigerem
848 2580 920 2617 eum.
947 2566 997 2616 Sed
1023 2565 1062 2614 illi
1091 2579 1119 2614 se
1148 2580 1162 2613 a

634 2639 756 2690 libertate
770 2639 844 2705 regni
858 2638 907 2689 Dei
924 2647 950 2688 et
961 2638 1063 2689 Christi
1077 2637 1163 2687 exclu-

634 2712 737 2770 dentes,
751 2711 844 2776 jugum
859 2709 958 2760 diaboli
974 2719 1161 2774 sumpserunt:

634 2796 664 2832 ac
686 2791 820 2847 perpetuae
842 2780 961 2831 servituti
985 2790 1011 2830 et
1029 2775 1161 2844 tyrannidi

635 2871 663 2905 se
678 2854 857 2919 subjecerunt,
877 2853 994 2902 dicentes
1008 2869 1014 2901 ι
1029 2851 1092 2901 Non
1111 2849 1162 2899 lra-

635 2927 723 2976 bemus
749 2939 848 2990 regern,
879 2923 932 2974 nisi
954 2923 1099 2974 Caesarem.
1124 2922 1161 2970 Ex

635 3015 689 3065 quo
715 3005 785 3064 patet
806 2996 878 3062 quod
899 3011 930 3046 ex
950 3004 1013 3045 tunc
1027 3004 1161 3060 perpetuae

635 3072 821 3120 Romanorum
842 3081 871 3116 se
887 3064 1073 3131 obligaverunt
1095 3065 1162 3116 sub-

636 3137 761 3206 jectioni,
785 3135 965 3186 renuntiantes
988 3134 1063 3186 omni
1088 3135 1163 3185 alteri

636 3210 713 3276 regiae
727 3206 863 3273 dignitati;
882 3215 953 3272 patet
974 3206 1054 3256 etiam
1069 3221 1163 3256 eorum

637 3279 784 3330 obstinatio
793 3278 826 3327 ad
836 3276 1034 3343 procurandum
1048 3287 1163 3326 mortem

637 3349 748 3409 Christi,
759 3363 821 3400 cum
833 3363 882 3414 pro
896 3347 953 3412 ejus
967 3347 1163 3413 procuratione,

638 3420 751 3472 confessi
768 3429 831 3470 sunt
844 3419 873 3470 in
888 3428 1045 3484 perpetuum
1061 3418 1164 3484 seipsos

638 3492 769 3557 subjectos
783 3489 913 3541 servituti.
933 3488 1010 3540 Unde
1024 3489 1163 3556 Chrysor-

639 3570 725 3614 tomus
744 3579 753 3612 .·
769 3577 787 3608 ἀ
801 3561 960 3612 Abnuerunt
984 3559 1031 3610 Dei
1051 3574 1163 3625 regnum

639 3644 664 3684 et
685 3633 773 3684 traditi
788 3643 851 3683 sunt
871 3648 953 3699 regno
970 3632 1165 3687 Romanorum,

640 3705 704 3774 quia
716 3704 788 3773 quod
803 3705 936 3756 habebant
953 3719 1007 3755 non
1026 3703 1164 3754 intellexe-

1038 3833 1053 3881 7
