2626 4328
340 337 386 388 DE
401 337 525 398 SEXTA,
540 336 575 386 ΙΝ
593 335 760 387 Passloue
773 336 910 388 DOMINI.
1133 335 1182 403 571

56 450 144 519 quoad
159 451 285 518 patriam,
301 451 365 518 quia
379 452 416 503 ibi
437 451 489 502 fuit
505 450 596 501 nutri·

57 532 109 583 tus,
120 523 191 575 Rex
204 523 374 588 Judaeorum,
392 523 421 574 in
435 538 490 590 quo
503 521 595 588 expri-

56 593 139 645 mitur
162 609 246 644 causa
269 595 364 645 mortis
392 595 486 661 ipsius.
511 592 595 653 Quasi

56 666 177 719 diceret:
201 666 264 716 ldeo
292 666 434 719 crucifixus
458 676 506 730 est,
529 665 594 732 quia

57 746 109 789 erat
122 737 185 787 Rex
199 737 364 788 Judaeorum.
379 739 438 788 Mos
453 737 526 789 enim
538 746 594 787 erat

57 806 256 867 Romanorum,
282 822 364 873 super
385 808 492 874 lignum
508 806 594 858 crucis

56 891 155 943 ponere
166 891 276 926 causam
286 877 382 928 mortis
392 876 592 929 crucifixorum.

56 949 113 1014 lpse
128 960 224 999 autem
245 959 385 1000 accusatus
404 949 499 1010 fuerat,
520 949 593 1015 quod

54 1017 104 1069 sibi
137 1034 257 1085 regnum
283 1019 437 1070 ludaeorum
466 1035 594 1086 usurpare

55 1089 171 1140 volebat.
192 1090 244 1139 Pro
264 1089 314 1140 hac
335 1105 397 1156 ergo
417 1105 496 1140 causa
508 1089 594 1140 Judaei

55 1177 117 1213 eum
143 1162 231 1213 Pilato
248 1162 428 1226 tradiderant3
446 1172 472 1214 et
494 1163 595 1213 Pilatus

55 1240 117 1284 eum
138 1233 173 1283 ad
187 1243 302 1283 mortem
318 1236 547 1285 condemnaverat.
563 1234 596 1284 Et

55 1304 118 1373 quia
132 1305 221 1355 ludaei
234 1316 327 1356 contra
340 1307 505 1358 voluntatem
518 1305 595 1357 Pilati

57 1375 197 1441 petierunt
222 1376 362 1428 Christum
385 1376 515 1442 cruciligi,
536 1376 596 1426 ideo

57 1445 150 1498 rolens
168 1462 197 1497 se
205 1447 341 1498 vindicare
356 1448 447 1508 decis,
458 1464 505 1513 per
515 1448 596 1498 talem

59 1518 171 1570 modum
189 1519 297 1584 scripsit
319 1519 428 1570 titulum
443 1531 473 1570 ut
496 1519 595 1570 redun-

58 1589 129 1640 daret
169 1588 199 1639 in
237 1590 427 1640 verecundiam
461 1590 594 1656 ipsorum.

58 1661 134 1712 Unde
162 1662 403 1728 chrysostomus:
430 1682 443 1710 a
470 1665 544 1714 Sicut
566 1662 595 1712 in

57 1732 180 1799 trophoeo
193 1734 290 1783 litterae
305 1745 443 1799 ponuntur
456 1735 596 1785 victoriam

58 1804 231 1855 ostendentes
240 1819 247 1867 ;
257 1804 294 1854 ita
303 1804 402 1855 Pilatus
408 1806 528 1869 titulum,
539 1820 597 1855 cru·

58 1872 82 1924 ci
93 1873 201 1924 Christi
217 1872 372 1939 inscripsit;
386 1874 469 1924 simul
483 1874 594 1941 quidem

60 1959 108 2011 pro
125 1944 241 1995 Christo
253 1946 428 2010 respondens,
452 1958 483 1996 ut
503 1962 566 1996 eum
580 1961 596 1996 a

18 2024 22 2029 '
59 2016 256 2067 communione
265 2017 400 2067 latronum
416 2017 595 2080 discerneret;

61 2085 142 2137 simul
154 2098 246 2136 autem
261 2088 330 2138 etde
344 2088 356 2137 J
360 2087 440 2137 udaeis
453 2087 595 2150 ulciscens,

60 2160 206 2211 ostendens
215 2159 314 2210 scilicet
322 2160 443 2226 ipsorum
454 2161 595 2222 malitiam,

59 2229 124 2281 dum
156 2229 185 2280 in
215 2245 295 2280 suum
322 2246 412 2296 regem
442 2231 597 2281 insurrexe-

60 2312 131 2354 runt.
147 2303 332 2353 »Secundum
351 2304 533 2371 Theophilum,
546 2304 597 2354 Ju-

59 2373 108 2425 daei
134 2373 317 2438 procurabant
336 2375 416 2424 scribi
431 2374 551 2435 titulum,
571 2384 597 2426 et

59 2443 240 2495 intendebant
259 2460 306 2509 per
325 2444 398 2495 hunc
420 2445 539 2496 illusorie
553 2445 596 2496 vi-

58 2524 184 2581 tuperare
192 2513 351 2580 opinionem
366 2517 432 2581 ejus,
447 2515 494 2583 qui
508 2531 597 2582 regem

60 2584 174 2637 faciebat
188 2586 318 2652 seipsum,
334 2599 364 2637 ut
378 2588 416 2637 sic
431 2598 596 2653 praetereun-

59 2667 99 2709 tes
114 2656 160 2708 sui
187 2656 310 2708 misereri
333 2675 386 2708 non
401 2659 529 2722 valerent,
551 2659 596 2710 sed

60 2727 149 2795 magis
164 2726 190 2778 ei
216 2737 345 2793 tanquam
361 2740 473 2795 tyranno
491 2729 597 2796 impro-

60 2807 202 2866 perarent3
224 2798 271 2848 sed
295 2799 394 2850 Pilatus
415 2816 467 2850 non
490 2800 597 2867 scripsit

59 2869 130 2920 sieut
150 2868 285 2920 volebant.
309 2870 385 2920 Unde
404 2880 431 2920 et
451 2871 596 2938 Hierony-

59 2953 140 2990 mus:
155 2957 170 2987 c
183 2939 271 2988 Judaei
286 2939 436 3002 illudentes,
448 2951 474 2991 et
487 2941 596 2991 irriden-

60 3022 100 3064 tes
112 3012 168 3063 hoc
182 3010 320 3076 fecerunt3
338 3013 384 3062 sed
400 3013 428 3063 in
445 3013 595 3064 intentione

62 3082 140 3134 Pilati
151 3081 225 3132 aliud
237 3079 298 3131 fuit.
309 3102 323 3130 a
333 3083 502 3149 Operabatur
513 3083 597 3144 enim,

59 3154 214 3205 secundum
232 3155 370 3218 Glossam,
390 3155 484 3205 divina
504 3155 545 3206 vis
569 3155 597 3205 in

60 3225 142 3276 corde
152 3225 309 3276 nescientis.
324 3224 460 3275 Divinitas
470 3240 597 3292 namque,

61 3297 214 3347 secundum
242 3297 404 3362 Remigium,
422 3296 473 3347 hoc
498 3313 598 3363 procu-

63 3376 153 3418 ratum
170 3367 232 3429 luit,
261 3377 291 3416 ut
316 3367 377 3417 talis
398 3367 492 3418 titulus
520 3384 600 3435 super

64 3447 144 3505 caput
166 3438 226 3504 ejus
247 3447 399 3504 poneretur,
425 3448 455 3488 ut
480 3454 527 3504 per
548 3439 599 3489 hoc

10 3546 12 3553 .
63 3508 150 3561 Judaei
164 3519 350 3576 agnoscerent,
365 3511 511 3576 quodcum
527 3510 601 3561 occi-

67 3580 153 3631 dendo
183 3581 365 3632 nihilominus
389 3582 488 3648 Regem
515 3582 603 3632 habe-

10 3682 12 3705 ,
70 3661 136 3701 rent.
164 3650 246 3701 Unde
266 3662 291 3702 et
314 3651 390 3701 Beda
420 3668 429 3701 .·
455 3669 469 3697 a
491 3651 521 3701 In
548 3666 603 3718 quo

10 3718 14 3729 '
75 3721 276 3771 monstrabatur
305 3721 358 3786 jam
389 3736 462 3771 nunc
490 3736 604 3787 regnum

10 3792 13 3851 ἶ
69 3790 160 3856 ipsius,
187 3807 243 3841 non
266 3800 296 3841 ut
323 3791 374 3856 ipsi
401 3792 530 3857 putabant
554 3793 604 3843 de-

74 3870 214 3922 strucmm,
228 3863 274 3912 sed
287 3863 377 3929 potius
391 3872 604 3929 augmentatum.

23 3934 28 3941 '
72 3930 177 3985 Titulus
199 3932 272 3983 enim
289 3934 392 3998 positus
401 3950 486 3997 super
500 3950 604 3986 crucem

653 450 711 516 ejus
725 451 792 501 illud
809 451 934 512 ostendit,
947 450 1010 518 quia
1035 467 1084 502 nec
1105 451 1187 507 etiam

653 523 797 574 occidendo
807 523 910 575 efficere
918 533 1071 589 potuerunt,
1082 533 1112 574 ut
1123 540 1186 575 eum

653 595 753 660 Regem
773 610 828 643 non
852 594 991 657 haberent,
1014 593 1062 660 qui
1083 594 1121 644 eis
1141 610 1188 644 se-

653 664 772 715 cundum
787 680 867 730 opera
876 681 922 715 sua
937 665 1091 715 redditurus
1102 674 1151 714 est.
1166 684 1180 713 a

654 737 717 787 llaec
730 747 818 789 autem
834 738 885 788 tria
900 739 989 797 verba,
1004 737 1121 788 scilicet:
1135 738 1185 788 Je-

652 822 699 858 sus
712 809 883 875 Nazarenus,
892 811 956 860 Rex
967 809 1133 870 Jtrdaeorum,
1143 823 1187 860 sa-

652 879 688 929 tis
718 880 881 930 conveniunt
905 881 938 930 ad
975 880 1061 930 crucis
1090 889 1186 945 myste-

652 950 745 1002 rium:
762 967 824 1001 nam
842 952 892 1001 hoc
915 952 988 1018 quod
1010 951 1075 1002 dicit
1099 952 1186 1017 lesus,

653 1024 726 1088 quod
743 1024 932 1089 interpretatur
952 1024 1090 1084 Salvator,
1121 1039 1187 1075 con·

653 1092 727 1142 venit
740 1095 772 1143 ad
788 1094 911 1143 virtutem
933 1093 1027 1153 crucis,
1040 1110 1086 1157 per
1099 1109 1183 1160 quam

653 1162 722 1212 facta
746 1174 786 1213 est
815 1163 893 1212 nobis
924 1165 1014 1227 salus3
1040 1164 1092 1215 hoc
1124 1179 1188 1215 vero

654 1235 727 1300 quod
741 1234 805 1284 dicit
820 1234 992 1300 Nazarenus,
1008 1235 1081 1299 quod
1097 1234 1184 1284 inter-

655 1315 774 1372 pretatur
792 1304 922 1371 floridus,
947 1304 1061 1370 pertinet
1080 1305 1112 1354 ad
1137 1320 1186 1370 pa-

657 1375 748 1425 tientis
779 1374 970 1435 innocentiam,
996 1375 1044 1441 qui
1071 1385 1111 1425 est
1137 1374 1188 1425 ilos

655 1444 703 1511 qui
721 1445 754 1494 de
774 1445 863 1495 radice
884 1446 957 1496 Jesse
980 1445 1117 1506 ascendit;
1141 1444 1186 1496 scd

656 1519 708 1569 hoc
735 1519 808 1585 quod
832 1520 897 1570 dicit
925 1521 988 1570 Rex
1012 1520 1187 1581 Judaeorum,

656 1589 772 1656 pertinet
788 1591 821 1653 ad
844 1591 969 1656 patientis
985 1602 1143 1657 potestatem
1162 1601 1187 1643 ct

656 1663 819 1728 dominium,
843 1665 915 1730 quod
931 1681 962 1715 ex
979 1665 1105 1716 Passione
1123 1681 1187 1731 pro-

656 1733 769 1795 meruit,
800 1734 864 1800 quia
881 1742 995 1802 propter
1020 1737 1085 1798 hoc,
1113 1737 1187 1786 Deus

656 1804 792 1854 exaltavit
811 1805 963 1857 illum.'Sed
983 1806 1045 1857 licet
1062 1807 1119 1872 ipse
1142 1822 1188 1872 per

655 1889 760 1924 crucem
776 1875 811 1925 sit
828 1891 882 1925 non
901 1877 990 1926 solum
1007 1877 1064 1926 Rex
1077 1877 1187 1927 Judaeo-

656 1961 727 2007 rum,
744 1947 789 1996 sed
811 1958 836 1996 et
853 1948 1000 2012 Gentium3
1023 1948 1129 2014 scripsit
1144 1959 1188 1999 ta-

656 2033 718 2067 men
733 2019 796 2068 Rex
820 2019 977 2070 Jaaaeorum
992 2029 1107 2078 tantum,
1122 2019 1187 2085 quia

656 2087 708 2153 ipsi
737 2088 856 2138 Gentiles
884 2090 1004 2140 conversi
1038 2091 1071 2140 ad
1105 2089 1187 2140 fidem

656 2158 831 2224 spiritualiter
843 2159 928 2210 Judaei
941 2161 1077 2224 dicuntur,
1100 2160 1126 2208 id
1143 2168 1184 2210 est

656 2227 822 2288 confitentes,
838 2246 893 2280 non
910 2230 1112 2280 circumcisione
1124 2244 1186 2280 cor·

656 2298 740 2364 poris,
755 2299 801 2348 sed
818 2299 918 2349 Christi
932 2315 939 2362 3
955 2310 981 2350 et
995 2299 1054 2350 ideo
1070 2315 1116 2365 per
1133 2299 1186 2349 hoe

656 2370 729 2435 quod
741 2368 806 2418 dicit
825 2371 888 2420 Rex
904 2371 1069 2432 ludaeorum,
1085 2369 1189 2420 intelli-

655 2450 757 2506 guntur
770 2439 850 2490 etiam
868 2441 988 2492 Gentiles
1006 2441 1137 2492 conversi.
1153 2442 1191 2493 Ut

656 2523 746 2561 autem
761 2511 825 2560 dicit
846 2512 931 2575 Beda,
952 2513 1062 2577 pulchre
1082 2513 1189 2577 titulus,

657 2583 705 2650 qui
721 2583 860 2634 Christum
875 2585 976 2651 Regem
997 2596 1116 2647 testetur,
1132 2601 1188 2636 non

658 2656 737 2721 infra,
762 2656 808 2706 sed
830 2673 911 2723 supra
933 2673 1037 2709 crucem
1062 2659 1189 2724 ponitur3

657 2727 721 2794 quia
734 2727 796 2777 licet
812 2727 839 2776 in
856 2744 932 2779 cruce
945 2745 992 2795 pro
1006 2729 1084 2779 nobis
1096 2729 1190 2779 homi·
1222 2755 1224 2760 .

658 2797 701 2846 nis
719 2797 875 2849 infirmitate
898 2800 1012 2862 dolebat,
1036 2814 1117 2864 super
1131 2813 1190 2847 cru-

656 2883 716 2918 cem
740 2878 828 2919 tamen
853 2870 934 2935 Regis
952 2871 1086 2934 majestate
1100 2868 1189 2934 fulge-

657 2942 710 2992 bat.
724 2942 802 2992 Unde
821 2953 847 2992 et
860 2943 1019 2992 Ambrosius
1033 2959 1042 2991 .-
1057 2960 1070 2988 (ι
1087 2941 1183 2991 Merito

656 3022 746 3063 autem
769 3027 849 3076 supra
863 3027 968 3062 crucem
990 3011 1100 3076 ponitur
1120 3011 1187 3060 titu-

656 3085 709 3144 lus,
723 3083 787 3149 quia
805 3100 858 3133 non
874 3082 985 3133 humani
1000 3083 1128 3148 corporis,
1142 3082 1190 3133 sed

656 3155 754 3206 divinae
768 3154 906 3219 potestatis
919 3163 961 3204 est
974 3169 1097 3218 regnum,
1114 3169 1151 3219 qu

657 3226 737 3276 habet
752 3223 916 3274 Christus.»
1147 3245 1149 3248 ·

693 3313 720 3347 11
741 3296 843 3346 Curam
871 3311 964 3346 sarnus
985 3310 1091 3345 arucurs
1114 3309 1190 3346 scar-

658 3385 724 3421 rrus
741 3385 805 3419 rurr
819 3385 934 3420 rrruuus
948 3369 957 3419 i
972 3368 1125 3435 -Scripsit
1139 3384 1189 3420 au-

659 3451 715 3492 tem
729 3440 839 3490 titulum
855 3439 933 3490 illum
950 3457 1004 3490 non
1019 3439 1046 3488 in
1064 3454 1117 3489 una
1138 3439 1195 3490 lin-

661 3527 722 3578 gua,
738 3511 783 3560 sed
801 3509 830 3559 in
847 3511 934 3561 tribus
953 3510 1054 3576 linguis
1070 3507 1192 3567 famosis,

661 3583 763 3634 scilicet
780 3600 786 3633 :
801 3583 943 3646 Hebraice,
965 3583 1070 3646 Graece,
1096 3589 1122 3634 et
1135 3582 1193 3633 La·

663 3655 723 3714 tine,
743 3652 810 3702 etin
832 3654 950 3718 qualibet
971 3652 1062 3718 lingua
1074 3653 1193 3719 integre;

662 3734 692 3775 ut
706 3723 870 3774 diversarum
886 3724 1042 3789 linguarum
1058 3723 1193 3782 homines,

664 3793 710 3860 qui
733 3796 763 3844 ad
791 3794 862 3844 diem
885 3794 982 3844 festum
1006 3800 1193 3851 convenerant,

664 3867 750 3930 legere
763 3875 788 3916 et
801 3863 951 3930 intelligere
964 3875 1073 3930 possent
1086 3876 1193 3913 causam

665 3936 760 3985 mortis
778 3935 878 4001 ipsius;
898 3941 924 3985 et
947 3946 976 3984 ut
996 3934 1082 3985 omnis
1095 3932 1191 3996 lingua
