2626 4328
153 219 325 270 EPILOGUS
339 219 524 273 Doatlutcm
538 219 723 284 Passtottls,
735 222 782 274 ET
797 223 844 274 DE
859 221 978 274 LAUDE
991 221 1125 272 CRUCIS.
1169 219 1220 286 041

106 336 323 403 culaetflegella,
332 337 634 389 coronametlanceam.

108 410 203 461 Passus
215 420 257 461 cst
266 410 347 460 etiam
365 410 392 460 in
407 409 536 460 omnibns
550 410 635 476 parti-

107 480 159 531 bus
200 481 342 546 corporis,
379 490 410 531 ut
453 480 637 532 miseticundia

105 553 294 619 Redemptoris
314 562 450 604 amoveret
485 563 636 620 transgres-

104 639 153 676 sus
183 624 423 690 praeuaricationis.
455 625 637 676 Acerbitatem

104 693 186 744 mam
214 694 310 753 habet,
335 695 403 744 bone
428 694 510 758 iesu,
536 694 635 746 Passio

105 776 152 816 tua
172 782 181 816 c
202 777 230 817 et
255 776 364 832 psopter
385 766 576 830 innocentiam,
604 782 637 818 ex

105 845 181 902 parte
209 837 271 899 tui·,
296 847 322 886 et
345 848 456 902 propter
480 839 637 890 emendo-

106 924 170 962 nem
192 920 220 960 et
241 911 478 976 ingratitudinem,
501 928 534 965 ex
559 923 635 980 porte

106 982 221 1048 populi;
241 992 267 1033 et
281 995 390 1050 propter
409 985 636 1050 compassionem,

106 1067 140 1104 ex
152 1062 228 1118 parte
241 1055 344 1119 Matris,
357 1056 435 1107 sttui
449 1056 540 1106 dilecti
554 1056 638 1107 colie-

107 1125 162 1191 gii3
181 1135 208 1176 et
232 1138 343 1192 propter
361 1130 584 1195 complexioon,
605 1144 637 1181 ex

107 1205 181 1262 perte
192 1197 324 1262 corporis,
336 1199 401 1266 quia
420 1199 517 1265 pateris
531 1200 560 1249 in
573 1215 638 1266 par-

105 1265 180 1318 tibus
192 1266 281 1332 magis
299 1270 475 1334 passibilibus
489 1280 517 1320 et
529 1270 639 1321 smnu-

107 1337 160 1397 vis,
174 1340 248 1404 quod
262 1340 358 1392 accidit
374 1351 484 1407 propter
499 1341 637 1394 raritatem

107 1420 134 1463 et
148 1411 361 1463 teneritudinem
372 1415 508 1474 carnium,
517 1415 640 1467 multitu-

107 1479 201 1532 dinem
212 1481 326 1542 rismum,
338 1497 364 1534 et
378 1484 564 1536 collectionem
573 1500 638 1536 ncr-

107 1554 556 1621 vnrnm.Paterisigitur,Domine
566 1557 639 1608 Dens

107 1640 195 1685 metas,
207 1625 265 1675 dux
279 1641 365 1687 mens,
379 1637 405 1678 et
417 1638 497 1678 notus
510 1643 598 1688 meus,
611 1629 639 1679 in

108 1698 201 1758 istene,
213 1697 352 1758 manibus,
365 1698 517 1764 etpedibus
531 1715 539 1749 t
553 1709 638 1750 utac-

107 1769 237 1820 calentes
255 1768 363 1818 homini
385 1769 534 1835 originalis,
548 1779 640 1821 adu&

108 1838 190 1898 linet
204 1838 318 1890 venialis
328 1839 455 1890 criminis
466 1839 639 1892 medicinam.

107 1909 212 1961 Dedisti
225 1910 338 1970 etenum,
347 1910 465 1962 Domine
477 1912 542 1963 Jesu
559 1911 641 1963 Chri-

107 1989 143 2042 te,
175 1980 336 2046 sanguinem
362 1991 441 2032 tuum
460 1981 490 2032 in
524 1981 640 2048 pretium

107 2049 318 2114 redemptionis,
349 2060 375 2102 et
399 2051 428 2102 in
458 2061 553 2118 ροιιιηι
580 2051 641 2102 iue-

108 2118 253 2169 briationis
281 2119 424 2182 fidelibus,
451 2122 481 2173 in
506 2123 639 2173 latueram

107 2189 350 2254 coinquinationis,
371 2192 399 2242 in
414 2192 567 2243 antidotum
590 2208 640 2243 cu-

107 2260 232 2320 rationis,
256 2261 286 2311 in
308 2271 414 2312 scutum
429 2263 570 2328 praesentis
584 2262 639 2314 im·

109 2331 293 2397 pugnationis.
306 2332 368 2382 Fuit
379 2333 470 2398 igitur,
486 2335 640 2399 boneJesu,

109 2402 196 2453 lectus
220 2412 285 2453 tuus
308 2404 481 2466 durissimus,
510 2406 587 2456 cibus
614 2416 641 2456 et

109 2481 191 2538 potus
210 2473 406 2532 amatissimus,
426 2475 561 2525 cruciatus
581 2474 641 2525 sin·

108 2542 214 2608 gularis
236 2554 262 2593 et
294 2545 502 2608 acerbissimum
527 2560 576 2595 nec
597 2560 640 2595 re-

109 2623 186 2664 vocat
207 2624 245 2677 te,
271 2630 319 2665 nec
340 2615 453 2666 retrahit
478 2615 640 2668 tenerrimus

111 2698 189 2735 anor
208 2684 312 2746 Matris,
323 2695 370 2736 aut
383 2687 466 2736 timor
477 2686 641 2753 turpissimae

111 2754 218 2815 mortis,
239 2765 295 2805 noh
313 2757 399 2822 pudor
420 2758 526 2824 spoliati
543 2773 641 2825 corpo-

111 2824 162 2888 ris,
174 2841 232 2876 non
247 2827 325 2877 dolor
339 2827 495 2894 singularis,
504 2838 551 2879 aut
562 2828 642 2880 falla-

110 2895 153 2947 cia
185 2897 358 2962 sponsionis,
383 2899 447 2964 quia
469 2899 585 2949 indutus
612 2914 642 2950 es

87 3030 90 3039 ‚
111 2976 188 3017 reste
199 2969 324 3034 nuptiali,
341 2968 488 3019 instructus
503 2971 561 3035 lege
574 2970 643 3037 iega-

111 3037 144 3100 ti,
153 3049 275 3089 armatus
285 3052 419 3090 armatura
435 3040 578 3106 spirituali.

141 3125 163 3174 4
176 3109 316 3175 Viatores
331 3112 444 3161 Cuatsrt
456 3126 601 3162 aerianus.
611 3141 642 3152 -

114 3178 246 3244 Egredere
258 3179 350 3245 igitur,
364 3180 420 3230 tilia
436 3180 514 3241 Sion,
534 3190 561 3231 et
581 3182 643 3234 vide

112 3249 228 3315 glutiam
242 3251 395 3302 Salomonis
410 3270 416 3301 ι
433 3251 464 3301 in
481 3251 642 3319 equitatura,

114 3321 144 3372 in
165 3322 259 3384 ramis,
282 3323 309 3374 in
334 3322 453 3374 restibus
466 3336 491 3375 et
505 3325 642 3376 laudibus.

114 3393 259 3455 Quomodo
274 3395 358 3463 igitur
370 3396 500 3447 emarcuit
519 3408 574 3448 tam
589 3397 643 3449 cito

113 3464 165 3518 flos
173 3467 268 3533 gloriae
278 3479 340 3528 tuae,
353 3468 448 3520 umbra
461 3469 574 3520 honoris
583 3471 643 3522 tuit

113 3538 253 3591 Nimirum
276 3552 436 3592 convertunt
458 3540 590 3592 honorem
613 3543 643 3594 in

113 3610 304 3674 opprobrium,
315 3610 486 3662 dulcedinem
500 3611 532 3662 in
547 3612 642 3663 absia·

114 3679 214 3732 thium.
237 3682 330 3732 Portas
358 3682 460 3732 etenim
486 3698 591 3733 crucem
614 3683 643 3734 in

114 3750 251 3813 humeris,
282 3753 407 3817 spoliaris
430 3754 549 3804 vestibus
577 3754 641 3818 tuis,

114 3824 242 3899 crucians
264 3823 388 3891 flagellis,
411 3825 516 3876 satiaris
538 3841 642 3892 oppro-

689 338 766 399 briis,
780 339 816 390 de
836 339 904 389 urbe
917 337 1066 404 expelleris
1080 336 1152 387 Vide
1167 353 1220 388 no-

689 409 738 460 stri
756 408 917 476 sapientiam
936 407 1100 467 Salomonis,
1114 423 1130 458 a
1145 416 1220 473 parte

688 481 817 546 temporis
832 497 839 531 ι
853 495 949 548 μεως
964 489 1004 530 est
1024 479 1125 530 etenim
1148 489 1222 530 sexta

688 548 755 601 feria
779 551 845 602 hora
865 560 949 611 sexta,
971 559 1002 600 nt
1021 548 1162 599 hominem
1177 549 1221 601 ls-

689 639 769 689 psum
785 635 860 676 sexta
876 625 945 675 hora
966 634 992 673 et
1007 623 1061 683 die,
1076 638 1123 688 per
1138 637 1217 672 mor-

689 707 744 747 tem
758 713 835 748 suam
849 708 982 763 repararet
995 711 1012 745 a
1027 705 1102 760 parte
1111 693 1219 761 medii3

690 769 742 820 boc
756 770 831 820 enim
845 785 914 835 opus
931 780 1030 820 nostra
1044 767 1139 818 salutis
1154 766 1221 817 ordo

689 841 889 906 depoposcerat.
911 838 979 889 Vide
1002 847 1029 888 et
1053 836 1222 902 patientiam,

690 910 748 976 ipse
770 910 869 962 etenim
894 920 1024 976 tanquam
1050 924 1148 975 agnus,
1172 907 1222 974 qui

690 991 812 1047 portatur
824 981 858 1031 ad
872 980 1022 1039 victimam,
1041 986 1067 1029 et
1081 979 1150 1029 sicut
1164 979 1224 1029 ovis

689 1052 727 1103 ad
737 1052 896 1103 occisionem
905 1051 1003 1102 dumus
1014 1057 1065 1101 est.
1083 1051 1153 1100 Vide
1164 1049 1223 1116 ejus

690 1124 884 1188 humilitatem,
908 1123 974 1190 quin
997 1119 1141 1173 damnatur
1158 1135 1222 1172 cum

690 1194 849 1246 latronibus.
883 1194 953 1244 Vide
978 1192 1134 1251 caritatem,
1158 1190 1222 1259 quia

691 1265 814 1331 indulget
839 1263 1070 1331 crucifigentibus.
1098 1261 1168 1312 Vide
1197 1273 1223 1313 et

690 1345 890 1402 paupertatem:
896 1349 1004 1403 pauper·
1029 1333 1103 1384 enim
1118 1330 1225 1398 fuitei

690 1409 717 1459 in
743 1408 890 1459 laboribus.
927 1408 1121 1473 Paupertatem
1146 1414 1223 1455 tuam

690 1478 808 1528 ostendit
823 1477 902 1537 mihi,
920 1491 1022 1543 pauper
1047 1476 1120 1538 Jesu,
1134 1483 1222 1525 mater

690 1546 862 1608 tua,familia
883 1557 938 1605 tua,
961 1547 1060 1596 domus
1082 1556 1147 1609 tua,
1170 1543 1224 1594 do-

692 1633 762 1678 mus,
782 1617 905 1684 inquam,
925 1614 1061 1683 praesepii,
1083 1612 1223 1674 coenaculi‚

691 1691 820 1758 patibuli,
855 1700 883 1741 et
919 1690 1038 1749 tumuli,
1077 1704 1124 1738 nec
1167 1702 1222 1737 non

691 1762 843 1829 equitatura
854 1761 936 1812 mine
950 1773 976 1811 et
993 1760 1071 1828 pulli.
1093 1759 1145 1810 Ubi
1158 1767 1223 1809 sunt

691 1831 809 1898 insignia
824 1841 880 1891 tua,
905 1833 961 1882 Rex
977 1846 1082 1898 regum,
1098 1828 1222 1895 princeps

692 1914 851 1970 pastorum<
866 1902 919 1953 Ubi
933 1913 974 1953 est
992 1902 1146 1968 equitatura
1165 1908 1222 1959 tua,
1264 1940 1269 1950 .

692 1973 774 2024 uestis
801 1987 957 2039 purpurea,
985 1971 1135 2038 palatium,
1162 1983 1223 2019 sce-

691 2052 793 2111 ptrum,
811 2044 920 2104 solium,
940 2054 967 2094 et
990 2043 1113 2093 diadema
1131 2039 1225 2106 regni!

692 2116 746 2168 Ubi
764 2127 828 2167 sunt
844 2126 1002 2166 ornamenta
1017 2124 1072 2173 tua,
1085 2111 1224 2164 Sacerdos

693 2189 721 2238 in
732 2195 859 2238 ‘eternum
873 2197 901 2239 et
914 2185 1047 2242 Pontifex
1057 2184 1220 2250 saturarent
1243 2252 1247 2257 ι

693 2260 846 2311 bonorum?
862 2259 915 2311 Ubi
929 2268 992 2310 sunt
1013 2257 1146 2323 praetiosa,
1167 2270 1221 2306 an-

693 2333 775 2382 nulus
788 2342 815 2382 et
834 2347 949 2398 gemma,
965 2330 1077 2380 baculus
1096 2338 1123 2379 et
1141 2342 1224 2394 cappa

693 2403 786 2462 serica,
801 2401 963 2453 chirothecae
975 2411 1001 2452 et
1016 2398 1156 2453 endunt
1169 2397 1222 2450 Ubi

693 2482 759 2525 sunt
770 2486 847 2522 arma
865 2471 969 2527 bellica.
980 2470 1060 2521 fortis
1072 2479 1187 2530 armate„
1199 2477 1225 2519 et

694 2543 773 2594 miles
785 2542 868 2594 nove?
885 2543 944 2593 Non
959 2541 1045 2593 defuit
1058 2540 1109 2592 tibi
1123 2540 1152 2590 in
1167 2532 1226 2606 glo-

694 2614 736 2665 ria
747 2613 833 2679 alapa,
854 2612 941 2664 vestis
956 2613 1028 2672 alba,
1041 2622 1070 2662 et
1081 2623 1225 2678 purpurea.

694 2687 755 2738 Non
770 2686 856 2738 defuit
870 2701 960 2754 pugna
975 2703 983 2736 t
997 2684 1127 2752 superasti
1140 2685 1225 2734 latro-

692 2775 757 2822 nem
771 2770 799 2810 et
808 2770 933 2818 mortem,
948 2756 1070 2825 spoliasti
1086 2754 1224 2806 infernum

694 2829 786 2881 omnia
800 2830 972 2896 spoliantem,
987 2828 1014 2877 in
1029 2827 1110 2877 funda
1123 2824 1221 2875 vineu-

694 2902 794 2960 lorum,
809 2900 838 2951 in
851 2900 988 2967 lapidibus
1000 2899 1122 2964 quinque
1133 2895 1224 2945 vulne-

694 2987 765 3032 rum,
790 2971 819 3021 in
842 2970 936 3021 baculo
959 2968 1056 3018 crucis.
1083 2964 1137 3016 Ubi
1159 2975 1224 3015 sunt

695 3041 797 3091 codices
809 3039 859 3102 tui,
872 3038 999 3105 Magister
1015 3036 1132 3102 optime!
1144 3035 1224 3086 Liber

695 3122 768 3174 tuus,
787 3125 884 3175 corpus
903 3119 993 3166 tuum,
1012 3106 1127 3172 scriptus
1150 3106 1225 3157 intus

695 3194 722 3235 et
743 3183 820 3246 foris,
845 3182 961 3248 scriptus
985 3180 1073 3247 spinis
1093 3190 1118 3230 et
1133 3179 1224 3240 claris,

696 3253 866 3304 illuminatus
878 3253 951 3302 unda
964 3250 1114 3317 sanguinis,
1129 3251 1226 3318 ligatus
1283 3264 1289 3275 ·

694 3323 821 3382 vinculis.
838 3323 963 3388 signatus
985 3323 1078 3372 clavis.
1107 3321 1226 3372 Attende

696 3407 722 3448 et
747 3397 829 3461 hujus
845 3396 944 3446 mortis
963 3395 1177 3458 diuturnitatem,
1200 3404 1226 3446 et

695 3465 900 3534 prepositiones
914 3465 1101 3526 acerbitatum,
1117 3476 1144 3516 et
1156 3479 1225 3531 pone

696 3552 776 3603 super
796 3548 875 3602 ceput
891 3548 979 3596 tuum,
1003 3537 1076 3598 sicut
1097 3537 1225 3602 signant·

695 3609 754 3658 lum
764 3625 776 3673 ·,
785 3607 856 3658 inter
870 3609 953 3659 ubera
964 3619 1019 3669 tua,
1035 3608 1107 3659 sicut
1118 3608 1227 3659 fescicu-

696 3682 765 3743 lum,
774 3679 843 3731 sicut
852 3680 1004 3732 antidotum
1016 3692 1108 3732 contra
1116 3696 1227 3731 omnem

697 3751 833 3802 morbum.
856 3751 977 3802 Ascende
1004 3766 1084 3816 super
1108 3751 1226 3816 palmam

697 3823 793 3884 crucis,
809 3839 856 3890 per
867 3823 1094 3891 compassionem,
1109 3823 1227 3889 medita-
