2626 4328
169 202 221 253 600

168 319 308 373 debemus.
324 321 390 371 Tale
415 321 489 373 enim
510 321 605 372 vinum
620 338 701 390 myr-

167 390 275 447 rhatum
292 401 318 441 et
343 392 460 447 fellitum
477 393 603 445 Christus
617 409 633 451 a
648 411 700 445 no-

165 460 211 515 bis,
219 460 285 525 sitit,
301 473 327 512 et
342 462 463 513 oblatum
477 462 593 514 libenter
602 475 700 531 gustat,

166 535 212 584 sed
231 551 286 584 non
300 537 358 585 vult
374 536 465 585 bibere
488 547 514 586 et
539 537 567 586 in
583 554 611 589 se
626 539 701 604 traji-

166 622 233 666 cere,
249 607 312 672 quia
328 607 385 673 ipsc
397 607 533 658 binorum
546 619 701 659 nostrorum

166 694 221 735 non
239 688 308 743 eget.
327 678 404 737 >Quid
437 679 511 728 enim
538 680 647 731 Christo
669 681 702 730 de

165 759 256 799 nostra
271 749 429 807 devotione,
446 749 662 811 mortificatione,
676 761 703 800 et

167 821 376 885 compunctione
403 822 547 872 accrescit?
565 823 617 873 Sed
639 823 702 875 talia

166 891 199 940 ab
240 907 271 940 eo
310 901 444 957 gratanter
484 902 588 959 gustata
623 893 702 943 nobis

166 961 304 1027 relinquit,
315 962 414 1028 quibus
438 963 526 1014 omnia
550 964 596 1014 illa
612 978 702 1030 coope-

167 1039 264 1082 rantur
289 1033 314 1082 in
345 1034 458 1094 bonum,
488 1034 544 1103 imo
571 1045 598 1085 et
625 1051 701 1085 ama-

167 1120 195 1155 ra
211 1105 280 1156 fiunt
303 1107 384 1157 nobis
406 1107 504 1170 dulcia,
528 1108 624 1158 merito
646 1123 701 1158 suae

169 1177 315 1228 Passionis.
341 1207 370 1216 -
397 1179 480 1229 Aliud
508 1180 700 1230 documentum

166 1259 206 1298 est
228 1249 384 1315 accipiendo
401 1249 451 1298 ista
472 1250 499 1299 in
513 1251 584 1300 malo
608 1266 698 1310 sensu,

166 1320 238 1383 quod
251 1335 301 1369 nos
318 1334 459 1369 caveamus
476 1336 508 1370 ne
522 1320 617 1371 vinum
629 1337 699 1386 myr-

165 1390 273 1440 rhatum
288 1391 328 1440 vel
342 1390 457 1440 fellitum
475 1391 585 1441 Christo
601 1391 699 1441 biben-

165 1461 231 1510 dum
254 1461 416 1519 offeramus,
443 1460 507 1527 quia
535 1461 604 1512 sicut
633 1472 697 1512 tunc

164 1530 261 1587 Jurlaei,
284 1530 320 1578 ita
344 1529 425 1579 etiam
456 1530 520 1579 mali
550 1530 697 1582 Christiani

165 1600 228 1648 dant
251 1600 306 1649 Deo
328 1599 477 1649 bibendum
500 1615 622 1651 amarum
647 1619 698 1668 po-

165 1682 233 1734 tum,
246 1682 272 1721 et
286 1672 395 1722 Christo
408 1672 510 1723 sitienti
519 1674 633 1724 salutern
645 1676 698 1725 ani-

165 1758 279 1804 marum,
290 1743 406 1794 offerunt
419 1744 630 1795 amaritudinem
642 1763 699 1812 pec-

165 1823 293 1864 catorum.
328 1814 489 1880 Quicunque
521 1815 595 1867 enim
628 1828 699 1867 recte

165 1884 285 1946 credunt,
308 1885 353 1934 sed
370 1885 439 1934 male
452 1885 556 1946 vivunt,
572 1886 601 1935 hi
618 1887 698 1937 Chri-

165 1964 207 2003 sto
222 1953 286 2003 dant
297 1955 387 2005 bibere
401 1955 495 2005 vinum
513 1972 573 2007 cum
589 1958 698 2023 myrrha

165 2034 191 2074 et
205 2023 265 2075 felle
279 2025 412 2075 mixtum:
429 2026 495 2092 quia
506 2029 601 2077 vinum
615 2028 698 2079 Chri-

165 2096 258 2146 stianae
283 2095 462 2162 professionis
476 2098 518 2147 vel
536 2099 697 2159 devotionis,

165 2168 279 2219 miscent
296 2185 357 2218 cum
374 2169 488 2234 myrrha
501 2179 526 2219 et
539 2169 600 2219 felle
617 2185 698 2220 scan-

164 2239 262 2290 dalosae
279 2239 504 2300 conversationis,
520 2241 547 2290 in
565 2250 697 2306 quantum

165 2320 235 2368 male
264 2318 385 2369 vivendo
416 2319 594 2370 scandalizant
606 2321 698 2370 Eccle-

163 2391 241 2451 siam,
267 2393 360 2458 quales
384 2402 448 2442 sunt
472 2392 604 2458 praecipue
632 2393 696 2443 mali

165 2463 274 2528 praelati,
289 2465 448 2525 sacerdotes,
471 2474 497 2515 et
520 2465 655 2525 monachi,
671 2477 697 2516 et

167 2533 225 2582 aliae
250 2549 371 2597 personae
406 2536 547 2601 religionis
580 2537 696 2602 speciem

167 2604 372 2666 praetendentes,
391 2605 438 2671 qui
454 2606 602 2670 specialiter
622 2622 650 2657 se
663 2607 696 2657 ad

164 2672 268 2721 cultum
292 2674 340 2722 Dei
361 2674 532 2726 devoverunt.
562 2675 615 2734 Qui
641 2693 696 2742 prro

164 2741 258 2791 ceteris
275 2741 441 2793 Christianis
461 2743 556 2793 vinum
574 2743 696 2794 devotio-

166 2814 208 2863 nis
237 2814 310 2879 quod
332 2814 418 2863 Deum
435 2823 461 2863 et
475 2813 601 2865 homines
624 2816 696 2865 lteti-

164 2885 233 2944 licat,
246 2885 302 2934 Deo
320 2884 413 2934 offerre
437 2884 574 2945 deberent,
589 2886 634 2934 sed
650 2903 697 2952 per

163 2971 239 3006 suam
260 2956 447 3007 scandalosam
463 2956 695 3007 conversationem

164 3029 259 3077 vinum
273 3044 353 3078 suum
365 3029 474 3093 myrrha
491 3039 516 3078 et
531 3027 592 3079 felle
610 3030 696 3078 malo-

164 3116 226 3150 rum
243 3103 429 3167 exemplorum
447 3101 572 3160 miscent,
594 3112 621 3151 et
644 3102 695 3153 hoc

164 3173 219 3222 Deo
234 3173 361 3238 offerunt3
383 3174 483 3240 quibus
500 3173 635 3224 Dominus
649 3191 695 3229 ex-

163 3243 268 3305 probat,
279 3244 368 3293 dicens
382 3245 464 3311 :Ego
472 3251 560 3295 autem
570 3244 696 3311 plantavi

162 3318 189 3360 te
201 3313 303 3363 vineam
312 3315 430 3376 electam,
442 3314 572 3378 quonrodo
582 3329 695 3365 conver-

161 3397 193 3432 sa
214 3397 242 3433 es
262 3385 288 3434 in
305 3384 538 3435 arreni-itudinem?
557 3386 611 3440 Alii
629 3395 695 3436 sunt

160 3455 207 3520 qui
222 3471 326 3508 acetum
342 3458 370 3506 in
385 3459 499 3523 spongia
514 3474 575 3507 cum
590 3460 693 3508 calamo

160 3529 279 3579 Domino
291 3531 416 3590 offerunt,
432 3532 479 3597 qui
494 3543 632 3583 extraneas
643 3542 695 3582 eta

160 3601 268 3651 veritate
289 3603 389 3653 alienas
412 3605 558 3655 sententias
573 3621 605 3660 ex
619 3605 693 3655 Scri-

160 3680 237 3735 ptura
255 3673 389 3738 applicant
411 3675 522 3725 Christo
546 3675 624 3741 quasi
649 3691 693 3726 eas

160 3740 270 3807 dicenti3
286 3746 378 3810 quales
393 3757 457 3795 sunt
476 3746 523 3812 qui
543 3747 693 3812 singulares

161 3828 265 3877 sensuS,
281 3830 295 3865 a
309 3817 446 3867 communi
460 3817 584 3868 Ecclesiae
595 3816 694 3869 doctri-

455 205 629 263 SECUNDAE
645 206 769 263 PARTIS
785 208 902 261 CAPUT
918 211 1016 269 LXIII..

754 342 789 379 na
810 336 959 389 extraneos,
983 346 1015 381 ex
1031 329 1171 397 Scriptura
1183 331 1274 387 osten

754 398 914 458 moliuntur,
931 409 958 451 et
970 402 1009 457 sic
1026 401 1055 452 in
1071 417 1176 455 errores
1189 402 1270 459 homi·
1303 404 1306 409 ‘

755 475 803 510 nes
832 461 950 515 mittunt.
973 464 1007 515 lli
1030 463 1105 514 enim
1142 466 1271 533 spongiam

754 541 827 581 aceto
842 532 994 598 implentes.
1005 535 1109 587 calamo
1119 533 1274 600 Scriptum

754 603 910 669 imponunt,
929 615 957 656 et
974 604 1014 656 ori
1035 606 1092 671 eius
1113 605 1238 666 offerunt,
1252 614 1273 657 et
1309 618 1311 663 ;

754 675 816 724 talis
837 687 919 741 potus
939 686 979 726 est
1002 676 1113 729 Christo
1138 676 1269 743 insipidus,

755 760 815 795 nam
835 761 894 797 eum
910 753 1058 813 gustasset,
1078 747 1168 799 noluit
1188 749 1271 800 bitere.
1309 782 1311 813 ,

753 845 785 853 -
799 817 837 867 Ex
852 834 908 883 quo
921 819 1000 869 etiam
1016 819 1095 871 nobis
1109 820 1190 871 datur
1200 820 1273 871 docu-
1309 826 1311 885 ξ

755 897 887 948 mentum.
903 891 976 954 quod
993 890 1062 939 sicut
1079 889 1208 943 Christus
1228 906 1272 941 non
1309 906 1311 923 ¹

753 958 914 1027 dedignatus
936 962 987 1016 fuit
1007 978 1055 1026 pro
1077 962 1158 1015 nobis
1182 972 1271 1015 acetum

753 1041 868 1096 gustare,
887 1033 1002 1085 sednon
1024 1032 1110 1096 bibit;
1134 1033 1215 1085 sicet
1231 1048 1272 1084 nos

753 1117 803 1157 suo
828 1104 951 1169 exemplo
978 1103 1113 1154 discamus
1144 1104 1270 1167 predicto·

752 1173 842 1229 aridos
856 1173 981 1229 homines
1003 1185 1060 1227 tam
1073 1174 1269 1227 scandalososin

752 1247 818 1307 vita,
831 1262 913 1312 quam
927 1247 1129 1313 superstitiosos
1142 1248 1173 1298 in
1193 1246 1271 1299 doctri

753 1334 796 1379 na,
820 1330 930 1387 gustare
949 1318 1070 1384 quidem,
1085 1318 1113 1369 id
1134 1329 1176 1373 est
1194 1318 1271 1387 patiet

752 1389 874 1448 tolerare,
891 1390 936 1439 sed
952 1404 1125 1455 nequaquam
1140 1389 1237 1453 bibere,
1252 1396 1272 1437 et

752 1475 847 1509 eorum
863 1459 946 1511 vitam
961 1470 987 1510 et
1005 1460 1129 1525 exempla
1142 1460 1222 1513 nobis
1236 1459 1271 1508 in·

752 1546 902 1595 corporate,
909 1531 1140 1596 quemadmodum
1150 1529 1271 1587 Dominus

751 1613 842 1653 noster
852 1614 955 1653 acetum
969 1617 1024 1655 non
1036 1602 1106 1652 bibit
1117 1619 1125 1665 ;
1140 1602 1206 1675 quis
1217 1601 1270 1652 tales

752 1675 781 1724 in
797 1691 896 1740 corpus
911 1677 967 1741 ejus
983 1675 1066 1740 trajici
1088 1691 1144 1726 non
1162 1682 1269 1745 possunt.

751 1774 781 1783 —
796 1747 862 1796 Item
877 1756 917 1796 est
931 1748 1137 1807 documentum,
1153 1762 1201 1813 pro
1218 1742 1272 1795 reli·

751 1819 835 1884 giosis
866 1830 892 1871 et
924 1819 1134 1885 poenitentibus,
1155 1818 1227 1889 quod
1252 1813 1274 1865 si

750 1891 859 1956 quando
872 1891 910 1941 eis
926 1890 1070 1956 apponitur
1090 1890 1169 1941 cibus
1178 1890 1219 1941 vel
1231 1902 1272 1955 po·

751 1972 794 2011 tus
811 1960 1005 2027 poenitentialis
1015 1969 1042 2009 et
1056 1959 1151 2010 minus
1163 1958 1279 2025 sapidus,

750 2031 896 2097 recogitent
919 2031 1059 2081 Christum
1083 2029 1146 2080 felle
1166 2040 1193 2083 et
1212 2037 1272 2080 aceto
1309 2060 1311 2075 ,

750 2120 798 2170 pro
818 2103 896 2153 nobis
919 2114 1048 2168 potatum.
1065 2103 1138 2153 Post
1157 2098 1272 2167 concupi·
1309 2112 1311 2129 ¹

749 2176 868 2227 scenitas
881 2191 943 2241 ergo
963 2181 1024 2225 tuas
1050 2190 1106 2224 non
1126 2174 1206 2225 abeas
1214 2168 1273 2239 ,sed

749 2261 792 2296 eas
811 2245 925 2295 viriliter
947 2244 1063 2310 frangas,
1085 2254 1112 2294 et
1136 2254 1203 2295 tunc
1222 2242 1273 2295 felle

749 2315 938 2366 amaritudinis
952 2331 1015 2364 cum
1029 2314 1128 2367 dilecto
1149 2323 1197 2366 tuo
1207 2322 1274 2381 pota·

749 2386 829 2438 beris.
839 2387 880 2439 Ad
892 2384 1120 2440 conformandum
1131 2399 1162 2435 se
1171 2384 1236 2437 huic,
1244 2395 1277 2432 ar-

749 2459 840 2519 ticulo,
847 2459 975 2527 recogitet
984 2458 1067 2506 homo
1075 2466 1179 2523 quanto
1189 2454 1278 2507 deside·

748 2533 789 2583 rio
801 2533 920 2582 Salvator
935 2539 1024 2580 noster
1041 2529 1157 2580 salutem
1168 2538 1277 2579 nostram

748 2604 841 2666 sitivit,
857 2618 905 2669 pro
924 2617 977 2667 qua
1001 2600 1082 2650 etiam
1106 2611 1212 2651 acetum
1224 2611 1278 2649 cum

749 2676 858 2743 myrrha
881 2684 908 2724 et
927 2673 988 2724 felle
999 2673 1117 2739 accipere
1132 2688 1190 2723 non
1204 2668 1275 2743 detl-

748 2755 844 2810 gnatus
859 2744 918 2801 fuit,
940 2745 972 2794 ad
992 2743 1194 2795 ostendendum
1210 2738 1276 2811 quod

749 2830 805 2864 non
822 2815 944 2873 salutem,
960 2829 1021 2880 quae
1043 2822 1085 2866 est
1106 2812 1163 2864 vita
1176 2820 1278 2866 reterns,

748 2885 877 2951 consequi
897 2886 1041 2945 valeamus,
1060 2883 1113 2935 nisi
1127 2883 1205 2953 prius
1217 2896 1283 2933 ama-

746 2958 893 3011 ritudinem
907 2958 968 3008 vitae
980 2957 1120 3024 praesentis
1137 2964 1281 3021 gustemus.

747 3030 822 3092 Jesu,
842 3030 887 3095 qui
913 3035 1032 3079 nostram
1055 3028 1170 3079 salutem
1192 3024 1282 3077 sitiens

748 3108 823 3152 aceto
844 3106 870 3151 et
890 3101 951 3150 vino
977 3099 1121 3165 myrrhato
1144 3113 1204 3149 eum
1215 3094 1282 3163 felle

743 3173 838 3240 potari
849 3172 967 3234 voluisti,
987 3170 1065 3225 salua
1088 3184 1129 3220 me
1154 3176 1201 3221 tua
1213 3180 1281 3235 gra·

748 3245 816 3297 tutta
836 3244 931 3309 gratia
954 3243 980 3293 in
1007 3254 1115 3293 numero
1137 3237 1282 3291 salvando-

747 3331 821 3376 rum,
840 3322 865 3365 et
885 3316 921 3365 dn
939 3313 1004 3364 milri
1026 3325 1107 3362 versa
1132 3311 1191 3362 vice
1208 3308 1283 3361 sitire

748 3392 774 3436 te
784 3385 882 3442 sontem
893 3387 955 3436 vitae
969 3392 996 3435 et
1005 3397 1084 3450 aquoe
1096 3382 1167 3433 vivoe
1181 3399 1190 3433 .·
1204 3378 1284 3431 eorde

748 3458 971 3522 diligentiqaure
985 3454 1122 3507 laudando
1141 3459 1168 3505 et
1180 3449 1284 3519 proedi·

747 3526 842 3592 cando,
851 3536 877 3579 et
888 3543 1006 3579 amorem
1014 3527 1051 3578 ad
1059 3533 1084 3576 te
1097 3525 1216 3577 habitum
1224 3534 1283 3589 ope·

747 3602 824 3650 ribus
849 3599 1019 3651 ostendendo.
1045 3598 1104 3648 Fac
1127 3611 1170 3648 me
1197 3593 1283 3645 vinam

748 3672 905 3732 devotionis,
923 3686 981 3722 cum
1000 3669 1113 3735 myrrha
1133 3664 1282 3746 mortificas

748 3745 828 3796 tionis
849 3742 994 3794 carnisne
1011 3738 1081 3805 selle
1090 3733 1286 3804 penitentialis

746 3812 962 3883 conpunctionis,
990 3811 1037 3861 tibi
1057 3809 1140 3875 digne
1160 3806 1281 3877 offe-rm
