2626 4328
338 304 385 354 DE
401 304 525 364 SEXTA,
544 305 578 354 IN
597 305 766 356 PASSIONE
782 305 919 360 DOMINI.

68 422 138 472 Vide
159 421 243 473 etiam
264 422 411 473 Dominum
432 431 511 472 tuum
528 429 604 470 stan-

67 505 124 545 tem
140 509 224 560 super
237 495 335 546 solium
351 494 496 554 excelsum,
513 504 540 544 et
554 508 604 559 pa-

67 576 159 614 ratum
173 565 207 614 ad
222 565 411 630 judicandum3
429 579 455 614 et
471 563 532 613 ideo
549 563 603 612 duo

66 635 198 687 homines
211 636 349 687 hincinde
367 647 515 702 ponuntur,
530 651 603 701 quo-

66 724 129 758 rum
148 724 222 759 unus
243 709 368 769 salvatur,
387 709 453 758 alter
472 708 603 758 condem-

65 789 157 828 natur.
183 778 253 828 Vide
271 778 353 828 etiam
378 777 528 836 Christum,
554 777 602 843 qui

65 858 105 899 est
125 849 264 914 Pontifex
282 847 442 913 futurorum
466 851 600 911 sermm,

64 919 184 987 qualiter
204 919 322 970 extensis
339 919 457 970 brachiis
470 930 497 970 et
511 919 601 969 mani-

64 994 117 1044 bus
133 993 213 1043 offert
235 993 352 1043 hostiam
376 1009 480 1060 puram,
501 993 602 1044 scilicet

63 1078 171 1114 carnem
194 1078 272 1113 suam
296 1063 440 1130 pretiosam
455 1080 504 1131 pro
522 1063 601 1113 nobis

62 1151 148 1202 super
161 1135 246 1186 altare
259 1135 354 1186 crucis.

94 1224 132 1276 ²7
147 1209 254 1260 Samii
271 1225 356 1258 vanas
372 1208 480 1259 Canisrr
496 1224 524 1258 nr
540 1223 601 1258 cnu-

61 1298 104 1332 cs.
117 1310 153 1323 -
163 1282 234 1333 Vide
250 1281 330 1332 etiam
346 1281 505 1347 Magistrum
520 1291 599 1331 tuum

62 1354 183 1420 qualiter
209 1364 262 1405 stat
282 1355 312 1404 in
334 1356 388 1404 alto
414 1364 440 1404 et
463 1354 598 1419 praedicat.

62 1425 201 1476 Dominus
213 1425 289 1475 enim
304 1424 384 1476 etiam
403 1425 431 1474 in
446 1440 523 1474 cruce
537 1440 600 1490 pen-

61 1497 139 1556 dens,
162 1497 246 1547 etiam
266 1511 353 1562 usqne
373 1497 405 1546 ad
421 1496 525 1545 exitum
539 1495 598 1562 spi-

61 1566 131 1617 ritus
145 1583 202 1617 non
221 1566 274 1616 fuit
295 1567 409 1627 otiosus,
426 1567 471 1617 sed
485 1565 599 1616 faciebat

60 1649 87 1690 et
107 1638 215 1690 dioebat
228 1638 305 1689 utilia
329 1654 377 1704 pro
398 1638 492 1703 nobis;
515 1639 597 1696 unde,

60 1710 212 1760 secundum
234 1709 425 1774 augustinum,
450 1723 479 1758 se
504 1708 599 1759 habuit

59 1782 129 1833 sictrt
150 1781 281 1847 magister
295 1780 330 1833 in
354 1782 487 1840 cathedra,
511 1791 538 1832 et
561 1783 598 1832 li-

61 1868 147 1918 gnum
163 1852 308 1918 pendentis
327 1851 427 1903 factum
451 1862 492 1902 est
506 1853 599 1904 cathe-

59 1927 108 1978 dra
142 1927 275 1977 docentis.
307 1926 359 1978 Ubi
390 1937 492 1992 septem
518 1927 598 1978 verba

60 1997 245 2048 acutissima
259 2012 319 2063 quae
334 1997 404 2046 dixit
419 1999 447 2047 in
460 2013 537 2047 cruce
554 2014 598 2063 po

60 2069 137 2129 situs,
159 2067 277 2118 breviter
297 2067 346 2117 tibi
364 2079 436 2127 nota,
452 2077 478 2118 et
498 2083 530 2118 ea
543 2067 598 2118 fre-

60 2151 175 2207 quenter
202 2156 266 2191 cum
289 2141 434 2191 devotione
457 2151 596 2206 pertracta.

63 2212 109 2262 Per
124 2212 185 2263 haec
198 2222 289 2262 autem
306 2222 409 2277 septem
434 2212 515 2262 verba
531 2229 597 2278 pos·

61 2297 157 2333 sumus
182 2282 269 2332 facere
302 2281 512 2332 exclamationes
544 2299 597 2333 no-

58 2362 135 2415 stras,
145 2353 230 2403 modo
241 2354 358 2402 tenendo
373 2353 477 2403 Patrem
487 2354 597 2405 Domini

60 2421 155 2484 nostri,
170 2434 198 2475 et
212 2425 347 2475 causando
361 2435 454 2475 contra
473 2426 596 2491 Judaeos3

59 2497 141 2546 modo
154 2496 344 2560 compatiendo
358 2496 477 2546 Domino
495 2507 596 2558 nostro,

61 2565 141 2615 modo
155 2565 237 2616 Matri
255 2566 321 2629 ejus,
344 2566 429 2614 modo
446 2565 526 2616 nobis
544 2567 597 2617 mi-

61 2638 135 2699 seris,
159 2649 189 2690 et
210 2638 312 2689 influe
335 2639 478 2703 cuiuslibet
499 2641 597 2690 verbo-

62 2722 120 2759 rum
138 2707 229 2758 facere
241 2709 401 2758 orationem.
420 2709 539 2769 Quidam
554 2721 597 2761 ta-

61 2781 596 2847 meaverbaoctodistinguunt,rerbum

61 2851 169 2902 tertium
190 2851 293 2902 induo
314 2852 458 2903 dividendo
481 2871 488 2902 z
512 2854 597 2904 itaut

62 2922 156 2974 dixerit
173 2924 231 2974 duo
246 2939 295 2989 pro
315 2924 510 2989 peccatoribus,
526 2926 597 2977 scili·

62 3003 99 3043 cet
112 3009 120 3043 :
131 2995 228 3056 Pater,
240 2996 351 3059 ignosce
361 2995 425 3056 iliis,
442 3006 467 3045 et
482 3012 490 3044 :
505 2996 597 3046 Hodie

63 3077 159 3114 mecm
174 3065 233 3115 eris
256 3064 284 3113 in
299 3066 435 3128 paradiso
441 3083 451 3129 ;
472 3066 526 3116 duo
546 3082 596 3130 pro

63 3133 146 3201 bonis,
168 3136 272 3187 scilicet
289 3153 295 3186 :
311 3137 422 3201 Mulier,
449 3153 509 3189 ecce
521 3139 596 3199 filius

63 3209 128 3265 tuus,
144 3216 172 3256 et
186 3223 195 3255 τ
212 3206 387 3257 Εεοεηιαῑεν
400 3215 463 3270 tua;
477 3209 533 3259 duo
547 3225 595 3274 pro

10 3306 12 3347 ἱ
63 3275 184 3326 universo
216 3277 329 3338 mundo,
351 3277 454 3328 scilicet
480 3295 487 3328 ε
514 3280 594 3342 sirio,

10 3370 13 3399 e
64 3353 113 3395 et:
136 3347 356 3399 consumatum
383 3355 440 3412 θεῖς
465 3350 520 3400 duo
545 3366 594 3416 pro

10 3450 12 3457 -
62 3417 158 3483 seipso,
173 3419 298 3470 scilicet:
315 3422 391 3470 Deus
403 3436 486 3485 meus,
503 3423 596 3488 mquid

63 3489 227 3557 dereliquisti
239 3492 306 3542 me?
319 3503 365 3543 et:
382 3495 476 3557 Pater,
492 3495 520 3544 iu
536 3510 595 3544 ma-

63 3574 106 3613 tus
116 3570 181 3622 trias
192 3566 347 3616 commendo
360 3566 486 3631 spiritum
499 3582 594 3617 meum.

10 3630 13 3639 '
89 3632 128 3683 αἱ
147 3634 237 3684 Ριωιο
252 3651 348 3696 vaano,
372 3651 443 3686 onir
462 3653 515 3686 ano
527 3653 595 3687 cnu-

61 3716 241 3756 tmeurrsus
258 3722 322 3756 turs.
339 3735 370 3747 α-
387 3708 511 3759 Primum
531 3724 594 3758 ver-

64 3769 123 3824 bum
133 3774 188 3826 fuit
199 3775 229 3825 in
245 3776 305 3840 ipso
325 3787 386 3827 actu
398 3777 593 3837 crucifixionis,

64 3858 119 3897 urm
132 3863 183 3913 pro
202 3848 261 3898 suis
277 3848 486 3900 crucifixoribus
499 3850 595 3901 inimi-

62 3913 96 3966 cis
107 3917 313 3979 crudelissimis,
329 3919 419 3984 ipsum
439 3921 471 3970 ad
489 3936 594 3971 crucem

376 4164 391 4191 θ

1141 311 1192 362 585

657 419 960 487 fabricantibus,oravit,
971 426 1063 478 dicens
1076 444 1082 476 :
1096 428 1190 493 Pater,

658 491 760 544 dimitte
774 495 831 546 illis
839 514 849 558 ;
869 512 919 547 non
942 497 1010 546 enim
1025 497 1113 547 sciunt
1126 500 1192 564 quid

652 561 771 626 faciunt,
798 565 900 616 scilicet
921 567 1024 616 bonum
1051 566 1137 627 mihi,
1164 579 1190 619 et

657 633 760 683 malurn
782 635 844 685 sibi.
870 637 972 686 Revera
991 637 1028 686 ita
1048 647 1087 687 est
1105 655 1111 687 :
1127 638 1192 703 quia

656 704 705 769 qui
719 706 794 756 alteri
807 709 908 758 malum
924 709 996 768 iacit,
1010 709 1095 759 nescit
1108 725 1192 776 quan·

656 785 711 824 tam
725 791 832 840 poenam
847 788 873 827 et
891 780 997 844 culpam
1013 778 1065 829 sibi
1083 779 1190 841 inferat,

655 859 839 916 quantamque
870 851 983 917 gratiam
1012 863 1038 902 et
1063 868 1191 904 coronam

655 919 729 968 alteri
752 921 882 986 acquirat.
904 923 962 980 Vel,
985 924 1106 973 nesciunt
1127 924 1191 989 quid

649 987 768 1053 jaciunt,
785 991 909 1057 ignorant
923 992 997 1042 enim
1012 994 1086 1058 quod
1103 994 1190 1045 Filius

655 1070 718 1109 tuus
739 1076 800 1110 sum
818 1077 900 1127 quem
922 1063 1090 1129 crucifigunt.
1115 1065 1191 1116 Unde

655 1129 866 1197 Chrysostomus
889 1150 898 1182 .·
923 1151 936 1178 a
962 1135 1033 1193 Quia
1056 1135 1191 1186 Dominus

653 1200 780 1251 dixerat:
799 1202 883 1252 Orate
893 1218 946 1268 pro
972 1206 1191 1269 persequentibus

653 1287 710 1336 vos,
735 1274 786 1325 hoc
810 1275 890 1325 etiam
915 1291 1020 1326 crucem
1041 1279 1190 1328 ascendens

653 1347 724 1412 fecit,
747 1350 864 1400 dicens:
880 1352 974 1413 Pater,
999 1352 1103 1402 dimitte
1117 1352 1189 1414 illis;

654 1437 709 1471 non
725 1422 790 1487 quia
808 1439 863 1473 non
879 1433 969 1488 posset
988 1424 1045 1489 ipse
1063 1425 1189 1485 relaxare,

652 1495 699 1544 sed
713 1505 743 1544 ut
757 1511 806 1546 nos
818 1513 866 1562 pro
880 1497 1103 1563 persequentibus
1115 1512 1191 1548 orare

652 1567 767 1630 doceret,
784 1584 839 1619 non
851 1570 940 1618 solum
954 1569 1047 1628 verbo,
1063 1570 1109 1619 sed
1124 1584 1190 1634 ope-
1245 1633 1247 1637 ¹

652 1655 689 1688 re.
713 1639 786 1689 Dicit
805 1650 894 1691 autem
917 1657 923 1690 :
945 1640 1057 1691 Dimitte
1076 1640 1141 1702 iltis,
1166 1639 1189 1690 si

652 1712 843 1777 poenituerint3
870 1711 939 1762 favet
957 1712 1032 1761 enim
1054 1712 1190 1778 poeniten-

652 1782 726 1833 tibus
741 1783 764 1832 si
778 1784 879 1833 vellent
896 1794 957 1849 post
972 1794 1073 1834 tantam
1090 1783 1190 1850 nequi-

652 1855 718 1905 tiam
741 1865 830 1906 reatus
852 1871 899 1921 per
923 1855 1006 1905 fidem
1032 1856 1135 1905 diluere
1151 1872 1160 1905 c
1175 1874 1189 1902 n
1225 1894 1227 1899 .

652 1926 709 1976 htec
721 1926 942 1992 chrysostomus.
958 1925 1027 1976 Cum
1043 1941 1106 1991 ergo
1117 1925 1189 1976 dixe·
1273 1950 1275 1955 ·

651 1997 686 2047 rit
702 2013 709 2046 :
726 1997 791 2046 Non
805 1997 874 2047 enim
888 1997 975 2046 sciunt
990 1996 1055 2061 quid
1065 1996 1187 2061 faciunt,

650 2078 730 2133 patet,
747 2068 896 2118 secundum
914 2067 1026 2128 Bedam,
1042 2067 1115 2131 quod
1132 2082 1187 2116 non

651 2157 699 2205 pro
717 2140 757 2191 eis
779 2140 866 2190 orauit
885 2139 932 2205 qui
953 2153 999 2204 per
1015 2138 1147 2187 invidiam
1162 2147 1188 2188 et

650 2212 802 2278 superbiam
826 2227 898 2269 eum,
918 2225 999 2276 quem
1020 2208 1121 2257 Filium
1139 2208 1187 2258 Dei

650 2287 858 2344 intellexerunt,
887 2293 1013 2347 negantes
1044 2279 1187 2330 crucifixe-

651 2366 729 2421 runt3
753 2355 799 2405 sed
826 2371 874 2420 pro
895 2354 935 2403 eis
957 2353 1005 2418 qui
1022 2353 1111 2401 zelum
1137 2351 1186 2401 Dei

650 2431 789 2488 habentes,
805 2429 851 2478 sed
867 2443 921 2476 non
936 2426 1084 2476 secundum
1099 2423 1185 2474 scien-

649 2501 730 2558 tiam,
765 2499 920 2548 nescierunt
954 2496 1019 2563 quid
1057 2495 1186 2546 fecerunt.

651 2572 735 2621 Erant
749 2569 823 2619 enim
840 2568 878 2618 ibi
900 2567 985 2634 aliqui
1009 2566 1149 2631 simplices
1162 2576 1188 2616 et

651 2640 795 2700 illitterati,
826 2655 841 2689 a
867 2637 1052 2689 sacerdotibus
1078 2637 1188 2687 iudaeo-

651 2731 713 2764 rum
735 2713 855 2778 decepti,
880 2713 928 2778 qui
957 2709 1188 2777 persequebantur

650 2784 789 2836 Christum
812 2784 869 2834 zelo
893 2783 981 2849 Legis,
1003 2793 1029 2831 et
1051 2795 1098 2846 pro
1126 2778 1187 2829 istis

650 2857 735 2907 oravit
760 2855 901 2917 Christus3
928 2855 974 2905 alii
998 2863 1088 2902 autem
1110 2860 1187 2919 erant

649 2928 768 2986 litterati,
792 2927 839 2992 qui
859 2927 950 2992 ipsum
971 2939 1029 2974 esse
1045 2921 1186 2972 Christum

650 2999 824 3064 probabiliter
846 3007 985 3055 noverant,
1011 3009 1058 3044 seu
1084 3007 1187 3057 cogno-

650 3084 722 3119 scere
742 3069 901 3128 debuerant,
916 3067 962 3116 sed
977 3081 1008 3115 ex
1023 3063 1085 3113 odio
1100 3072 1127 3112 et
1141 3062 1187 3112 in-

648 3140 719 3190 vidia
735 3137 856 3190 excaecati
871 3138 988 3195 fuerunt,
1003 3145 1029 3185 et
1045 3133 1187 3183 Christum

649 3225 737 3275 usque
759 3209 792 3258 ad
812 3217 928 3257 mortem
953 3202 1085 3271 persecuti
1111 3212 1185 3263 sunt,

649 3292 675 3331 ct
693 3296 743 3346 pro
757 3280 812 3329 illis
830 3294 885 3327 non
898 3277 991 3327 oravit.
1006 3277 1060 3326 Nec
1078 3274 1186 3333 frustra,

649 3351 799 3402 secundum
818 3338 943 3399 eumdeni
959 3348 1070 3406 Bedam,
1091 3345 1187 3405 orarit,

649 3422 698 3472 sed
724 3421 763 3471 eis
786 3419 833 3485 qui
860 3430 921 3484 post
945 3418 1002 3482 ejus
1032 3415 1187 3466 Passionem

649 3493 828 3549 crediderunt,
844 3489 1013 3556 impetravit3
1029 3488 1102 3538 unde
1116 3485 1187 3536 dici-

648 3575 694 3614 tur
708 3564 736 3613 in
755 3562 877 3621 Actibus,
893 3561 967 3628 quod
987 3558 1108 3610 conversi
1124 3567 1188 3608 sunt

649 3651 704 3686 una
717 3635 764 3684 die
779 3633 829 3684 tria
843 3633 941 3693 millia,
955 3643 981 3682 et
990 3633 1042 3682 alia
1052 3631 1096 3680 die
1110 3631 1189 3697 quin·

648 3723 702 3776 que
716 3705 802 3756 millia
819 3723 825 3754 :
845 3721 893 3755 nec
913 3705 1028 3756 dubium
1050 3703 1186 3769 quiahoc

649 3777 803 3846 provenerit
821 3793 853 3828 ex
868 3777 966 3826 virtute
989 3776 1070 3840 hujus
1085 3773 1187 3822 oratio—

649 3851 692 3900 nis
706 3847 819 3899 Christi.
839 3849 880 3897 Ad
896 3862 978 3912 quam
992 3846 1073 3895 etiam
1092 3854 1187 3909 vocem

650 3920 729 3972 multi
752 3920 785 3969 de
810 3919 887 3969 turba
913 3919 1068 3967 ludaeorum
1094 3922 1188 3962 astan-
