<?xml version="1.0" encoding="UTF-8"?>
<!DOCTYPE html PUBLIC "-//W3C//DTD XHTML 1.0 Transitional//EN"
    "http://www.w3.org/TR/xhtml1/DTD/xhtml1-transitional.dtd">
<html xmlns="http://www.w3.org/1999/xhtml" xml:lang="en" lang="en">
 <head>
  <title>
</title>
<meta http-equiv="Content-Type" content="text/html;charset=utf-8" />
  <meta name='ocr-system' content='tesseract 3.04.00' />
  <meta name='ocr-capabilities' content='ocr_page ocr_carea ocr_par ocr_line ocrx_word'/>
</head>
<body>
  <div class='ocr_page' id='page_1' title='image "./vitajesuchristi00rigogoog/vitajesuchristi00rigogoog_0290.png"; bbox 0 0 2626 4328; ppageno 0'>
   <div class='ocr_carea' id='block_1_1' title="bbox 103 213 1216 300">
    <p class='ocr_par' dir='ltr' id='par_1_1' title="bbox 103 213 1216 300">
     <span class='ocr_line' id='line_1_1' title="bbox 103 213 1216 300; baseline -0.005 -10"><span class='ocrx_word' id='word_1_1' title='bbox 103 240 281 300; x_wconf 89' lang='lat' dir='ltr'>QUOMODO</span> <span class='ocrx_word' id='word_1_2' title='bbox 296 213 572 289; x_wconf 79' lang='lat' dir='ltr'>[ion.APPARu1T</span> <span class='ocrx_word' id='word_1_3' title='bbox 592 236 718 288; x_wconf 77' lang='lat' dir='ltr'>UNDEC.</span> <span class='ocrx_word' id='word_1_4' title='bbox 738 237 901 288; x_wconf 89' lang='lat' dir='ltr'>DlSClP.lN</span> <span class='ocrx_word' id='word_1_5' title='bbox 917 237 1040 299; x_wconf 81' lang='lat' dir='ltr'>GALtL,</span> <span class='ocrx_word' id='word_1_6' title='bbox 1051 235 1130 286; x_wconf 90' lang='lat' dir='ltr'>ETC.</span> <span class='ocrx_word' id='word_1_7' title='bbox 1153 233 1216 300; x_wconf 72' lang='lat'>735-</span> 
     </span>
    </p>
   </div>
   <div class='ocr_carea' id='block_1_2' title="bbox 46 354 619 3408">
    <p class='ocr_par' dir='ltr' id='par_1_2' title="bbox 82 354 618 1901">
     <span class='ocr_line' id='line_1_2' title="bbox 85 354 617 421; baseline -0.006 -16"><span class='ocrx_word' id='word_1_8' title='bbox 85 370 133 421; x_wconf 93' lang='lat' dir='ltr'>per</span> <span class='ocrx_word' id='word_1_9' title='bbox 145 355 269 405; x_wconf 90' lang='lat' dir='ltr'>omnium</span> <span class='ocrx_word' id='word_1_10' title='bbox 285 355 429 404; x_wconf 90' lang='lat' dir='ltr'>hominum</span> <span class='ocrx_word' id='word_1_11' title='bbox 449 368 556 412; x_wconf 90' lang='lat' dir='ltr'>nomen,</span> <span class='ocrx_word' id='word_1_12' title='bbox 572 354 617 403; x_wconf 90' lang='lat' dir='ltr'>sed</span> 
     </span>
     <span class='ocr_line' id='line_1_3' title="bbox 85 427 618 491; baseline -0.004 -15"><span class='ocrx_word' id='word_1_13' title='bbox 85 427 166 476; x_wconf 90' lang='lat' dir='ltr'>etiam</span> <span class='ocrx_word' id='word_1_14' title='bbox 195 441 276 491; x_wconf 88' lang='lat' dir='ltr'>super</span> <span class='ocrx_word' id='word_1_15' title='bbox 304 427 427 475; x_wconf 90' lang='lat' dir='ltr'>omnium</span> <span class='ocrx_word' id='word_1_16' title='bbox 452 427 618 491; x_wconf 85' lang='lat' dir='ltr'><strong>Angelorum</strong></span> 
     </span>
     <span class='ocr_line' id='line_1_4' title="bbox 85 495 617 548; baseline -0.008 0"><span class='ocrx_word' id='word_1_17' title='bbox 85 498 297 548; x_wconf 87' lang='lat' dir='ltr'>sanctissimum.</span> <span class='ocrx_word' id='word_1_18' title='bbox 325 498 398 546; x_wconf 92' lang='lat' dir='ltr'>Nulli</span> <span class='ocrx_word' id='word_1_19' title='bbox 425 497 498 546; x_wconf 90' lang='lat' dir='ltr'>enim</span> <span class='ocrx_word' id='word_1_20' title='bbox 524 495 617 546; x_wconf 89' lang='lat' dir='ltr'>homi-</span> 
     </span>
     <span class='ocr_line' id='line_1_5' title="bbox 86 570 617 634; baseline -0.006 -15"><span class='ocrx_word' id='word_1_21' title='bbox 86 587 171 628; x_wconf 91' lang='lat' dir='ltr'>num,</span> <span class='ocrx_word' id='word_1_22' title='bbox 201 571 242 619; x_wconf 90' lang='lat' dir='ltr'>vel</span> <span class='ocrx_word' id='word_1_23' title='bbox 268 570 433 634; x_wconf 76' lang='lat' dir='ltr'>Angelorum</span> <span class='ocrx_word' id='word_1_24' title='bbox 459 583 617 617; x_wconf 91' lang='lat' dir='ltr'>concessum</span> 
     </span>
     <span class='ocr_line' id='line_1_6' title="bbox 85 639 616 705; baseline -0.004 -15"><span class='ocrx_word' id='word_1_25' title='bbox 85 651 133 700; x_wconf 88' lang='lat' dir='ltr'>est,</span> <span class='ocrx_word' id='word_1_26' title='bbox 147 653 176 690; x_wconf 94' lang='lat' dir='ltr'>ut</span> <span class='ocrx_word' id='word_1_27' title='bbox 191 652 284 689; x_wconf 87' lang='lat' dir='ltr'>natura</span> <span class='ocrx_word' id='word_1_28' title='bbox 299 641 318 688; x_wconf 94' lang='lat' dir='ltr'>F</span> <span class='ocrx_word' id='word_1_29' title='bbox 322 640 384 690; x_wconf 90' lang='lat' dir='ltr'>ilius</span> <span class='ocrx_word' id='word_1_30' title='bbox 398 640 445 689; x_wconf 92' lang='lat' dir='ltr'>Dei</span> <span class='ocrx_word' id='word_1_31' title='bbox 459 639 509 688; x_wconf 92' lang='lat' dir='ltr'>dici</span> <span class='ocrx_word' id='word_1_32' title='bbox 523 639 616 705; x_wconf 85' lang='lat' dir='ltr'>possit,</span> 
     </span>
     <span class='ocr_line' id='line_1_7' title="bbox 85 709 616 770; baseline -0.004 -9"><span class='ocrx_word' id='word_1_33' title='bbox 85 712 139 761; x_wconf 88' lang='lat' dir='ltr'>nisi</span> <span class='ocrx_word' id='word_1_34' title='bbox 162 711 200 761; x_wconf 90' lang='lat' dir='ltr'>illi</span> <span class='ocrx_word' id='word_1_35' title='bbox 224 711 285 770; x_wconf 92' lang='lat' dir='ltr'>soli,</span> <span class='ocrx_word' id='word_1_36' title='bbox 310 711 353 760; x_wconf 93' lang='lat' dir='ltr'>cui</span> <span class='ocrx_word' id='word_1_37' title='bbox 377 727 392 760; x_wconf 88' lang='lat' dir='ltr'>a</span> <span class='ocrx_word' id='word_1_38' title='bbox 416 709 492 760; x_wconf 74' lang='lat' dir='ltr'>l‘atre</span> <span class='ocrx_word' id='word_1_39' title='bbox 515 711 616 760; x_wconf 89' lang='lat' dir='ltr'>dictum</span> 
     </span>
     <span class='ocr_line' id='line_1_8' title="bbox 83 782 615 842; baseline -0.006 -9"><span class='ocrx_word' id='word_1_40' title='bbox 83 794 124 833; x_wconf 91' lang='lat' dir='ltr'>est</span> <span class='ocrx_word' id='word_1_41' title='bbox 142 784 219 834; x_wconf 84' lang='lat' dir='ltr'>:Hio</span> <span class='ocrx_word' id='word_1_42' title='bbox 236 790 277 832; x_wconf 84' lang='lat' dir='ltr'>est</span> <span class='ocrx_word' id='word_1_43' title='bbox 297 783 387 832; x_wconf 84' lang='lat' dir='ltr'>Filius</span> <span class='ocrx_word' id='word_1_44' title='bbox 403 796 475 832; x_wconf 86' lang='lat' dir='ltr'>meus</span> <span class='ocrx_word' id='word_1_45' title='bbox 494 782 615 842; x_wconf 88' lang='lat' dir='ltr'>dilectus,</span> 
     </span>
     <span class='ocr_line' id='line_1_9' title="bbox 83 852 617 918; baseline -0.006 -15"><span class='ocrx_word' id='word_1_46' title='bbox 83 854 177 918; x_wconf 87' lang='lat' dir='ltr'>inquo</span> <span class='ocrx_word' id='word_1_47' title='bbox 197 854 260 902; x_wconf 82' lang='lat' dir='ltr'>milti</span> <span class='ocrx_word' id='word_1_48' title='bbox 280 852 436 917; x_wconf 82' lang='lat' dir='ltr'><em>complacui.</em></span> <span class='ocrx_word' id='word_1_49' title='bbox 451 852 523 902; x_wconf 88' lang='lat' dir='ltr'>Nulli</span> <span class='ocrx_word' id='word_1_50' title='bbox 546 867 617 918; x_wconf 91' lang='lat' dir='ltr'>quo-</span> 
     </span>
     <span class='ocr_line' id='line_1_10' title="bbox 83 925 617 991; baseline -0.004 -16"><span class='ocrx_word' id='word_1_51' title='bbox 83 941 137 991; x_wconf 92' lang='lat' dir='ltr'>que</span> <span class='ocrx_word' id='word_1_52' title='bbox 152 927 310 974; x_wconf 80' lang='lat' dir='ltr'>Sanctorum</span> <span class='ocrx_word' id='word_1_53' title='bbox 326 926 366 974; x_wconf 94' lang='lat' dir='ltr'>vel</span> <span class='ocrx_word' id='word_1_54' title='bbox 386 926 551 990; x_wconf 86' lang='lat' dir='ltr'>Angelorum</span> <span class='ocrx_word' id='word_1_55' title='bbox 568 925 617 973; x_wconf 92' lang='lat' dir='ltr'>da-</span> 
     </span>
     <span class='ocr_line' id='line_1_11' title="bbox 83 997 618 1063; baseline -0.002 -15"><span class='ocrx_word' id='word_1_56' title='bbox 83 1009 143 1048; x_wconf 91' lang='lat' dir='ltr'>tum</span> <span class='ocrx_word' id='word_1_57' title='bbox 158 1008 206 1056; x_wconf 90' lang='lat' dir='ltr'>est,</span> <span class='ocrx_word' id='word_1_58' title='bbox 224 1008 253 1047; x_wconf 91' lang='lat' dir='ltr'>ut</span> <span class='ocrx_word' id='word_1_59' title='bbox 267 997 293 1046; x_wconf 91' lang='lat' dir='ltr'>in</span> <span class='ocrx_word' id='word_1_60' title='bbox 312 998 421 1047; x_wconf 90' lang='lat' dir='ltr'>nomine</span> <span class='ocrx_word' id='word_1_61' title='bbox 437 999 495 1063; x_wconf 90' lang='lat' dir='ltr'>ejus</span> <span class='ocrx_word' id='word_1_62' title='bbox 510 997 618 1047; x_wconf 89' lang='lat' dir='ltr'>daretur</span> 
     </span>
     <span class='ocr_line' id='line_1_12' title="bbox 83 1069 617 1136; baseline 0 -16"><span class='ocrx_word' id='word_1_63' title='bbox 83 1070 157 1121; x_wconf 90' lang='lat' dir='ltr'>salus</span> <span class='ocrx_word' id='word_1_64' title='bbox 176 1070 287 1127; x_wconf 90' lang='lat' dir='ltr'>mundo,</span> <span class='ocrx_word' id='word_1_65' title='bbox 304 1069 355 1118; x_wconf 93' lang='lat' dir='ltr'>nisi</span> <span class='ocrx_word' id='word_1_66' title='bbox 373 1071 422 1119; x_wconf 94' lang='lat' dir='ltr'>soli</span> <span class='ocrx_word' id='word_1_67' title='bbox 437 1072 503 1129; x_wconf 91' lang='lat' dir='ltr'>Deo,</span> <span class='ocrx_word' id='word_1_68' title='bbox 518 1072 550 1120; x_wconf 92' lang='lat' dir='ltr'>de</span> <span class='ocrx_word' id='word_1_69' title='bbox 562 1086 617 1136; x_wconf 91' lang='lat' dir='ltr'>quo</span> 
     </span>
     <span class='ocr_line' id='line_1_13' title="bbox 86 1140 616 1215; baseline -0.002 -25"><span class='ocrx_word' id='word_1_70' title='bbox 86 1141 179 1191; x_wconf 87' lang='lat' dir='ltr'>Petrus</span> <span class='ocrx_word' id='word_1_71' title='bbox 200 1140 236 1189; x_wconf 90' lang='lat' dir='ltr'>ait</span> <span class='ocrx_word' id='word_1_72' title='bbox 253 1141 337 1215; x_wconf 41' lang='lat' dir='ltr'>:·Non</span> <span class='ocrx_word' id='word_1_73' title='bbox 358 1145 399 1190; x_wconf 86' lang='lat' dir='ltr'>est</span> <span class='ocrx_word' id='word_1_74' title='bbox 417 1141 443 1191; x_wconf 91' lang='lat' dir='ltr'>in</span> <span class='ocrx_word' id='word_1_75' title='bbox 458 1141 514 1190; x_wconf 84' lang='lat' dir='ltr'>alio</span> <span class='ocrx_word' id='word_1_76' title='bbox 526 1140 616 1204; x_wconf 86' lang='lat' dir='ltr'>aliquo</span> 
     </span>
     <span class='ocr_line' id='line_1_14' title="bbox 82 1212 617 1264; baseline 0 -2"><span class='ocrx_word' id='word_1_77' title='bbox 82 1212 168 1262; x_wconf 87' lang='lat' dir='ltr'>salus.</span> <span class='ocrx_word' id='word_1_78' title='bbox 191 1214 249 1262; x_wconf 88' lang='lat' dir='ltr'>Nec</span> <span class='ocrx_word' id='word_1_79' title='bbox 274 1214 341 1262; x_wconf 84' lang='lat' dir='ltr'>enim</span> <span class='ocrx_word' id='word_1_80' title='bbox 363 1214 440 1263; x_wconf 86' lang='lat' dir='ltr'>alind</span> <span class='ocrx_word' id='word_1_81' title='bbox 460 1227 551 1263; x_wconf 86' lang='lat' dir='ltr'>nomen</span> <span class='ocrx_word' id='word_1_82' title='bbox 577 1220 617 1264; x_wconf 87' lang='lat' dir='ltr'>est</span> 
     </span>
     <span class='ocr_line' id='line_1_15' title="bbox 83 1285 616 1351; baseline 0.002 -16"><span class='ocrx_word' id='word_1_83' title='bbox 83 1286 133 1335; x_wconf 86' lang='lat' dir='ltr'>sub</span> <span class='ocrx_word' id='word_1_84' title='bbox 153 1285 220 1335; x_wconf 89' lang='lat' dir='ltr'>coelo</span> <span class='ocrx_word' id='word_1_85' title='bbox 243 1286 334 1335; x_wconf 81' lang='lat' dir='ltr'>datum</span> <span class='ocrx_word' id='word_1_86' title='bbox 349 1286 505 1347; x_wconf 84' lang='lat' dir='ltr'>hominibus,</span> <span class='ocrx_word' id='word_1_87' title='bbox 525 1286 616 1351; x_wconf 88' lang='lat' dir='ltr'>inquo</span> 
     </span>
     <span class='ocr_line' id='line_1_16' title="bbox 83 1356 617 1422; baseline 0 -16"><span class='ocrx_word' id='word_1_88' title='bbox 83 1362 205 1422; x_wconf 78' lang='lat' dir='ltr'><em>oporteat</em></span> <span class='ocrx_word' id='word_1_89' title='bbox 222 1371 269 1406; x_wconf 88' lang='lat' dir='ltr'>nos</span> <span class='ocrx_word' id='word_1_90' title='bbox 283 1356 374 1406; x_wconf 82' lang='lat' dir='ltr'>salvos</span> <span class='ocrx_word' id='word_1_91' title='bbox 384 1357 460 1422; x_wconf 84' lang='lat' dir='ltr'>fieri.</span> <span class='ocrx_word' id='word_1_92' title='bbox 476 1357 506 1406; x_wconf 92' lang='lat' dir='ltr'>ln</span> <span class='ocrx_word' id='word_1_93' title='bbox 524 1368 617 1407; x_wconf 89' lang='lat' dir='ltr'>natura</span> 
     </span>
     <span class='ocr_line' id='line_1_17' title="bbox 83 1426 615 1492; baseline 0.004 -18"><span class='ocrx_word' id='word_1_94' title='bbox 83 1426 184 1492; x_wconf 85' lang='lat' dir='ltr'>quippe</span> <span class='ocrx_word' id='word_1_95' title='bbox 210 1426 328 1475; x_wconf 92' lang='lat' dir='ltr'>hominis</span> <span class='ocrx_word' id='word_1_96' title='bbox 356 1443 370 1476; x_wconf 88' lang='lat' dir='ltr'>a</span> <span class='ocrx_word' id='word_1_97' title='bbox 399 1428 474 1476; x_wconf 89' lang='lat' dir='ltr'>Patre</span> <span class='ocrx_word' id='word_1_98' title='bbox 496 1427 615 1492; x_wconf 87' lang='lat' dir='ltr'>accepit,</span> 
     </span>
     <span class='ocr_line' id='line_1_18' title="bbox 82 1497 616 1562; baseline 0.002 -16"><span class='ocrx_word' id='word_1_99' title='bbox 82 1499 157 1562; x_wconf 92' lang='lat' dir='ltr'>quod</span> <span class='ocrx_word' id='word_1_100' title='bbox 180 1497 208 1546; x_wconf 89' lang='lat' dir='ltr'>in</span> <span class='ocrx_word' id='word_1_101' title='bbox 224 1507 318 1547; x_wconf 88' lang='lat' dir='ltr'>natura</span> <span class='ocrx_word' id='word_1_102' title='bbox 335 1497 442 1547; x_wconf 85' lang='lat' dir='ltr'>deitatis</span> <span class='ocrx_word' id='word_1_103' title='bbox 459 1497 538 1547; x_wconf 89' lang='lat' dir='ltr'>etiam</span> <span class='ocrx_word' id='word_1_104' title='bbox 560 1497 616 1562; x_wconf 89' lang='lat' dir='ltr'>ipse</span> 
     </span>
     <span class='ocr_line' id='line_1_19' title="bbox 82 1567 615 1617; baseline 0.002 -1"><span class='ocrx_word' id='word_1_105' title='bbox 82 1567 200 1617; x_wconf 90' lang='lat' dir='ltr'>donavit.</span> <span class='ocrx_word' id='word_1_106' title='bbox 226 1568 302 1616; x_wconf 88' lang='lat' dir='ltr'>Unde</span> <span class='ocrx_word' id='word_1_107' title='bbox 323 1567 486 1617; x_wconf 84' lang='lat' dir='ltr'>Severianus</span> <span class='ocrx_word' id='word_1_108' title='bbox 507 1586 515 1617; x_wconf 92' lang='lat'>.·</span> <span class='ocrx_word' id='word_1_109' title='bbox 535 1586 547 1613; x_wconf 78' lang='lat' dir='ltr'>n</span> <span class='ocrx_word' id='word_1_110' title='bbox 567 1568 615 1617; x_wconf 90' lang='lat' dir='ltr'>Fi-</span> 
     </span>
     <span class='ocr_line' id='line_1_20' title="bbox 82 1636 616 1703; baseline 0.006 -18"><span class='ocrx_word' id='word_1_111' title='bbox 82 1636 136 1686; x_wconf 94' lang='lat' dir='ltr'>lius</span> <span class='ocrx_word' id='word_1_112' title='bbox 146 1638 247 1703; x_wconf 80' lang='lat' dir='ltr'>quippe</span> <span class='ocrx_word' id='word_1_113' title='bbox 259 1637 306 1691; x_wconf 76' lang='lat' dir='ltr'>uei</span> <span class='ocrx_word' id='word_1_114' title='bbox 319 1638 440 1702; x_wconf 82' lang='lat' dir='ltr'>Virginis</span> <span class='ocrx_word' id='word_1_115' title='bbox 454 1638 533 1697; x_wconf 78' lang='lat' dir='ltr'>Filio,</span> <span class='ocrx_word' id='word_1_116' title='bbox 544 1638 616 1688; x_wconf 89' lang='lat' dir='ltr'>Deus</span> 
     </span>
     <span class='ocr_line' id='line_1_21' title="bbox 82 1709 615 1771; baseline 0.008 -14"><span class='ocrx_word' id='word_1_117' title='bbox 82 1709 206 1768; x_wconf 91' lang='lat' dir='ltr'>homini,</span> <span class='ocrx_word' id='word_1_118' title='bbox 231 1709 357 1759; x_wconf 87' lang='lat' dir='ltr'>divinitas</span> <span class='ocrx_word' id='word_1_119' title='bbox 386 1709 458 1759; x_wconf 90' lang='lat' dir='ltr'>carni</span> <span class='ocrx_word' id='word_1_120' title='bbox 486 1710 615 1771; x_wconf 90' lang='lat' dir='ltr'>contulit,</span> 
     </span>
     <span class='ocr_line' id='line_1_22' title="bbox 83 1779 616 1845; baseline 0.004 -17"><span class='ocrx_word' id='word_1_121' title='bbox 83 1780 157 1844; x_wconf 92' lang='lat' dir='ltr'>quod</span> <span class='ocrx_word' id='word_1_122' title='bbox 169 1795 274 1844; x_wconf 83' lang='lat' dir='ltr'>semper</span> <span class='ocrx_word' id='word_1_123' title='bbox 285 1779 342 1844; x_wconf 91' lang='lat' dir='ltr'>ipse</span> <span class='ocrx_word' id='word_1_124' title='bbox 356 1795 418 1829; x_wconf 91' lang='lat' dir='ltr'>cum</span> <span class='ocrx_word' id='word_1_125' title='bbox 434 1781 508 1830; x_wconf 86' lang='lat' dir='ltr'>Patre</span> <span class='ocrx_word' id='word_1_126' title='bbox 521 1796 616 1845; x_wconf 91' lang='lat' dir='ltr'>posse-</span> 
     </span>
     <span class='ocr_line' id='line_1_23' title="bbox 82 1851 162 1901; baseline -0.038 -1"><span class='ocrx_word' id='word_1_127' title='bbox 82 1851 132 1901; x_wconf 79' lang='lat' dir='ltr'>dit.</span> <span class='ocrx_word' id='word_1_128' title='bbox 149 1871 162 1898; x_wconf 84' lang='lat' dir='ltr'>n</span> 
     </span>
    </p>

    <p class='ocr_par' dir='ltr' id='par_1_3' title="bbox 46 1921 619 3408">
     <span class='ocr_line' id='line_1_24' title="bbox 116 1921 617 1975; baseline 0.002 -5"><span class='ocrx_word' id='word_1_129' title='bbox 116 1921 130 1971; x_wconf 88' lang='lat'>3</span> <span class='ocrx_word' id='word_1_130' title='bbox 146 1923 301 1973; x_wconf 72' lang='lat' dir='ltr'>Aeosrotos</span> <span class='ocrx_word' id='word_1_131' title='bbox 319 1940 410 1975; x_wconf 82' lang='lat' dir='ltr'>urrrrr</span> <span class='ocrx_word' id='word_1_132' title='bbox 424 1939 457 1972; x_wconf 76' lang='lat' dir='ltr'>nu</span> <span class='ocrx_word' id='word_1_133' title='bbox 470 1937 617 1972; x_wconf 65' lang='lat' dir='ltr'>namurcen-</span> 
     </span>
     <span class='ocr_line' id='line_1_25' title="bbox 83 1993 616 2044; baseline -0.002 -1"><span class='ocrx_word' id='word_1_134' title='bbox 83 2008 139 2043; x_wconf 83' lang='lat' dir='ltr'>ouu</span> <span class='ocrx_word' id='word_1_135' title='bbox 154 1993 289 2043; x_wconf 78' lang='lat' dir='ltr'>Ganrmus</span> <span class='ocrx_word' id='word_1_136' title='bbox 304 2011 337 2043; x_wconf 74' lang='grc' dir='ltr'>ετ</span> <span class='ocrx_word' id='word_1_137' title='bbox 351 2010 498 2044; x_wconf 73' lang='lat' dir='ltr'>nnnrrsnurt</span> <span class='ocrx_word' id='word_1_138' title='bbox 516 2009 616 2043; x_wconf 77' lang='lat' dir='ltr'>conrn-</span> 
     </span>
     <span class='ocr_line' id='line_1_26' title="bbox 82 2065 618 2132; baseline 0 -18"><span class='ocrx_word' id='word_1_139' title='bbox 82 2080 201 2114; x_wconf 81' lang='lat' dir='ltr'>nsnnuu.</span> <span class='ocrx_word' id='word_1_140' title='bbox 217 2095 247 2103; x_wconf 96' lang='lat'>-</span> <span class='ocrx_word' id='word_1_141' title='bbox 261 2065 323 2115; x_wconf 89' lang='lat' dir='ltr'>Haec</span> <span class='ocrx_word' id='word_1_142' title='bbox 337 2079 425 2116; x_wconf 89' lang='lat' dir='ltr'>autem</span> <span class='ocrx_word' id='word_1_143' title='bbox 445 2075 561 2132; x_wconf 88' lang='lat' dir='ltr'>potestas</span> <span class='ocrx_word' id='word_1_144' title='bbox 578 2065 618 2115; x_wconf 87' lang='lat' dir='ltr'>si-</span> 
     </span>
     <span class='ocr_line' id='line_1_27' title="bbox 83 2134 616 2201; baseline 0.002 -18"><span class='ocrx_word' id='word_1_145' title='bbox 83 2134 111 2184; x_wconf 94' lang='lat' dir='ltr'>bi</span> <span class='ocrx_word' id='word_1_146' title='bbox 129 2136 190 2184; x_wconf 92' lang='lat' dir='ltr'>data</span> <span class='ocrx_word' id='word_1_147' title='bbox 207 2146 356 2199; x_wconf 84' lang='lat' dir='ltr'>peccatores</span> <span class='ocrx_word' id='word_1_148' title='bbox 370 2153 423 2186; x_wconf 92' lang='lat' dir='ltr'>non</span> <span class='ocrx_word' id='word_1_149' title='bbox 441 2137 553 2201; x_wconf 89' lang='lat' dir='ltr'>spernit,</span> <span class='ocrx_word' id='word_1_150' title='bbox 570 2135 616 2185; x_wconf 90' lang='lat' dir='ltr'>sed</span> 
     </span>
     <span class='ocr_line' id='line_1_28' title="bbox 82 2205 617 2272; baseline 0.002 -17"><span class='ocrx_word' id='word_1_151' title='bbox 82 2221 177 2256; x_wconf 91' lang='lat' dir='ltr'>omnes</span> <span class='ocrx_word' id='word_1_152' title='bbox 194 2206 252 2256; x_wconf 89' lang='lat' dir='ltr'>sine</span> <span class='ocrx_word' id='word_1_153' title='bbox 270 2223 442 2272; x_wconf 89' lang='lat' dir='ltr'>personarum</span> <span class='ocrx_word' id='word_1_154' title='bbox 465 2205 617 2272; x_wconf 80' lang='lat' dir='ltr'>acceptione</span> 
     </span>
     <span class='ocr_line' id='line_1_29' title="bbox 82 2280 616 2347; baseline 0.002 -18"><span class='ocrx_word' id='word_1_155' title='bbox 82 2280 192 2346; x_wconf 87' lang='lat' dir='ltr'>colligit.</span> <span class='ocrx_word' id='word_1_156' title='bbox 216 2281 293 2331; x_wconf 90' lang='lat' dir='ltr'>Unde</span> <span class='ocrx_word' id='word_1_157' title='bbox 316 2292 510 2347; x_wconf 89' lang='lat' dir='ltr'>consequenter</span> <span class='ocrx_word' id='word_1_158' title='bbox 535 2280 616 2330; x_wconf 90' lang='lat' dir='ltr'>insti-</span> 
     </span>
     <span class='ocr_line' id='line_1_30' title="bbox 83 2351 616 2417; baseline -0.002 -17"><span class='ocrx_word' id='word_1_159' title='bbox 83 2360 164 2400; x_wconf 88' lang='lat' dir='ltr'>tuens</span> <span class='ocrx_word' id='word_1_160' title='bbox 178 2352 344 2416; x_wconf 90' lang='lat' dir='ltr'>Baptismum</span> <span class='ocrx_word' id='word_1_161' title='bbox 362 2351 501 2417; x_wconf 74' lang='lat' dir='ltr'>subiungit</span> <span class='ocrx_word' id='word_1_162' title='bbox 517 2351 616 2401; x_wconf 87' lang='lat' dir='ltr'>:Eun-</span> 
     </span>
     <span class='ocr_line' id='line_1_31' title="bbox 84 2421 616 2486; baseline 0.002 -17"><span class='ocrx_word' id='word_1_163' title='bbox 84 2426 125 2470; x_wconf 86' lang='lat' dir='ltr'>tes</span> <span class='ocrx_word' id='word_1_164' title='bbox 150 2436 215 2485; x_wconf 83' lang='lat' dir='ltr'>ergo</span> <span class='ocrx_word' id='word_1_165' title='bbox 238 2430 284 2486; x_wconf 88' lang='lat' dir='ltr'>per</span> <span class='ocrx_word' id='word_1_166' title='bbox 308 2423 439 2471; x_wconf 90' lang='lat' dir='ltr'>mundum</span> <span class='ocrx_word' id='word_1_167' title='bbox 461 2421 616 2472; x_wconf 90' lang='lat' dir='ltr'>universum</span> 
     </span>
     <span class='ocr_line' id='line_1_32' title="bbox 84 2491 616 2555; baseline 0 -15"><span class='ocrx_word' id='word_1_168' title='bbox 84 2491 177 2540; x_wconf 86' lang='lat' dir='ltr'>docete</span> <span class='ocrx_word' id='word_1_169' title='bbox 192 2491 272 2542; x_wconf 88' lang='lat' dir='ltr'>fidem</span> <span class='ocrx_word' id='word_1_170' title='bbox 294 2507 384 2543; x_wconf 89' lang='lat' dir='ltr'>omnes</span> <span class='ocrx_word' id='word_1_171' title='bbox 403 2493 509 2555; x_wconf 83' lang='lat' dir='ltr'>Gentes,</span> <span class='ocrx_word' id='word_1_172' title='bbox 529 2491 556 2540; x_wconf 88' lang='lat' dir='ltr'>id</span> <span class='ocrx_word' id='word_1_173' title='bbox 577 2500 616 2541; x_wconf 88' lang='lat' dir='ltr'>est</span> 
     </span>
     <span class='ocr_line' id='line_1_33' title="bbox 83 2561 617 2627; baseline 0 -16"><span class='ocrx_word' id='word_1_174' title='bbox 83 2561 175 2611; x_wconf 90' lang='lat' dir='ltr'>omnia</span> <span class='ocrx_word' id='word_1_175' title='bbox 189 2579 284 2627; x_wconf 86' lang='lat' dir='ltr'>genera</span> <span class='ocrx_word' id='word_1_176' title='bbox 296 2564 434 2623; x_wconf 89' lang='lat' dir='ltr'>Gentium,</span> <span class='ocrx_word' id='word_1_177' title='bbox 450 2563 509 2613; x_wconf 91' lang='lat' dir='ltr'>sine</span> <span class='ocrx_word' id='word_1_178' title='bbox 523 2562 617 2612; x_wconf 91' lang='lat' dir='ltr'>distin·</span> 
     </span>
     <span class='ocr_line' id='line_1_34' title="bbox 82 2632 615 2698; baseline 0 -16"><span class='ocrx_word' id='word_1_179' title='bbox 82 2632 172 2682; x_wconf 81' lang='lat' dir='ltr'>ctione</span> <span class='ocrx_word' id='word_1_180' title='bbox 192 2649 375 2698; x_wconf 87' lang='lat' dir='ltr'>personarum.</span> <span class='ocrx_word' id='word_1_181' title='bbox 398 2635 436 2684; x_wconf 87' lang='lat' dir='ltr'>Ex</span> <span class='ocrx_word' id='word_1_182' title='bbox 458 2634 509 2683; x_wconf 91' lang='lat' dir='ltr'>hoc</span> <span class='ocrx_word' id='word_1_183' title='bbox 536 2642 615 2698; x_wconf 87' lang='lat' dir='ltr'>patet,</span> 
     </span>
     <span class='ocr_line' id='line_1_35' title="bbox 82 2705 616 2772; baseline 0.004 -19"><span class='ocrx_word' id='word_1_184' title='bbox 82 2705 155 2768; x_wconf 91' lang='lat' dir='ltr'>quod</span> <span class='ocrx_word' id='word_1_185' title='bbox 169 2706 351 2770; x_wconf 78' lang='lat' dir='ltr'>praedicatores</span> <span class='ocrx_word' id='word_1_186' title='bbox 364 2706 501 2772; x_wconf 86' lang='lat' dir='ltr'>Evangelii</span> <span class='ocrx_word' id='word_1_187' title='bbox 520 2705 616 2756; x_wconf 89' lang='lat' dir='ltr'>debent</span> 
     </span>
     <span class='ocr_line' id='line_1_36' title="bbox 82 2776 617 2844; baseline 0.004 -19"><span class='ocrx_word' id='word_1_188' title='bbox 82 2776 211 2826; x_wconf 90' lang='lat' dir='ltr'>omnibus</span> <span class='ocrx_word' id='word_1_189' title='bbox 232 2788 257 2826; x_wconf 91' lang='lat' dir='ltr'>et</span> <span class='ocrx_word' id='word_1_190' title='bbox 275 2778 379 2843; x_wconf 88' lang='lat' dir='ltr'>magnis</span> <span class='ocrx_word' id='word_1_191' title='bbox 403 2787 428 2828; x_wconf 94' lang='lat' dir='ltr'>et</span> <span class='ocrx_word' id='word_1_192' title='bbox 445 2777 541 2844; x_wconf 90' lang='lat' dir='ltr'>parvis,</span> <span class='ocrx_word' id='word_1_193' title='bbox 559 2778 617 2827; x_wconf 89' lang='lat' dir='ltr'>sine</span> 
     </span>
     <span class='ocr_line' id='line_1_37' title="bbox 81 2847 615 2913; baseline 0.004 -17"><span class='ocrx_word' id='word_1_194' title='bbox 81 2847 232 2910; x_wconf 85' lang='lat' dir='ltr'>acceptione</span> <span class='ocrx_word' id='word_1_195' title='bbox 248 2847 398 2911; x_wconf 85' lang='lat' dir='ltr'>praedicare.</span> <span class='ocrx_word' id='word_1_196' title='bbox 414 2849 518 2898; x_wconf 87' lang='lat' dir='ltr'>Enntes</span> <span class='ocrx_word' id='word_1_197' title='bbox 538 2862 615 2913; x_wconf 85' lang='lat' dir='ltr'>ergo,</span> 
     </span>
     <span class='ocr_line' id='line_1_38' title="bbox 81 2917 617 2984; baseline -0.002 -17"><span class='ocrx_word' id='word_1_198' title='bbox 81 2919 154 2983; x_wconf 89' lang='lat' dir='ltr'>quod</span> <span class='ocrx_word' id='word_1_199' title='bbox 170 2929 209 2967; x_wconf 88' lang='lat' dir='ltr'>est</span> <span class='ocrx_word' id='word_1_200' title='bbox 223 2930 316 2968; x_wconf 88' lang='lat' dir='ltr'>contra</span> <span class='ocrx_word' id='word_1_201' title='bbox 329 2919 501 2983; x_wconf 84' lang='lat' dir='ltr'>negligentes,</span> <span class='ocrx_word' id='word_1_202' title='bbox 516 2917 562 2984; x_wconf 91' lang='lat' dir='ltr'>qui</span> <span class='ocrx_word' id='word_1_203' title='bbox 578 2918 617 2967; x_wconf 88' lang='lat' dir='ltr'>ire</span> 
     </span>
     <span class='ocr_line' id='line_1_39' title="bbox 46 2989 618 3057; baseline 0 -19"><span class='ocrx_word' id='word_1_204' title='bbox 46 3047 51 3057; x_wconf 39' lang='grc'><em>,</em></span> <span class='ocrx_word' id='word_1_205' title='bbox 82 2989 192 3051; x_wconf 89' lang='lat' dir='ltr'>nolunt;</span> <span class='ocrx_word' id='word_1_206' title='bbox 221 2989 329 3050; x_wconf 85' lang='lat' dir='ltr'>docete,</span> <span class='ocrx_word' id='word_1_207' title='bbox 358 2990 430 3054; x_wconf 90' lang='lat' dir='ltr'>quod</span> <span class='ocrx_word' id='word_1_208' title='bbox 458 2998 498 3050; x_wconf 89' lang='lat' dir='ltr'>est</span> <span class='ocrx_word' id='word_1_209' title='bbox 526 2998 618 3038; x_wconf 88' lang='lat' dir='ltr'>eontra</span> 
     </span>
     <span class='ocr_line' id='line_1_40' title="bbox 81 3059 618 3125; baseline -0.002 -17"><span class='ocrx_word' id='word_1_210' title='bbox 81 3059 243 3124; x_wconf 88' lang='lat' dir='ltr'>ignorantes,</span> <span class='ocrx_word' id='word_1_211' title='bbox 259 3060 306 3125; x_wconf 90' lang='lat' dir='ltr'>qui</span> <span class='ocrx_word' id='word_1_212' title='bbox 331 3060 424 3109; x_wconf 87' lang='lat' dir='ltr'>docere</span> <span class='ocrx_word' id='word_1_213' title='bbox 445 3059 575 3118; x_wconf 90' lang='lat' dir='ltr'>nesciunt,</span> <span class='ocrx_word' id='word_1_214' title='bbox 591 3068 618 3109; x_wconf 90' lang='lat' dir='ltr'>et</span> 
     </span>
     <span class='ocr_line' id='line_1_41' title="bbox 81 3128 615 3191; baseline 0 -13"><span class='ocrx_word' id='word_1_215' title='bbox 81 3128 201 3179; x_wconf 91' lang='lat' dir='ltr'>officium</span> <span class='ocrx_word' id='word_1_216' title='bbox 221 3140 374 3191; x_wconf 73' lang='lat' dir='ltr'>assumunt,</span> <span class='ocrx_word' id='word_1_217' title='bbox 397 3143 488 3179; x_wconf 80' lang='lat' dir='ltr'>ornnes</span> <span class='ocrx_word' id='word_1_218' title='bbox 508 3129 615 3190; x_wconf 82' lang='lat' dir='ltr'>Gentes,</span> 
     </span>
     <span class='ocr_line' id='line_1_42' title="bbox 80 3200 617 3265; baseline 0 -16"><span class='ocrx_word' id='word_1_219' title='bbox 80 3200 154 3264; x_wconf 89' lang='lat' dir='ltr'>quod</span> <span class='ocrx_word' id='word_1_220' title='bbox 175 3211 214 3249; x_wconf 89' lang='lat' dir='ltr'>est</span> <span class='ocrx_word' id='word_1_221' title='bbox 230 3211 322 3250; x_wconf 87' lang='lat' dir='ltr'>contra</span> <span class='ocrx_word' id='word_1_222' title='bbox 347 3215 522 3265; x_wconf 88' lang='lat' dir='ltr'>personarum</span> <span class='ocrx_word' id='word_1_223' title='bbox 542 3214 617 3250; x_wconf 87' lang='lat' dir='ltr'>acce-</span> 
     </span>
     <span class='ocr_line' id='line_1_43' title="bbox 82 3271 618 3336; baseline 0.004 -18"><span class='ocrx_word' id='word_1_224' title='bbox 82 3279 181 3334; x_wconf 87' lang='lat' dir='ltr'>ptores,</span> <span class='ocrx_word' id='word_1_225' title='bbox 196 3271 243 3336; x_wconf 88' lang='lat' dir='ltr'>qui</span> <span class='ocrx_word' id='word_1_226' title='bbox 267 3281 372 3321; x_wconf 87' lang='lat' dir='ltr'>tanturn</span> <span class='ocrx_word' id='word_1_227' title='bbox 395 3273 427 3321; x_wconf 91' lang='lat' dir='ltr'>ad</span> <span class='ocrx_word' id='word_1_228' title='bbox 447 3271 553 3336; x_wconf 89' lang='lat' dir='ltr'>aliquos</span> <span class='ocrx_word' id='word_1_229' title='bbox 568 3285 618 3320; x_wconf 86' lang='lat' dir='ltr'>va·</span> 
     </span>
     <span class='ocr_line' id='line_1_44' title="bbox 81 3340 619 3408; baseline 0.004 -20"><span class='ocrx_word' id='word_1_230' title='bbox 81 3340 163 3403; x_wconf 89' lang='lat' dir='ltr'>dunt;</span> <span class='ocrx_word' id='word_1_231' title='bbox 188 3342 356 3408; x_wconf 59' lang='lat' dir='ltr'>baptizantes</span> <span class='ocrx_word' id='word_1_232' title='bbox 374 3356 427 3405; x_wconf 89' lang='lat' dir='ltr'>eos,</span> <span class='ocrx_word' id='word_1_233' title='bbox 447 3342 511 3408; x_wconf 88' lang='lat' dir='ltr'>quia</span> <span class='ocrx_word' id='word_1_234' title='bbox 528 3358 535 3391; x_wconf 90' lang='lat'>:</span> <span class='ocrx_word' id='word_1_235' title='bbox 552 3340 619 3391; x_wconf 89' lang='lat' dir='ltr'>Nisi</span> 
     </span>
    </p>
   </div>
   <div class='ocr_carea' id='block_1_3' title="bbox 81 3410 639 3477">
    <p class='ocr_par' dir='ltr' id='par_1_4' title="bbox 81 3410 639 3477">
     <span class='ocr_line' id='line_1_45' title="bbox 81 3410 639 3477; baseline 0.002 -18"><span class='ocrx_word' id='word_1_236' title='bbox 81 3411 143 3477; x_wconf 83' lang='lat' dir='ltr'>quis</span> <span class='ocrx_word' id='word_1_237' title='bbox 159 3417 268 3461; x_wconf 86' lang='lat' dir='ltr'>renatus</span> <span class='ocrx_word' id='word_1_238' title='bbox 276 3411 366 3476; x_wconf 84' lang='lat' dir='ltr'>fuerit</span> <span class='ocrx_word' id='word_1_239' title='bbox 380 3426 416 3461; x_wconf 85' lang='lat' dir='ltr'>ex</span> <span class='ocrx_word' id='word_1_240' title='bbox 430 3427 501 3477; x_wconf 85' lang='lat' dir='ltr'>aqua</span> <span class='ocrx_word' id='word_1_241' title='bbox 517 3417 543 3462; x_wconf 87' lang='lat' dir='ltr'>et</span> <span class='ocrx_word' id='word_1_242' title='bbox 557 3410 617 3476; x_wconf 80' lang='lat' dir='ltr'>Spi·</span> <span class='ocrx_word' id='word_1_243' title='bbox 636 3455 639 3460; x_wconf 88' lang='lat'>.</span> 
     </span>
    </p>
   </div>
   <div class='ocr_carea' id='block_1_4' title="bbox 81 3482 620 3896">
    <p class='ocr_par' dir='ltr' id='par_1_5' title="bbox 81 3482 620 3896">
     <span class='ocr_line' id='line_1_46' title="bbox 81 3482 618 3546; baseline -0.002 -14"><span class='ocrx_word' id='word_1_244' title='bbox 81 3482 138 3532; x_wconf 85' lang='lat' dir='ltr'>ritu</span> <span class='ocrx_word' id='word_1_245' title='bbox 156 3483 258 3532; x_wconf 85' lang='lat' dir='ltr'>Sancto</span> <span class='ocrx_word' id='word_1_246' title='bbox 277 3496 328 3531; x_wconf 89' lang='lat' dir='ltr'>non</span> <span class='ocrx_word' id='word_1_247' title='bbox 347 3488 436 3546; x_wconf 86' lang='lat' dir='ltr'>potest</span> <span class='ocrx_word' id='word_1_248' title='bbox 458 3483 571 3533; x_wconf 85' lang='lat' dir='ltr'>introire</span> <span class='ocrx_word' id='word_1_249' title='bbox 591 3482 618 3532; x_wconf 87' lang='lat' dir='ltr'>in</span> 
     </span>
     <span class='ocr_line' id='line_1_47' title="bbox 81 3553 619 3620; baseline -0.002 -16"><span class='ocrx_word' id='word_1_250' title='bbox 81 3569 196 3619; x_wconf 86' lang='lat' dir='ltr'>regnum</span> <span class='ocrx_word' id='word_1_251' title='bbox 217 3553 320 3616; x_wconf 86' lang='lat' dir='ltr'>Dei,....</span> <span class='ocrx_word' id='word_1_252' title='bbox 338 3554 490 3616; x_wconf 85' lang='lat' dir='ltr'>innomine,</span> <span class='ocrx_word' id='word_1_253' title='bbox 510 3562 619 3620; x_wconf 87' lang='lat' dir='ltr'>propter</span> 
     </span>
     <span class='ocr_line' id='line_1_48' title="bbox 82 3624 619 3683; baseline 0 -9"><span class='ocrx_word' id='word_1_254' title='bbox 82 3625 215 3674; x_wconf 90' lang='lat' dir='ltr'>unitatem</span> <span class='ocrx_word' id='word_1_255' title='bbox 230 3624 397 3683; x_wconf 79' lang='lat' dir='ltr'>substantiae,</span> <span class='ocrx_word' id='word_1_256' title='bbox 412 3625 507 3674; x_wconf 85' lang='lat' dir='ltr'>Patris</span> <span class='ocrx_word' id='word_1_257' title='bbox 523 3630 549 3673; x_wconf 87' lang='lat' dir='ltr'>et</span> <span class='ocrx_word' id='word_1_258' title='bbox 567 3625 619 3674; x_wconf 89' lang='lat' dir='ltr'>Fi-</span> 
     </span>
     <span class='ocr_line' id='line_1_49' title="bbox 83 3695 620 3762; baseline -0.002 -17"><span class='ocrx_word' id='word_1_259' title='bbox 83 3695 114 3746; x_wconf 84' lang='lat' dir='ltr'>lii</span> <span class='ocrx_word' id='word_1_260' title='bbox 135 3703 160 3745; x_wconf 88' lang='lat' dir='ltr'>ct</span> <span class='ocrx_word' id='word_1_261' title='bbox 178 3696 298 3762; x_wconf 73' lang='lat' dir='ltr'>Spiritus</span> <span class='ocrx_word' id='word_1_262' title='bbox 322 3695 426 3756; x_wconf 84' lang='lat' dir='ltr'>Sancti,</span> <span class='ocrx_word' id='word_1_263' title='bbox 444 3705 553 3761; x_wconf 87' lang='lat' dir='ltr'>propter</span> <span class='ocrx_word' id='word_1_264' title='bbox 574 3695 620 3744; x_wconf 92' lang='lat' dir='ltr'>di-</span> 
     </span>
     <span class='ocr_line' id='line_1_50' title="bbox 83 3767 620 3832; baseline -0.004 -15"><span class='ocrx_word' id='word_1_265' title='bbox 83 3767 258 3817; x_wconf 90' lang='lat' dir='ltr'>stinctionem</span> <span class='ocrx_word' id='word_1_266' title='bbox 283 3781 473 3831; x_wconf 86' lang='lat' dir='ltr'>personarum,</span> <span class='ocrx_word' id='word_1_267' title='bbox 494 3774 524 3814; x_wconf 93' lang='lat' dir='ltr'>ut</span> <span class='ocrx_word' id='word_1_268' title='bbox 548 3780 620 3832; x_wconf 92' lang='lat' dir='ltr'>quo-</span> 
     </span>
     <span class='ocr_line' id='line_1_51' title="bbox 84 3836 620 3896; baseline -0.002 -8"><span class='ocrx_word' id='word_1_269' title='bbox 84 3853 146 3888; x_wconf 90' lang='lat' dir='ltr'>rum</span> <span class='ocrx_word' id='word_1_270' title='bbox 176 3847 215 3887; x_wconf 90' lang='lat' dir='ltr'>est</span> <span class='ocrx_word' id='word_1_271' title='bbox 244 3853 296 3887; x_wconf 89' lang='lat' dir='ltr'>una</span> <span class='ocrx_word' id='word_1_272' title='bbox 326 3836 471 3896; x_wconf 89' lang='lat' dir='ltr'>divinitas,</span> <span class='ocrx_word' id='word_1_273' title='bbox 500 3849 555 3886; x_wconf 84' lang='lat' dir='ltr'>una</span> <span class='ocrx_word' id='word_1_274' title='bbox 585 3837 620 3888; x_wconf 90' lang='lat' dir='ltr'>sit</span> 
     </span>
    </p>
   </div>
   <div class='ocr_carea' id='block_1_5' title="bbox 670 352 1206 1138">
    <p class='ocr_par' dir='ltr' id='par_1_6' title="bbox 670 352 1206 1138">
     <span class='ocr_line' id='line_1_52' title="bbox 672 352 1206 420; baseline 0 -18"><span class='ocrx_word' id='word_1_275' title='bbox 672 353 787 420; x_wconf 91' lang='lat' dir='ltr'>largitio.</span> <span class='ocrx_word' id='word_1_276' title='bbox 802 354 862 405; x_wconf 91' lang='lat' dir='ltr'>Non</span> <span class='ocrx_word' id='word_1_277' title='bbox 878 354 933 404; x_wconf 90' lang='lat' dir='ltr'>ait:</span> <span class='ocrx_word' id='word_1_278' title='bbox 949 353 976 403; x_wconf 91' lang='lat' dir='ltr'>in</span> <span class='ocrx_word' id='word_1_279' title='bbox 990 352 1145 402; x_wconf 88' lang='lat' dir='ltr'>nominibus</span> <span class='ocrx_word' id='word_1_280' title='bbox 1161 353 1206 403; x_wconf 90' lang='lat' dir='ltr'>Pa-</span> 
     </span>
     <span class='ocr_line' id='line_1_53' title="bbox 672 424 1204 490; baseline 0.002 -17"><span class='ocrx_word' id='word_1_281' title='bbox 672 424 730 486; x_wconf 93' lang='lat' dir='ltr'>tris,</span> <span class='ocrx_word' id='word_1_282' title='bbox 746 435 771 475; x_wconf 91' lang='lat' dir='ltr'>et</span> <span class='ocrx_word' id='word_1_283' title='bbox 785 425 856 488; x_wconf 91' lang='lat' dir='ltr'>Filii,</span> <span class='ocrx_word' id='word_1_284' title='bbox 871 436 896 475; x_wconf 90' lang='lat' dir='ltr'>et</span> <span class='ocrx_word' id='word_1_285' title='bbox 911 425 1027 490; x_wconf 87' lang='lat' dir='ltr'>Spiritus</span> <span class='ocrx_word' id='word_1_286' title='bbox 1038 424 1138 486; x_wconf 73' lang='lat' dir='ltr'>Sancti,</span> <span class='ocrx_word' id='word_1_287' title='bbox 1158 424 1204 474; x_wconf 90' lang='lat' dir='ltr'>sed</span> 
     </span>
     <span class='ocr_line' id='line_1_54' title="bbox 672 496 1204 557; baseline -0.002 -11"><span class='ocrx_word' id='word_1_288' title='bbox 672 496 698 546; x_wconf 91' lang='lat' dir='ltr'>in</span> <span class='ocrx_word' id='word_1_289' title='bbox 722 498 833 557; x_wconf 87' lang='lat' dir='ltr'>nomine,</span> <span class='ocrx_word' id='word_1_290' title='bbox 852 507 882 547; x_wconf 92' lang='lat' dir='ltr'>ut</span> <span class='ocrx_word' id='word_1_291' title='bbox 897 496 1062 546; x_wconf 85' lang='lat' dir='ltr'>individuam</span> <span class='ocrx_word' id='word_1_292' title='bbox 1084 496 1204 545; x_wconf 88' lang='lat' dir='ltr'>Trinita-</span> 
     </span>
     <span class='ocr_line' id='line_1_55' title="bbox 672 567 1204 631; baseline -0.002 -13"><span class='ocrx_word' id='word_1_293' title='bbox 672 578 743 631; x_wconf 89' lang='lat' dir='ltr'>tem,</span> <span class='ocrx_word' id='word_1_294' title='bbox 771 585 856 620; x_wconf 91' lang='lat' dir='ltr'>unum</span> <span class='ocrx_word' id='word_1_295' title='bbox 879 571 964 620; x_wconf 91' lang='lat' dir='ltr'>Deum</span> <span class='ocrx_word' id='word_1_296' title='bbox 993 584 1048 618; x_wconf 90' lang='lat' dir='ltr'>esse</span> <span class='ocrx_word' id='word_1_297' title='bbox 1074 567 1204 617; x_wconf 87' lang='lat' dir='ltr'>insinuet.</span> 
     </span>
     <span class='ocr_line' id='line_1_56' title="bbox 672 638 1205 707; baseline -0.002 -18"><span class='ocrx_word' id='word_1_298' title='bbox 672 642 724 690; x_wconf 91' lang='lat' dir='ltr'>lsta</span> <span class='ocrx_word' id='word_1_299' title='bbox 737 657 799 707; x_wconf 90' lang='lat' dir='ltr'>ergo</span> <span class='ocrx_word' id='word_1_300' title='bbox 814 653 854 691; x_wconf 91' lang='lat' dir='ltr'>est</span> <span class='ocrx_word' id='word_1_301' title='bbox 865 641 950 692; x_wconf 87' lang='lat' dir='ltr'>forma</span> <span class='ocrx_word' id='word_1_302' title='bbox 963 639 1092 706; x_wconf 85' lang='lat' dir='ltr'>Baptismi</span> <span class='ocrx_word' id='word_1_303' title='bbox 1104 638 1205 689; x_wconf 87' lang='lat' dir='ltr'>aClrri-</span> 
     </span>
     <span class='ocr_line' id='line_1_57' title="bbox 671 709 1204 776; baseline -0.004 -16"><span class='ocrx_word' id='word_1_304' title='bbox 671 721 712 760; x_wconf 89' lang='lat' dir='ltr'>sto</span> <span class='ocrx_word' id='word_1_305' title='bbox 734 710 866 776; x_wconf 89' lang='lat' dir='ltr'>instituta;</span> <span class='ocrx_word' id='word_1_306' title='bbox 890 714 935 762; x_wconf 91' lang='lat' dir='ltr'>sed</span> <span class='ocrx_word' id='word_1_307' title='bbox 951 710 1074 761; x_wconf 88' lang='lat' dir='ltr'>familiari</span> <span class='ocrx_word' id='word_1_308' title='bbox 1090 709 1204 759; x_wconf 88' lang='lat' dir='ltr'>consilio</span> 
     </span>
     <span class='ocr_line' id='line_1_58' title="bbox 671 783 1204 850; baseline -0.004 -18"><span class='ocrx_word' id='word_1_309' title='bbox 671 783 789 848; x_wconf 87' lang='lat' dir='ltr'>Spiritus</span> <span class='ocrx_word' id='word_1_310' title='bbox 811 784 899 833; x_wconf 86' lang='lat' dir='ltr'>Sancti</span> <span class='ocrx_word' id='word_1_311' title='bbox 918 784 1118 850; x_wconf 90' lang='lat' dir='ltr'>quodammodo</span> <span class='ocrx_word' id='word_1_312' title='bbox 1141 797 1204 831; x_wconf 89' lang='lat' dir='ltr'>mu-</span> 
     </span>
     <span class='ocr_line' id='line_1_59' title="bbox 671 852 1204 919; baseline -0.004 -16"><span class='ocrx_word' id='word_1_313' title='bbox 671 863 724 903; x_wconf 88' lang='lat' dir='ltr'>tata</span> <span class='ocrx_word' id='word_1_314' title='bbox 738 852 788 903; x_wconf 85' lang='lat' dir='ltr'>fuit</span> <span class='ocrx_word' id='word_1_315' title='bbox 798 853 825 902; x_wconf 93' lang='lat' dir='ltr'>in</span> <span class='ocrx_word' id='word_1_316' title='bbox 840 854 975 919; x_wconf 88' lang='lat' dir='ltr'>primitiva</span> <span class='ocrx_word' id='word_1_317' title='bbox 987 853 1111 912; x_wconf 84' lang='lat' dir='ltr'>Ecclesia,</span> <span class='ocrx_word' id='word_1_318' title='bbox 1122 868 1204 918; x_wconf 90' lang='lat' dir='ltr'>quan·</span> 
     </span>
     <span class='ocr_line' id='line_1_60' title="bbox 670 924 1204 991; baseline -0.002 -17"><span class='ocrx_word' id='word_1_319' title='bbox 670 927 705 975; x_wconf 93' lang='lat' dir='ltr'>do</span> <span class='ocrx_word' id='word_1_320' title='bbox 719 927 841 991; x_wconf 84' lang='lat' dir='ltr'>Apostoli</span> <span class='ocrx_word' id='word_1_321' title='bbox 860 927 1029 990; x_wconf 89' lang='lat' dir='ltr'>baptizabant</span> <span class='ocrx_word' id='word_1_322' title='bbox 1051 927 1078 976; x_wconf 91' lang='lat' dir='ltr'>in</span> <span class='ocrx_word' id='word_1_323' title='bbox 1094 924 1204 975; x_wconf 90' lang='lat' dir='ltr'>nomine</span> 
     </span>
     <span class='ocr_line' id='line_1_61' title="bbox 671 997 1204 1062; baseline -0.002 -15"><span class='ocrx_word' id='word_1_324' title='bbox 671 998 787 1057; x_wconf 88' lang='lat' dir='ltr'>Christi,</span> <span class='ocrx_word' id='word_1_325' title='bbox 811 1009 840 1047; x_wconf 93' lang='lat' dir='ltr'>ut</span> <span class='ocrx_word' id='word_1_326' title='bbox 865 1013 963 1047; x_wconf 88' lang='lat' dir='ltr'>nomen</span> <span class='ocrx_word' id='word_1_327' title='bbox 987 997 1104 1056; x_wconf 87' lang='lat' dir='ltr'>Christi,</span> <span class='ocrx_word' id='word_1_328' title='bbox 1131 997 1204 1062; x_wconf 90' lang='lat' dir='ltr'>quod</span> 
     </span>
     <span class='ocr_line' id='line_1_62' title="bbox 671 1072 1204 1138; baseline 0 -18"><span class='ocrx_word' id='word_1_329' title='bbox 671 1082 734 1121; x_wconf 90' lang='lat' dir='ltr'>tunc</span> <span class='ocrx_word' id='word_1_330' title='bbox 755 1072 880 1121; x_wconf 90' lang='lat' dir='ltr'>odiosum</span> <span class='ocrx_word' id='word_1_331' title='bbox 900 1083 964 1131; x_wconf 90' lang='lat' dir='ltr'>erat,</span> <span class='ocrx_word' id='word_1_332' title='bbox 985 1072 1163 1138; x_wconf 85' lang='lat' dir='ltr'>publicaretur</span> <span class='ocrx_word' id='word_1_333' title='bbox 1178 1081 1204 1121; x_wconf 92' lang='lat' dir='ltr'>et</span> 
     </span>
    </p>
   </div>
   <div class='ocr_carea' id='block_1_6' title="bbox 672 1141 1283 1207">
    <p class='ocr_par' dir='ltr' id='par_1_7' title="bbox 672 1141 1283 1207">
     <span class='ocr_line' id='line_1_63' title="bbox 672 1141 1283 1207; baseline 0 -17"><span class='ocrx_word' id='word_1_334' title='bbox 672 1141 886 1207; x_wconf 88' lang='lat' dir='ltr'>magnificaretur</span> <span class='ocrx_word' id='word_1_335' title='bbox 906 1158 953 1207; x_wconf 90' lang='lat' dir='ltr'>per</span> <span class='ocrx_word' id='word_1_336' title='bbox 972 1141 1104 1192; x_wconf 86' lang='lat' dir='ltr'>ambitum</span> <span class='ocrx_word' id='word_1_337' title='bbox 1120 1157 1204 1191; x_wconf 93' lang='lat' dir='ltr'>mun·</span> <span class='ocrx_word' id='word_1_338' title='bbox 1281 1200 1283 1204; x_wconf 28' lang='grc' dir='ltr'>Ι</span> 
     </span>
    </p>
   </div>
   <div class='ocr_carea' id='block_1_7' title="bbox 669 1212 1207 2627">
    <p class='ocr_par' dir='ltr' id='par_1_8' title="bbox 669 1212 1207 2627">
     <span class='ocr_line' id='line_1_64' title="bbox 670 1212 1205 1265; baseline 0.002 -4"><span class='ocrx_word' id='word_1_339' title='bbox 670 1212 707 1263; x_wconf 93' lang='lat' dir='ltr'>di.</span> <span class='ocrx_word' id='word_1_340' title='bbox 725 1214 757 1262; x_wconf 84' lang='lat' dir='ltr'>Et</span> <span class='ocrx_word' id='word_1_341' title='bbox 778 1213 874 1262; x_wconf 89' lang='lat' dir='ltr'>addit:</span> <span class='ocrx_word' id='word_1_342' title='bbox 890 1214 1022 1265; x_wconf 85' lang='lat' dir='ltr'>Docentes</span> <span class='ocrx_word' id='word_1_343' title='bbox 1036 1228 1081 1263; x_wconf 83' lang='lat' dir='ltr'>eos</span> <span class='ocrx_word' id='word_1_344' title='bbox 1093 1227 1205 1263; x_wconf 81' lang='lat' dir='ltr'>servare</span> 
     </span>
     <span class='ocr_line' id='line_1_65' title="bbox 670 1286 1204 1352; baseline 0.002 -17"><span class='ocrx_word' id='word_1_345' title='bbox 670 1302 750 1351; x_wconf 90' lang='lat' dir='ltr'>opere</span> <span class='ocrx_word' id='word_1_346' title='bbox 764 1297 790 1337; x_wconf 91' lang='lat' dir='ltr'>et</span> <span class='ocrx_word' id='word_1_347' title='bbox 804 1287 1007 1352; x_wconf 88' lang='lat' dir='ltr'>perseverantia,</span> <span class='ocrx_word' id='word_1_348' title='bbox 1025 1286 1112 1337; x_wconf 87' lang='lat' dir='ltr'>omnia</span> <span class='ocrx_word' id='word_1_349' title='bbox 1128 1300 1204 1351; x_wconf 80' lang='lat' dir='ltr'>qnae-</span> 
     </span>
     <span class='ocr_line' id='line_1_66' title="bbox 670 1354 1203 1423; baseline -0.006 -16"><span class='ocrx_word' id='word_1_350' title='bbox 670 1371 772 1423; x_wconf 78' lang='lat' dir='ltr'>cunque</span> <span class='ocrx_word' id='word_1_351' title='bbox 783 1357 918 1420; x_wconf 78' lang='lat' dir='ltr'>mandavi,</span> <span class='ocrx_word' id='word_1_352' title='bbox 936 1369 961 1408; x_wconf 93' lang='lat' dir='ltr'>et</span> <span class='ocrx_word' id='word_1_353' title='bbox 977 1357 1032 1406; x_wconf 82' lang='lat' dir='ltr'>dixi</span> <span class='ocrx_word' id='word_1_354' title='bbox 1048 1355 1130 1417; x_wconf 75' lang='lat' dir='ltr'>vobit,</span> <span class='ocrx_word' id='word_1_355' title='bbox 1149 1354 1203 1405; x_wconf 94' lang='lat' dir='ltr'>sci-</span> 
     </span>
     <span class='ocr_line' id='line_1_67' title="bbox 669 1425 1204 1478; baseline -0.006 -1"><span class='ocrx_word' id='word_1_356' title='bbox 669 1428 733 1477; x_wconf 90' lang='lat' dir='ltr'>licet</span> <span class='ocrx_word' id='word_1_357' title='bbox 751 1445 757 1477; x_wconf 90' lang='lat'>:</span> <span class='ocrx_word' id='word_1_358' title='bbox 777 1439 943 1478; x_wconf 88' lang='lat' dir='ltr'>sacramenta</span> <span class='ocrx_word' id='word_1_359' title='bbox 963 1444 977 1478; x_wconf 89' lang='lat' dir='ltr'>a</span> <span class='ocrx_word' id='word_1_360' title='bbox 999 1427 1107 1477; x_wconf 85' lang='lat' dir='ltr'>Christo</span> <span class='ocrx_word' id='word_1_361' title='bbox 1123 1425 1204 1475; x_wconf 91' lang='lat' dir='ltr'>insti·</span> 
     </span>
     <span class='ocr_line' id='line_1_68' title="bbox 669 1498 1202 1562; baseline -0.002 -14"><span class='ocrx_word' id='word_1_362' title='bbox 669 1510 740 1562; x_wconf 86' lang='lat' dir='ltr'>tuta,</span> <span class='ocrx_word' id='word_1_363' title='bbox 764 1506 790 1551; x_wconf 78' lang='lat' dir='ltr'>et</span> <span class='ocrx_word' id='word_1_364' title='bbox 813 1501 865 1551; x_wconf 90' lang='lat' dir='ltr'>alia</span> <span class='ocrx_word' id='word_1_365' title='bbox 886 1502 918 1550; x_wconf 86' lang='lat' dir='ltr'>ad</span> <span class='ocrx_word' id='word_1_366' title='bbox 943 1498 1023 1550; x_wconf 89' lang='lat' dir='ltr'>fidem</span> <span class='ocrx_word' id='word_1_367' title='bbox 1046 1498 1202 1549; x_wconf 88' lang='lat' dir='ltr'>catholicam</span> 
     </span>
     <span class='ocr_line' id='line_1_69' title="bbox 670 1570 1204 1637; baseline -0.002 -16"><span class='ocrx_word' id='word_1_368' title='bbox 670 1572 839 1637; x_wconf 88' lang='lat' dir='ltr'>pertinentia,</span> <span class='ocrx_word' id='word_1_369' title='bbox 855 1587 884 1622; x_wconf 90' lang='lat' dir='ltr'>ac</span> <span class='ocrx_word' id='word_1_370' title='bbox 901 1587 990 1622; x_wconf 91' lang='lat' dir='ltr'>mores</span> <span class='ocrx_word' id='word_1_371' title='bbox 1005 1571 1072 1621; x_wconf 84' lang='lat' dir='ltr'>circa</span> <span class='ocrx_word' id='word_1_372' title='bbox 1086 1570 1204 1620; x_wconf 90' lang='lat' dir='ltr'>dilectio-</span> 
     </span>
     <span class='ocr_line' id='line_1_70' title="bbox 671 1638 1202 1706; baseline -0.004 -16"><span class='ocrx_word' id='word_1_373' title='bbox 671 1656 734 1690; x_wconf 90' lang='lat' dir='ltr'>nem</span> <span class='ocrx_word' id='word_1_374' title='bbox 760 1640 809 1690; x_wconf 92' lang='lat' dir='ltr'>Dei</span> <span class='ocrx_word' id='word_1_375' title='bbox 835 1650 861 1690; x_wconf 92' lang='lat' dir='ltr'>et</span> <span class='ocrx_word' id='word_1_376' title='bbox 889 1641 1004 1706; x_wconf 81' lang='lat' dir='ltr'>proximi</span> <span class='ocrx_word' id='word_1_377' title='bbox 1025 1638 1202 1689; x_wconf 75' lang='lat' dir='ltr'>instituentis.</span> 
     </span>
     <span class='ocr_line' id='line_1_71' title="bbox 671 1709 1205 1777; baseline -0.007 -15"><span class='ocrx_word' id='word_1_378' title='bbox 671 1713 834 1777; x_wconf 86' lang='lat' dir='ltr'>Praeceptum</span> <span class='ocrx_word' id='word_1_379' title='bbox 845 1713 918 1777; x_wconf 87' lang='lat' dir='ltr'>quod</span> <span class='ocrx_word' id='word_1_380' title='bbox 928 1711 1061 1761; x_wconf 87' lang='lat' dir='ltr'>Dominus</span> <span class='ocrx_word' id='word_1_381' title='bbox 1074 1720 1135 1760; x_wconf 89' lang='lat' dir='ltr'>ante</span> <span class='ocrx_word' id='word_1_382' title='bbox 1146 1709 1205 1759; x_wconf 81' lang='lat' dir='ltr'>Pas·</span> 
     </span>
     <span class='ocr_line' id='line_1_72' title="bbox 670 1782 1204 1848; baseline -0.004 -15"><span class='ocrx_word' id='word_1_383' title='bbox 670 1783 774 1833; x_wconf 90' lang='lat' dir='ltr'>sionem</span> <span class='ocrx_word' id='word_1_384' title='bbox 804 1798 881 1832; x_wconf 90' lang='lat' dir='ltr'>suam</span> <span class='ocrx_word' id='word_1_385' title='bbox 909 1783 1050 1848; x_wconf 91' lang='lat' dir='ltr'>discipulis</span> <span class='ocrx_word' id='word_1_386' title='bbox 1079 1782 1204 1840; x_wconf 87' lang='lat' dir='ltr'>dederat,</span> 
     </span>
     <span class='ocr_line' id='line_1_73' title="bbox 670 1851 1204 1919; baseline -0.004 -17"><span class='ocrx_word' id='word_1_387' title='bbox 670 1853 770 1903; x_wconf 83' lang='lat' dir='ltr'>scilicet</span> <span class='ocrx_word' id='word_1_388' title='bbox 786 1854 859 1919; x_wconf 92' lang='lat' dir='ltr'>quod</span> <span class='ocrx_word' id='word_1_389' title='bbox 874 1853 939 1903; x_wconf 89' lang='lat' dir='ltr'>solis</span> <span class='ocrx_word' id='word_1_390' title='bbox 956 1853 1055 1904; x_wconf 86' lang='lat' dir='ltr'>Judaeis</span> <span class='ocrx_word' id='word_1_391' title='bbox 1075 1851 1204 1917; x_wconf 85' lang='lat' dir='ltr'>praedica-</span> 
     </span>
     <span class='ocr_line' id='line_1_74' title="bbox 669 1921 1204 1987; baseline -0.002 -15"><span class='ocrx_word' id='word_1_392' title='bbox 669 1933 738 1987; x_wconf 90' lang='lat' dir='ltr'>rent,</span> <span class='ocrx_word' id='word_1_393' title='bbox 753 1924 820 1973; x_wconf 91' lang='lat' dir='ltr'>etin</span> <span class='ocrx_word' id='word_1_394' title='bbox 836 1924 907 1974; x_wconf 88' lang='lat' dir='ltr'>viam</span> <span class='ocrx_word' id='word_1_395' title='bbox 923 1924 1050 1974; x_wconf 90' lang='lat' dir='ltr'>Gentium</span> <span class='ocrx_word' id='word_1_396' title='bbox 1067 1939 1122 1972; x_wconf 92' lang='lat' dir='ltr'>non</span> <span class='ocrx_word' id='word_1_397' title='bbox 1144 1921 1204 1971; x_wconf 89' lang='lat' dir='ltr'>abi-</span> 
     </span>
     <span class='ocr_line' id='line_1_75' title="bbox 669 1992 1207 2060; baseline -0.002 -17"><span class='ocrx_word' id='word_1_398' title='bbox 669 2002 737 2054; x_wconf 89' lang='lat' dir='ltr'>rent,</span> <span class='ocrx_word' id='word_1_399' title='bbox 757 1996 790 2044; x_wconf 90' lang='lat' dir='ltr'>ad</span> <span class='ocrx_word' id='word_1_400' title='bbox 816 2006 925 2060; x_wconf 92' lang='lat' dir='ltr'>tempus</span> <span class='ocrx_word' id='word_1_401' title='bbox 939 2006 994 2045; x_wconf 89' lang='lat' dir='ltr'>erat</span> <span class='ocrx_word' id='word_1_402' title='bbox 1011 2005 1125 2054; x_wconf 89' lang='lat' dir='ltr'>certum,</span> <span class='ocrx_word' id='word_1_403' title='bbox 1141 1992 1207 2059; x_wconf 85' lang='lat' dir='ltr'>quia</span> 
     </span>
     <span class='ocr_line' id='line_1_76' title="bbox 669 2066 1204 2117; baseline 0 -1"><span class='ocrx_word' id='word_1_404' title='bbox 669 2077 732 2117; x_wconf 90' lang='lat' dir='ltr'>ante</span> <span class='ocrx_word' id='word_1_405' title='bbox 756 2068 858 2117; x_wconf 91' lang='lat' dir='ltr'>Christi</span> <span class='ocrx_word' id='word_1_406' title='bbox 884 2068 1114 2117; x_wconf 89' lang='lat' dir='ltr'>Resurrectionem</span> <span class='ocrx_word' id='word_1_407' title='bbox 1139 2066 1204 2116; x_wconf 88' lang='lat' dir='ltr'>fides</span> 
     </span>
     <span class='ocr_line' id='line_1_77' title="bbox 670 2136 1206 2200; baseline -0.002 -14"><span class='ocrx_word' id='word_1_408' title='bbox 670 2136 772 2187; x_wconf 90' lang='lat' dir='ltr'>Christi</span> <span class='ocrx_word' id='word_1_409' title='bbox 790 2154 842 2187; x_wconf 91' lang='lat' dir='ltr'>non</span> <span class='ocrx_word' id='word_1_410' title='bbox 858 2147 912 2188; x_wconf 89' lang='lat' dir='ltr'>erat</span> <span class='ocrx_word' id='word_1_411' title='bbox 929 2137 1089 2200; x_wconf 86' lang='lat' dir='ltr'>divulganda</span> <span class='ocrx_word' id='word_1_412' title='bbox 1103 2151 1150 2200; x_wconf 89' lang='lat' dir='ltr'>per</span> <span class='ocrx_word' id='word_1_413' title='bbox 1165 2151 1206 2186; x_wconf 89' lang='lat' dir='ltr'>or·</span> 
     </span>
     <span class='ocr_line' id='line_1_78' title="bbox 670 2207 1203 2272; baseline -0.004 -14"><span class='ocrx_word' id='word_1_414' title='bbox 670 2208 731 2258; x_wconf 90' lang='lat' dir='ltr'>bem</span> <span class='ocrx_word' id='word_1_415' title='bbox 753 2208 926 2269; x_wconf 67' lang='lat' dir='ltr'>universum</span> <span class='ocrx_word' id='word_1_416' title='bbox 943 2217 970 2257; x_wconf 88' lang='lat' dir='ltr'>et</span> <span class='ocrx_word' id='word_1_417' title='bbox 990 2207 1050 2257; x_wconf 90' lang='lat' dir='ltr'>ideo</span> <span class='ocrx_word' id='word_1_418' title='bbox 1072 2218 1132 2272; x_wconf 90' lang='lat' dir='ltr'>post</span> <span class='ocrx_word' id='word_1_419' title='bbox 1148 2207 1203 2256; x_wconf 90' lang='lat' dir='ltr'>Re-</span> 
     </span>
     <span class='ocr_line' id='line_1_79' title="bbox 670 2276 1202 2343; baseline -0.006 -15"><span class='ocrx_word' id='word_1_420' title='bbox 670 2279 864 2329; x_wconf 86' lang='lat' dir='ltr'>surrectionem</span> <span class='ocrx_word' id='word_1_421' title='bbox 889 2278 1015 2343; x_wconf 87' lang='lat' dir='ltr'>praecepit</span> <span class='ocrx_word' id='word_1_422' title='bbox 1039 2278 1093 2335; x_wconf 88' lang='lat' dir='ltr'>eis,</span> <span class='ocrx_word' id='word_1_423' title='bbox 1119 2285 1149 2326; x_wconf 91' lang='lat' dir='ltr'>ut</span> <span class='ocrx_word' id='word_1_424' title='bbox 1174 2276 1202 2326; x_wconf 91' lang='lat' dir='ltr'>in</span> 
     </span>
     <span class='ocr_line' id='line_1_80' title="bbox 670 2346 1202 2412; baseline -0.006 -14"><span class='ocrx_word' id='word_1_425' title='bbox 670 2364 763 2398; x_wconf 86' lang='lat' dir='ltr'>omnes</span> <span class='ocrx_word' id='word_1_426' title='bbox 783 2349 881 2398; x_wconf 85' lang='lat' dir='ltr'>Gentes</span> <span class='ocrx_word' id='word_1_427' title='bbox 902 2348 981 2409; x_wconf 89' lang='lat' dir='ltr'>irent,</span> <span class='ocrx_word' id='word_1_428' title='bbox 998 2359 1022 2397; x_wconf 89' lang='lat' dir='ltr'>et</span> <span class='ocrx_word' id='word_1_429' title='bbox 1043 2347 1131 2412; x_wconf 89' lang='lat' dir='ltr'>primo</span> <span class='ocrx_word' id='word_1_430' title='bbox 1150 2346 1202 2395; x_wconf 91' lang='lat' dir='ltr'>do-</span> 
     </span>
     <span class='ocr_line' id='line_1_81' title="bbox 670 2416 1203 2479; baseline -0.004 -11"><span class='ocrx_word' id='word_1_431' title='bbox 670 2428 768 2477; x_wconf 87' lang='lat' dir='ltr'>cerent,</span> <span class='ocrx_word' id='word_1_432' title='bbox 793 2420 819 2467; x_wconf 93' lang='lat' dir='ltr'>id</span> <span class='ocrx_word' id='word_1_433' title='bbox 839 2430 878 2468; x_wconf 91' lang='lat' dir='ltr'>est</span> <span class='ocrx_word' id='word_1_434' title='bbox 898 2417 1100 2479; x_wconf 85' lang='lat' dir='ltr'>catechizarent,</span> <span class='ocrx_word' id='word_1_435' title='bbox 1123 2428 1148 2467; x_wconf 90' lang='lat' dir='ltr'>et</span> <span class='ocrx_word' id='word_1_436' title='bbox 1174 2416 1203 2466; x_wconf 92' lang='lat' dir='ltr'>in</span> 
     </span>
     <span class='ocr_line' id='line_1_82' title="bbox 670 2488 1202 2547; baseline -0.002 -8"><span class='ocrx_word' id='word_1_437' title='bbox 670 2489 721 2539; x_wconf 88' lang='lat' dir='ltr'>fide</span> <span class='ocrx_word' id='word_1_438' title='bbox 745 2489 921 2547; x_wconf 89' lang='lat' dir='ltr'>instruerent,</span> <span class='ocrx_word' id='word_1_439' title='bbox 948 2489 1044 2540; x_wconf 89' lang='lat' dir='ltr'>deinde</span> <span class='ocrx_word' id='word_1_440' title='bbox 1069 2488 1130 2538; x_wconf 87' lang='lat' dir='ltr'>fidei</span> <span class='ocrx_word' id='word_1_441' title='bbox 1159 2503 1202 2538; x_wconf 86' lang='lat' dir='ltr'>sa·</span> 
     </span>
     <span class='ocr_line' id='line_1_83' title="bbox 670 2559 1205 2627; baseline -0.002 -17"><span class='ocrx_word' id='word_1_442' title='bbox 670 2572 815 2623; x_wconf 86' lang='lat' dir='ltr'>eramento,</span> <span class='ocrx_word' id='word_1_443' title='bbox 837 2561 937 2612; x_wconf 91' lang='lat' dir='ltr'>scilicet</span> <span class='ocrx_word' id='word_1_444' title='bbox 956 2562 1093 2627; x_wconf 89' lang='lat' dir='ltr'>Baptismo</span> <span class='ocrx_word' id='word_1_445' title='bbox 1122 2559 1205 2610; x_wconf 90' lang='lat' dir='ltr'>intin-</span> 
     </span>
    </p>
   </div>
   <div class='ocr_carea' id='block_1_8' title="bbox 670 2630 1205 3052">
    <p class='ocr_par' dir='ltr' id='par_1_9' title="bbox 670 2630 1205 3052">
     <span class='ocr_line' id='line_1_84' title="bbox 670 2630 1205 2698; baseline 0 -18"><span class='ocrx_word' id='word_1_446' title='bbox 670 2640 771 2696; x_wconf 88' lang='lat' dir='ltr'>gerent,</span> <span class='ocrx_word' id='word_1_447' title='bbox 786 2631 849 2697; x_wconf 90' lang='lat' dir='ltr'>quia</span> <span class='ocrx_word' id='word_1_448' title='bbox 863 2631 945 2682; x_wconf 88' lang='lat' dir='ltr'>adulti</span> <span class='ocrx_word' id='word_1_449' title='bbox 964 2632 1040 2698; x_wconf 89' lang='lat' dir='ltr'>prius</span> <span class='ocrx_word' id='word_1_450' title='bbox 1054 2632 1152 2682; x_wconf 89' lang='lat' dir='ltr'>debent</span> <span class='ocrx_word' id='word_1_451' title='bbox 1166 2630 1205 2680; x_wconf 91' lang='lat' dir='ltr'>in·</span> 
     </span>
     <span class='ocr_line' id='line_1_85' title="bbox 671 2703 1204 2778; baseline 0 -26"><span class='ocrx_word' id='word_1_452' title='bbox 671 2704 738 2754; x_wconf 90' lang='lat' dir='ltr'>strui</span> <span class='ocrx_word' id='word_1_453' title='bbox 747 2705 781 2753; x_wconf 90' lang='lat' dir='ltr'>de</span> <span class='ocrx_word' id='word_1_454' title='bbox 792 2703 837 2753; x_wconf 92' lang='lat' dir='ltr'>his</span> <span class='ocrx_word' id='word_1_455' title='bbox 851 2719 912 2770; x_wconf 82' lang='lat' dir='ltr'>quae</span> <span class='ocrx_word' id='word_1_456' title='bbox 925 2705 957 2754; x_wconf 91' lang='lat' dir='ltr'>ad</span> <span class='ocrx_word' id='word_1_457' title='bbox 969 2703 1048 2755; x_wconf 89' lang='lat' dir='ltr'>fidem</span> <span class='ocrx_word' id='word_1_458' title='bbox 1061 2705 1204 2778; x_wconf 85' lang='lat' dir='ltr'>pertinent,</span> 
     </span>
     <span class='ocr_line' id='line_1_86' title="bbox 670 2774 1204 2840; baseline -0.004 -16"><span class='ocrx_word' id='word_1_459' title='bbox 670 2789 752 2840; x_wconf 91' lang='lat' dir='ltr'>quarn</span> <span class='ocrx_word' id='word_1_460' title='bbox 774 2774 912 2840; x_wconf 78' lang='lat' dir='ltr'>baptizari.</span> <span class='ocrx_word' id='word_1_461' title='bbox 943 2776 974 2824; x_wconf 88' lang='lat' dir='ltr'>Et</span> <span class='ocrx_word' id='word_1_462' title='bbox 1001 2776 1060 2824; x_wconf 90' lang='lat' dir='ltr'>ideo</span> <span class='ocrx_word' id='word_1_463' title='bbox 1084 2774 1204 2824; x_wconf 87' lang='lat' dir='ltr'>catechi-</span> 
     </span>
     <span class='ocr_line' id='line_1_87' title="bbox 670 2844 1204 2910; baseline -0.002 -17"><span class='ocrx_word' id='word_1_464' title='bbox 670 2860 746 2894; x_wconf 87' lang='lat' dir='ltr'>smus</span> <span class='ocrx_word' id='word_1_465' title='bbox 761 2846 839 2895; x_wconf 90' lang='lat' dir='ltr'>debet</span> <span class='ocrx_word' id='word_1_466' title='bbox 859 2845 1028 2910; x_wconf 89' lang='lat' dir='ltr'>Baptismum</span> <span class='ocrx_word' id='word_1_467' title='bbox 1049 2844 1204 2908; x_wconf 85' lang='lat' dir='ltr'>praecedere,</span> 
     </span>
     <span class='ocr_line' id='line_1_88' title="bbox 670 2912 1205 2978; baseline -0.002 -14"><span class='ocrx_word' id='word_1_468' title='bbox 670 2924 696 2964; x_wconf 91' lang='lat' dir='ltr'>et</span> <span class='ocrx_word' id='word_1_469' title='bbox 715 2915 824 2965; x_wconf 90' lang='lat' dir='ltr'>tandem</span> <span class='ocrx_word' id='word_1_470' title='bbox 841 2926 901 2978; x_wconf 90' lang='lat' dir='ltr'>post</span> <span class='ocrx_word' id='word_1_471' title='bbox 921 2914 1069 2963; x_wconf 87' lang='lat' dir='ltr'>doctrinam</span> <span class='ocrx_word' id='word_1_472' title='bbox 1090 2912 1161 2974; x_wconf 87' lang='lat' dir='ltr'>fidei,</span> <span class='ocrx_word' id='word_1_473' title='bbox 1179 2923 1205 2963; x_wconf 92' lang='lat' dir='ltr'>et</span> 
     </span>
     <span class='ocr_line' id='line_1_89' title="bbox 671 2986 1205 3052; baseline -0.002 -17"><span class='ocrx_word' id='word_1_474' title='bbox 671 2995 732 3052; x_wconf 91' lang='lat' dir='ltr'>post</span> <span class='ocrx_word' id='word_1_475' title='bbox 760 2987 928 3052; x_wconf 82' lang='lat' dir='ltr'>Baptismum</span> <span class='ocrx_word' id='word_1_476' title='bbox 957 2986 1047 3035; x_wconf 91' lang='lat' dir='ltr'>omnia</span> <span class='ocrx_word' id='word_1_477' title='bbox 1075 2999 1205 3050; x_wconf 77' lang='lat' dir='ltr'>quaecun-</span> 
     </span>
    </p>
   </div>
   <div class='ocr_carea' id='block_1_9' title="bbox 670 3055 1213 3902">
    <p class='ocr_par' dir='ltr' id='par_1_10' title="bbox 670 3055 1213 3902">
     <span class='ocr_line' id='line_1_90' title="bbox 671 3055 1205 3121; baseline 0 -16"><span class='ocrx_word' id='word_1_478' title='bbox 671 3071 723 3121; x_wconf 90' lang='lat' dir='ltr'>que</span> <span class='ocrx_word' id='word_1_479' title='bbox 753 3067 842 3107; x_wconf 89' lang='lat' dir='ltr'>essent</span> <span class='ocrx_word' id='word_1_480' title='bbox 874 3055 1038 3107; x_wconf 87' lang='lat' dir='ltr'>observanda</span> <span class='ocrx_word' id='word_1_481' title='bbox 1070 3055 1205 3120; x_wconf 87' lang='lat' dir='ltr'>praecipe-</span> 
     </span>
     <span class='ocr_line' id='line_1_91' title="bbox 670 3125 1205 3191; baseline -0.002 -16"><span class='ocrx_word' id='word_1_482' title='bbox 670 3135 739 3186; x_wconf 88' lang='lat' dir='ltr'>rent,</span> <span class='ocrx_word' id='word_1_483' title='bbox 756 3126 829 3191; x_wconf 86' lang='lat' dir='ltr'>quia,</span> <span class='ocrx_word' id='word_1_484' title='bbox 844 3136 874 3176; x_wconf 93' lang='lat' dir='ltr'>ut</span> <span class='ocrx_word' id='word_1_485' title='bbox 892 3125 957 3175; x_wconf 90' lang='lat' dir='ltr'>dicit</span> <span class='ocrx_word' id='word_1_486' title='bbox 978 3126 1101 3187; x_wconf 79' lang='lat' dir='ltr'>lacobus,</span> <span class='ocrx_word' id='word_1_487' title='bbox 1122 3139 1205 3189; x_wconf 89' lang='lat' dir='ltr'>opor·</span> 
     </span>
     <span class='ocr_line' id='line_1_92' title="bbox 672 3196 1206 3247; baseline -0.002 0"><span class='ocrx_word' id='word_1_488' title='bbox 672 3207 709 3247; x_wconf 93' lang='lat' dir='ltr'>tet</span> <span class='ocrx_word' id='word_1_489' title='bbox 741 3212 796 3246; x_wconf 91' lang='lat' dir='ltr'>non</span> <span class='ocrx_word' id='word_1_490' title='bbox 835 3206 938 3246; x_wconf 85' lang='lat' dir='ltr'>tanturn</span> <span class='ocrx_word' id='word_1_491' title='bbox 974 3196 1109 3246; x_wconf 86' lang='lat' dir='ltr'>auditores</span> <span class='ocrx_word' id='word_1_492' title='bbox 1148 3211 1206 3246; x_wconf 88' lang='lat' dir='ltr'>esse</span> 
     </span>
     <span class='ocr_line' id='line_1_93' title="bbox 670 3267 1206 3335; baseline -0.002 -16"><span class='ocrx_word' id='word_1_493' title='bbox 670 3268 759 3328; x_wconf 89' lang='lat' dir='ltr'>verbi,</span> <span class='ocrx_word' id='word_1_494' title='bbox 782 3268 829 3318; x_wconf 88' lang='lat' dir='ltr'>sed</span> <span class='ocrx_word' id='word_1_495' title='bbox 855 3268 934 3318; x_wconf 91' lang='lat' dir='ltr'>etiam</span> <span class='ocrx_word' id='word_1_496' title='bbox 956 3268 1082 3330; x_wconf 85' lang='lat' dir='ltr'>factores;</span> <span class='ocrx_word' id='word_1_497' title='bbox 1109 3278 1135 3317; x_wconf 90' lang='lat' dir='ltr'>et</span> <span class='ocrx_word' id='word_1_498' title='bbox 1158 3267 1206 3335; x_wconf 89' lang='lat' dir='ltr'>qui</span> 
     </span>
     <span class='ocr_line' id='line_1_94' title="bbox 672 3340 1206 3405; baseline -0.002 -13"><span class='ocrx_word' id='word_1_499' title='bbox 672 3341 813 3392; x_wconf 83' lang='lat' dir='ltr'>offenderit</span> <span class='ocrx_word' id='word_1_500' title='bbox 832 3340 860 3390; x_wconf 91' lang='lat' dir='ltr'>in</span> <span class='ocrx_word' id='word_1_501' title='bbox 883 3357 952 3405; x_wconf 92' lang='lat' dir='ltr'>uno,</span> <span class='ocrx_word' id='word_1_502' title='bbox 975 3341 1057 3392; x_wconf 85' lang='lat' dir='ltr'>factus</span> <span class='ocrx_word' id='word_1_503' title='bbox 1079 3353 1119 3392; x_wconf 88' lang='lat' dir='ltr'>est</span> <span class='ocrx_word' id='word_1_504' title='bbox 1143 3358 1206 3392; x_wconf 84' lang='lat' dir='ltr'>om-</span> 
     </span>
     <span class='ocr_line' id='line_1_95' title="bbox 673 3413 1205 3479; baseline -0.002 -16"><span class='ocrx_word' id='word_1_505' title='bbox 673 3413 749 3464; x_wconf 90' lang='lat' dir='ltr'>nium</span> <span class='ocrx_word' id='word_1_506' title='bbox 774 3428 844 3465; x_wconf 90' lang='lat' dir='ltr'>reus.</span> <span class='ocrx_word' id='word_1_507' title='bbox 869 3414 1012 3479; x_wconf 89' lang='lat' dir='ltr'>Congruus</span> <span class='ocrx_word' id='word_1_508' title='bbox 1036 3423 1075 3463; x_wconf 89' lang='lat' dir='ltr'>est</span> <span class='ocrx_word' id='word_1_509' title='bbox 1103 3415 1168 3463; x_wconf 91' lang='lat' dir='ltr'>ordo</span> <span class='ocrx_word' id='word_1_510' title='bbox 1198 3428 1205 3461; x_wconf 90' lang='lat'>:</span> 
     </span>
     <span class='ocr_line' id='line_1_96' title="bbox 672 3483 1207 3550; baseline 0.002 -17"><span class='ocrx_word' id='word_1_511' title='bbox 672 3485 761 3550; x_wconf 89' lang='lat' dir='ltr'>primo</span> <span class='ocrx_word' id='word_1_512' title='bbox 793 3483 1003 3546; x_wconf 78' lang='lat' dir='ltr'>enimauditor</span> <span class='ocrx_word' id='word_1_513' title='bbox 1034 3483 1061 3532; x_wconf 90' lang='lat' dir='ltr'>in</span> <span class='ocrx_word' id='word_1_514' title='bbox 1091 3483 1144 3534; x_wconf 88' lang='lat' dir='ltr'>fide</span> <span class='ocrx_word' id='word_1_515' title='bbox 1167 3492 1207 3534; x_wconf 90' lang='lat' dir='ltr'>est</span> 
     </span>
     <span class='ocr_line' id='line_1_97' title="bbox 672 3553 1205 3620; baseline -0.002 -16"><span class='ocrx_word' id='word_1_516' title='bbox 672 3554 822 3613; x_wconf 91' lang='lat' dir='ltr'>docendus,</span> <span class='ocrx_word' id='word_1_517' title='bbox 852 3568 916 3619; x_wconf 78' lang='lat' dir='ltr'>quia</span> <span class='ocrx_word' id='word_1_518' title='bbox 942 3553 994 3604; x_wconf 90' lang='lat' dir='ltr'>nisi</span> <span class='ocrx_word' id='word_1_519' title='bbox 1021 3554 1097 3620; x_wconf 88' lang='lat' dir='ltr'>prius</span> <span class='ocrx_word' id='word_1_520' title='bbox 1125 3554 1205 3605; x_wconf 89' lang='lat' dir='ltr'>fidem</span> 
     </span>
     <span class='ocr_line' id='line_1_98' title="bbox 673 3623 1209 3688; baseline 0.006 -16"><span class='ocrx_word' id='word_1_521' title='bbox 673 3623 765 3673; x_wconf 86' lang='lat' dir='ltr'>anima</span> <span class='ocrx_word' id='word_1_522' title='bbox 792 3623 921 3688; x_wconf 81' lang='lat' dir='ltr'>recipiat,</span> <span class='ocrx_word' id='word_1_523' title='bbox 952 3640 1007 3673; x_wconf 92' lang='lat' dir='ltr'>non</span> <span class='ocrx_word' id='word_1_524' title='bbox 1034 3636 1075 3675; x_wconf 90' lang='lat' dir='ltr'>est</span> <span class='ocrx_word' id='word_1_525' title='bbox 1105 3625 1209 3675; x_wconf 87' lang='lat' dir='ltr'>dandus</span> 
     </span>
     <span class='ocr_line' id='line_1_99' title="bbox 675 3693 1208 3760; baseline 0.004 -18"><span class='ocrx_word' id='word_1_526' title='bbox 675 3693 852 3758; x_wconf 82' lang='lat' dir='ltr'>Baptismus:</span> <span class='ocrx_word' id='word_1_527' title='bbox 867 3693 934 3744; x_wconf 86' lang='lat' dir='ltr'>Sine</span> <span class='ocrx_word' id='word_1_528' title='bbox 941 3694 1001 3760; x_wconf 82' lang='lat' dir='ltr'>fide</span> <span class='ocrx_word' id='word_1_529' title='bbox 1014 3695 1087 3744; x_wconf 89' lang='lat' dir='ltr'>enirn</span> <span class='ocrx_word' id='word_1_530' title='bbox 1105 3697 1208 3759; x_wconf 80' lang='lat' dir='ltr'>impos-</span> 
     </span>
     <span class='ocr_line' id='line_1_100' title="bbox 674 3763 1210 3829; baseline -0.002 -15"><span class='ocrx_word' id='word_1_531' title='bbox 674 3764 752 3814; x_wconf 81' lang='lat' dir='ltr'>sibile</span> <span class='ocrx_word' id='word_1_532' title='bbox 777 3770 819 3814; x_wconf 86' lang='lat' dir='ltr'>est</span> <span class='ocrx_word' id='word_1_533' title='bbox 839 3763 951 3829; x_wconf 82' lang='lat' dir='ltr'>plaeere</span> <span class='ocrx_word' id='word_1_534' title='bbox 970 3765 1044 3828; x_wconf 86' lang='lat' dir='ltr'>Deo,·</span> <span class='ocrx_word' id='word_1_535' title='bbox 1071 3781 1119 3815; x_wconf 89' lang='lat' dir='ltr'>nec</span> <span class='ocrx_word' id='word_1_536' title='bbox 1140 3765 1210 3814; x_wconf 87' lang='lat' dir='ltr'>valet</span> 
     </span>
     <span class='ocr_line' id='line_1_101' title="bbox 674 3837 1213 3902; baseline 0 -16"><span class='ocrx_word' id='word_1_537' title='bbox 674 3837 809 3902; x_wconf 81' lang='lat' dir='ltr'>Bnptismi</span> <span class='ocrx_word' id='word_1_538' title='bbox 833 3837 982 3897; x_wconf 89' lang='lat' dir='ltr'>mundati0,</span> <span class='ocrx_word' id='word_1_539' title='bbox 999 3838 1023 3886; x_wconf 92' lang='lat' dir='ltr'>si</span> <span class='ocrx_word' id='word_1_540' title='bbox 1047 3853 1101 3886; x_wconf 92' lang='lat' dir='ltr'>non</span> <span class='ocrx_word' id='word_1_541' title='bbox 1124 3851 1213 3902; x_wconf 85' lang='lat' dir='ltr'>quan-</span> 
     </span>
    </p>
   </div>
   <div class='ocr_carea' id='block_1_10' title="bbox 0 0 1319 4328">
    <p class='ocr_par' dir='ltr' id='par_1_11' title="bbox 0 0 1319 4328">
     <span class='ocr_line' id='line_1_102' title="bbox 0 0 1319 4328; baseline 0 0"><span class='ocrx_word' id='word_1_542' title='bbox 0 0 1319 4328; x_wconf 95' lang='lat' dir='ltr'> </span> 
     </span>
    </p>
   </div>
  </div>
 </body>
</html>
