2626 4328
120 314 175 381 094

120 430 176 480 haec
184 424 525 496 chrysostomus.Fortehi
534 424 653 486 fuerunt,

119 502 152 552 de
166 501 266 567 quibus
279 514 360 565 supra
382 497 523 563 epistolam
544 496 577 545 ad
596 496 653 545 He-

120 574 207 624 braeos
220 572 327 638 legitur,
343 570 416 636 quod
440 568 520 620 multi
543 567 653 638 affecta-¹

119 653 218 698 verunt
234 641 342 708 sepeliri
366 640 395 690 in
421 651 491 691 terra
509 649 608 700 sancta,
623 649 654 691 ut

119 731 181 768 cum
190 714 653 778 Dominoresurgenteresurgerent.

118 790 148 840 In
164 784 308 850 Evangelio
324 783 404 834 etiam
418 782 653 832 Nazaraeorumle-

119 860 200 926 gitur,
221 857 293 923 quod
311 855 364 904 duo
373 853 424 904 viri
446 852 532 904 sancti
552 851 653 902 mortui

119 941 182 982 ante
207 927 382 996 quadraginta
404 940 499 985 annos,
522 933 654 975 venerunt

120 1001 150 1052 in
172 1001 319 1066 templum,
336 1007 362 1047 et
377 996 541 1061 scripserunt
560 1011 653 1061 :quo-

120 1074 202 1124 modo
217 1072 256 1121 illi
270 1071 318 1137 qui
329 1078 405 1120 erant
417 1067 444 1116 in
454 1067 549 1125 limbo,
560 1065 654 1116 exsul-

87 1199 89 1202 ,
118 1154 240 1197 taverunt
254 1143 281 1193 in
296 1143 426 1193 descensu
440 1139 551 1189 Domini
563 1139 596 1188 ad
607 1137 653 1188 in-

116 1208 653 1278 feros3etdaemonestrisrabantur;Unde

117 1288 172 1338 Leo
188 1288 271 1352 Papa:
283 1303 298 1331 u
311 1281 364 1343 Qui
379 1280 549 1331 mortalitatis
564 1293 654 1345 grava-

117 1361 214 1411 bantur
236 1356 400 1424 sepulchris,
416 1356 537 1407 discussa
559 1354 653 1404 obsta-

116 1431 240 1493 culorum
250 1444 325 1479 mora
339 1426 494 1493 prosiliant;
508 1436 652 1491 appareant

116 1516 227 1569 quoque
252 1513 323 1550 nunc
350 1498 379 1547 in
407 1494 520 1548 Civitate
547 1507 651 1558 sancta,

116 1575 202 1624 idest
226 1571 344 1622 Ecclesia
364 1570 413 1620 Dei
434 1569 531 1619 futurae
558 1585 652 1620 resur·

75 1665 79 1675 ·
106 1643 245 1695 rectionis
254 1640 363 1702 indicia,
372 1639 650 1705 etquodcredendum

117 1724 158 1765 est
170 1714 199 1764 in
212 1711 380 1779 corporibus,
389 1710 435 1760 fiat
444 1710 473 1760 in
483 1711 610 1761 cordibus
620 1728 627 1762 t
636 1731 649 1759 u

117 1786 174 1836 haec
198 1787 253 1836 Leo
280 1786 361 1850 Papa.
392 1786 473 1834 Recte
501 1795 590 1834 autem
621 1785 650 1835 in

117 1856 333 1909 Resurrectionis
343 1855 454 1906 Domini
466 1865 587 1923 tempore
604 1857 650 1907 alii

116 1938 299 1988 surrexerunt,
317 1937 348 1977 ut
368 1943 429 1978 cum
460 1943 488 1978 se
517 1929 651 1994 percipere

116 2000 267 2066 desperaret
283 1999 377 2062 homo,
391 1999 465 2065 quod
479 1999 506 2049 in
518 2015 546 2050 se
557 2009 650 2051 osten-

393 308 566 360 SECUNDAE
584 307 708 357 PARTIS
725 307 844 358 CAPUT
860 307 974 358 LXXIV.

707 423 781 473 derat
801 423 889 488 Deus;
904 425 988 474 homo
1004 424 1055 475 hoc
1077 425 1104 475 in
1131 441 1159 476 se
1182 425 1241 476 fieri

708 511 786 560 posse
806 506 989 561 praesumeret,
1011 497 1084 562 quod
1106 497 1134 546 in
1165 499 1243 564 puris

707 566 867 616 hominibus
876 566 976 617 factum
986 580 1169 633 cognosceret.
1178 570 1242 621 Un-

707 636 740 687 de
762 638 939 704 Gregorius:
956 656 970 684 a
987 638 1028 688 Ad
1053 639 1243 691 instruendam

707 722 771 774 ergo
783 705 960 773 ignorantiam
977 718 1107 770 nostram,
1118 711 1150 761 ad
1162 713 1243 762 robo-

707 779 816 829 randam
832 779 1016 830 infirmitatem
1033 791 1162 841 nostram,
1183 799 1241 835 suae

708 852 921 915 Resurrectionis
932 855 1086 920 exemplum
1097 856 1176 906 nobis
1187 857 1244 916 sui-

707 923 784 976 ficere
796 925 894 989 voluit;
917 928 992 976 solus
1013 928 1060 977 illo
1074 928 1102 978 in
1117 937 1240 994 tempore

708 1009 832 1050 mortuus
841 1008 890 1062 est,
901 1010 926 1050 et
938 1009 1026 1050 tamen
1040 1001 1114 1051 solus
1126 1002 1242 1052 minime

707 1069 833 1120 surrexit.
850 1070 890 1119 Ne
904 1071 967 1136 quis
985 1070 1060 1120 enim
1074 1071 1153 1134 dicat,
1175 1088 1242 1137 spe-

707 1153 766 1188 rare
786 1139 819 1189 de
839 1154 937 1189 senon
952 1141 1031 1190 debet
1046 1140 1139 1201 homo,
1162 1141 1238 1206 quod

707 1209 735 1258 in
751 1224 830 1260 carne
843 1225 892 1260 sua
907 1209 1032 1261 exhibuit
1052 1212 1240 1277 Homo-Deus;

706 1294 765 1330 ecce
779 1295 840 1330 cum
854 1281 909 1331 Deo
924 1281 1050 1331 homines
1061 1282 1242 1333 resurrexisse

706 1353 896 1418 cognoscimus
919 1369 926 1402 r
949 1371 964 1400 u
987 1354 1044 1404 haec
1076 1354 1242 1420 Gregorius.

706 1425 852 1476 Considera
876 1425 921 1475 hic
950 1441 1033 1491 quam
1064 1442 1162 1492 magna
1189 1427 1244 1479 fuit

706 1498 827 1564 nequitia
840 1499 995 1548 ludaeorum
1011 1499 1081 1550 circa
1090 1501 1242 1552 Dominum

704 1569 806 1629 lesum,
821 1585 882 1635 quae
895 1568 976 1619 etiam
987 1580 1048 1636 post
1057 1572 1113 1635 ejus
1124 1583 1242 1623 mortem

706 1657 760 1691 non
774 1642 900 1705 cessavit;
917 1652 944 1693 et
954 1659 1036 1709 quam
1051 1646 1243 1710 magnaboni·

705 1725 745 1765 tas
763 1713 831 1765 circa
856 1715 927 1775 illos,
948 1716 982 1766 de
1010 1732 1127 1783 quorum
1154 1719 1243 1770 salute

705 1787 887 1839 nihilominus
905 1805 995 1839 curam
1010 1789 1105 1840 habuit
1119 1791 1243 1856 :quibus

705 1859 835 1925 exemplis
860 1869 886 1909 et
914 1876 964 1910 nos
987 1877 1181 1926 provocamur,
1211 1871 1242 1912 ut

704 1932 761 1997 ejus
771 1931 920 1983 bonitatem
930 1932 999 1983 circa
1010 1933 1167 1998 injuriantes
1181 1933 1243 1984 imi-

705 2011 802 2053 remur.

607 2223 754 2276 ORATIO.

145 2400 262 2450 Domine
273 2402 336 2451 lesu
347 2398 466 2462 Christe,
477 2402 511 2452 ad
525 2403 602 2468 cujus
614 2402 830 2454 Resurrectionis
840 2402 937 2453 famam
948 2402 1140 2469 denigrandam
1151 2403 1239 2454 Judaei

115 2470 250 2521 militibus
266 2473 408 2537 pecuniam
422 2473 560 2539 copiosam
575 2473 715 2534 dederunt,
734 2475 804 2524 etad
817 2475 1024 2540 pervertendum
1036 2473 1174 2524 veritatem
1191 2489 1240 2524 eos

113 2554 312 2607 corruperunt,
329 2546 363 2595 da
385 2545 454 2595 mihi
476 2557 507 2597 ut
528 2547 641 2612 pecunia
664 2561 720 2595 non
743 2561 908 2610 corrumpar,
922 2546 964 2596 vel
981 2560 1161 2610 corrumpam,
1187 2561 1239 2596 nec

115 2627 164 2678 pro
185 2614 379 2679 temporalibus
403 2626 430 2666 et
451 2617 614 2667 transitoriis
635 2616 730 2684 inique
753 2633 850 2683 agam;
866 2618 912 2668 sed
935 2627 1043 2683 semper
1067 2617 1094 2666 in
1121 2617 1235 2668 veritate

115 2699 297 2750 permaneam,
321 2696 347 2737 et
368 2688 466 2738 liberer
481 2705 529 2754 per
548 2704 617 2739 eam.
632 2690 672 2739 Da
689 2689 770 2739 etiam
788 2689 868 2749 mihi,
886 2698 916 2738 ut
936 2689 1006 2738 sicut
1020 2697 1080 2753 post
1101 2689 1237 2739 Resurre-

113 2755 232 2807 ctionem
243 2766 318 2807 tuam
325 2768 467 2824 surgentes
478 2769 561 2809 testes
572 2760 797 2820 exstiterunttibi,
815 2762 887 2811 sicet
894 2776 943 2826 ego
956 2777 1059 2811 merear
1072 2761 1105 2810 de
1121 2771 1146 2811 te
1154 2763 1238 2813 verbo

114 2835 141 2877 et
152 2842 232 2893 opere
245 2826 397 2890 testificari,
413 2838 438 2879 et
453 2829 480 2879 in
496 2829 694 2881 resurrectione
708 2832 839 2897 generali,
854 2841 943 2882 tecum
957 2843 989 2882 et·
997 2848 1059 2882 cum
1074 2833 1128 2882 tuis
1144 2833 1239 2895 electis

115 2908 218 2962 partem
239 2899 347 2961 habere,
360 2910 386 2952 et
404 2916 467 2952 cum
486 2904 526 2951 eis
544 2916 635 2951 coram
649 2910 675 2952 te
690 2901 719 2951 in
732 2916 815 2967 regno
832 2912 879 2953 tuo
891 2902 949 2953 sine
962 2901 1024 2962 fine,
1041 2916 1067 2953 te
1082 2903 1237 2967 miserante,

117 2971 241 3033 gaudere.
257 2972 353 3023 Amen.

566 3382 757 3510 agei&
