2626 4328
127 260 178 325 042

123 375 236 436 tionem,
252 375 442 438 imitationem,
455 387 485 428 ut
498 376 651 444 apprehen·

124 445 172 495 das
184 446 358 498 dulcissimos
379 447 482 499 fructus
496 449 563 512 ejus.
580 446 653 498 Vade

121 532 194 584 ergo,
208 534 224 568 ο
238 521 338 582 anima,
353 521 386 572 ad
401 533 521 572 montem
534 519 652 587 myrrh'ae

122 599 148 640 et
163 591 303 643 considera
314 592 485 645 altitudinem
507 603 652 660 pauperta-

121 659 166 720 tis,
183 661 351 712 latitudinem
365 663 490 725 caritatis,
500 663 652 729 longitudi-

72 789 74 793 ἵ
121 735 184 780 nem
208 732 367 794 acerbitatis,
389 735 598 786 amaritudinem
625 745 652 786 et

119 803 240 854 dolorem
267 807 372 867 mortis,
397 818 423 858 et
456 808 521 858 affer
545 824 651 859 ramum

116 874 229 924 virentis
243 876 320 927 olivae
343 880 376 928 ad
401 895 489 929 arcam
511 889 565 930 tuae
581 896 651 931 con-

116 945 243 997 scientiae.
257 949 354 1015 Accipe
366 950 446 1001 etiam
458 952 583 1002 columba
592 967 651 1002 mea

116 1034 229 1084 granum
267 1021 408 1085 frumenti,
436 1025 598 1076 seminatum
622 1024 651 1076 in

114 1091 307 1158 incarnatione,
327 1095 355 1145 in
376 1106 446 1148 terra
461 1097 583 1163 Virginis
598 1098 653 1163 glo·

115 1163 203 1224 riosae,
227 1167 371 1232 proecisum
389 1168 417 1218 in
437 1169 650 1230 circumcisione,

116 1250 258 1288 excussum
280 1249 307 1289 et
318 1239 478 1306 flagellatum
494 1242 523 1291 in
543 1242 652 1293 Passio·

120 1321 162 1366 ne,
180 1309 325 1360 candidum
348 1310 375 1360 in
393 1323 491 1376 mente,
518 1313 651 1364 rubicun-

118 1377 184 1428 dum
197 1379 225 1429 in
239 1397 360 1448 corpore,
374 1382 492 1434 divisum
510 1385 539 1434 in
560 1386 650 1449 latere,

116 1449 327 1516 multiplicatum
351 1453 378 1502 in
400 1466 497 1514 morte,
521 1457 650 1506 recondi-

115 1530 174 1570 tum
191 1523 217 1571 in
239 1524 336 1575 horreo
356 1525 383 1575 in
399 1527 576 1578 Ascensione.
592 1528 650 1579 Hoc

119 1590 155 1641 sit
169 1603 246 1642 tuum
271 1593 401 1656 edulium,
428 1597 609 1662 pulmentum,
626 1610 652 1650 et

118 1660 256 1714 viaticum.
278 1664 305 1714 Si
322 1677 410 1717 autem
426 1667 530 1718 fastidit
543 1669 651 1735 appeti-

116 1742 168 1792 tuS,
200 1733 223 1782 si
251 1735 360 1786 lacescat
394 1737 507 1788 interior
544 1751 649 1806 gustus,

117 1804 215 1854 adhibe
241 1821 341 1872 agnum
366 1808 577 1873 immaculatum,
601 1814 650 1863 ad-

118 1874 199 1939 junge
219 1887 245 1926 et
259 1877 358 1942 piscem
372 1891 492 1931 assatum
517 1882 544 1933 in
567 1884 650 1935 crati-

119 1945 180 1994 cula
215 1948 310 1998 crucis.
345 1951 454 2012 Revera,
483 1953 550 2004 bone
577 1955 648 2015 Jesu‚

118 2029 205 2080 agnus
233 2033 276 2078 es,
304 2029 330 2070 et
353 2034 463 2088 propter
483 2026 648 2077 medicinam

119 2097 203 2152 tuam,
226 2090 390 2155 patientiam,
418 2105 444 2145 et
466 2095 649 2149 innocentiam

118 2165 199 2222 atque
226 2161 350 2212 notitiam
372 2166 523 2230 :agnoscis
547 2169 649 2237 quippe

119 2226 231 2279 Matrem
255 2241 328 2281 tuam
353 2232 381 2283 in
403 2235 534 2301 patibulo,
555 2239 649 2306 Virgi-

119 2312 182 2346 nem
204 2299 312 2367 virgini,
336 2305 533 2371 Evangelistam
558 2311 649 2361 Evan-

118 2369 221 2434 gelistae
238 2377 419 2428 commendas.
438 2379 466 2429 Si
483 2392 571 2432 autem
587 2399 648 2434 am-

118 2440 189 2513 plius
203 2443 336 2496 desideret
348 2459 442 2512 gustus
456 2461 539 2516 tuus3
555 2453 644 2505 sinon

117 2509 234 2575 quiescit
250 2515 392 2581 appetitus,
411 2517 451 2570 fac
476 2523 647 2587 pulmentum

116 2580 150 2628 de
163 2580 235 2644 pisce
248 2596 344 2645 assato,
364 2597 395 2637 ut
410 2592 544 2643 comedas.
560 2593 647 2645 Piscis

115 2661 219 2702 assatus
240 2654 365 2706 Christus
384 2645 478 2722 passui
492 2674 540 2722 est,
556 2668 646 2716 nutri-

116 2729 160 2770 tus
172 2720 201 2770 in
210 2723 287 2789 aquis
297 2725 488 2790 tribulationis,
498 2746 605 2797 apertus
615 2737 644 2786 in

115 2793 211 2854 latere,
234 2808 425 2863 exequamatus
450 2800 479 2851 in
510 2809 645 2871 exspolia-

114 2863 189 2914 tione
204 2867 308 2919 sallitus
329 2868 356 2918 in
375 2881 518 2936 sputorum
544 2880 643 2929 multi-

116 2936 268 3001 plicatione,
285 2953 389 2993 assatus
404 2944 432 2994 in
449 2962 537 2999 cruce.
556 2951 644 3017 Hujus

116 3005 177 3058 felle
209 3011 294 3076 piscis
321 3014 421 3082 inunge
451 3021 544 3071 oculos
572 3032 643 3086 tuos,

117 3087 147 3159 ut
164 3082 255 3135 videas
273 3085 296 3135 si
323 3097 364 3138 est
384 3089 462 3140 dolor
480 3091 550 3144 sicut
566 3096 644 3149 dolor

115 3163 182 3212 ejus.

148 3218 161 3267 5
178 3223 248 3274 Ltus
261 3240 295 3276 nr
307 3243 441 3280 enarum
455 3248 555 3298 caucis,
583 3253 643 3296 Qua

112 3301 187 3340 uosrs
214 3311 291 3347 ornus
308 3313 416 3351 onustus
430 3319 502 3354 snus
523 3321 643 3358 surram·

114 3374 175 3413 rsr.
193 3394 230 3445 .—
252 3369 280 3418 Si
315 3373 453 3439 contingat
483 3377 642 3446 plerumque

113 3441 183 3514 stare
192 3452 218 3485 rn
230 3439 294 3501 acie,
307 3443 395 3509 accipe
405 3456 513 3498 scutum
524 3450 639 3517 militiae,

112 3506 241 3556 vexillum
265 3511 393 3575 victoriae,
417 3530 509 3567 arcum
536 3521 638 3585 gloriae.

112 3574 223 3626 Scutum
248 3579 308 3642 hoc,
335 3586 408 3650 quod
440 3588 521 3639 miles
545 3603 640 3645 contra

113 3644 205 3698 hostes
216 3650 294 3703 debet
308 3657 435 3722 accipere,
450 3672 561 3727 propter
574 3663 640 3734 figu-

112 3731 178 3798 ram,
194 3720 334 3785 picturam,
350 3727 496 3782 efficaciam
516 3743 542 3783 et
558 3745 641 3787 mate·

110 3802 187 3851 riam,
203 3808 269 3844 crux
285 3796 394 3849 Domini
409 3804 489 3852 arbor
500 3804 639 3858 salutifera

111 3870 159 3911 est.
184 3864 271 3931 Hujus
291 3869 358 3919 scuti
373 3886 481 3938 cornua,
503 3874 532 3926 in
547 3879 637 3929 mani-

390 263 564 316 sucuuuAE
582 261 707 314 PhRTlS
732 260 851 313 CAPUT
865 260 970 313 vau.

708 377 760 428 bus
773 377 903 429 crucifixi.
914 378 979 428 Tria
990 377 1065 428 enim
1077 393 1178 429 cornua
1189 387 1234 430 tua

706 459 868 516 exsuperant
895 449 985 516 praelia
1014 464 1021 499 :
1049 462 1134 498 cornu
1160 449 1233 500 enim

705 521 878 586 paupertatis,
899 529 1008 584 superat
1030 518 1148 569 avaritiae
1172 535 1238 586 prae·

706 589 789 654 lium3
816 606 901 641 cornu
926 589 1098 649 humilitatis,
1116 605 1235 657 pugnam

706 663 854 728 superbiae3
875 663 921 713 sed
949 678 1035 713 cornu
1058 662 1237 722 adversitatis,

705 732 839 783 lasciviam
853 734 1008 799 voluptatis.
1030 732 1104 782 istud
1129 742 1236 783 scutum

705 804 757 856 fuit
770 807 936 858 rubricatum
957 817 983 857 et
999 807 1162 872 picturatum
1178 821 1237 856 san-

706 876 788 946 guine
800 879 854 928 veri
868 878 947 944 agni3
965 877 1037 928 istud
1061 886 1171 926 scutum
1184 875 1236 927 fuit

704 949 868 1016 perforatum
882 951 984 1008 lancea,
998 947 1088 1010 clavis,
1109 957 1135 999 et
1149 948 1236 1013 spina.

704 1020 732 1071 Si
755 1029 843 1070 autem
868 1020 991 1069 nondum
1019 1020 1087 1069 bene
1099 1019 1173 1069 vales
1191 1034 1236 1069 re-

705 1092 809 1155 sistere,
823 1093 884 1144 vide
903 1108 1005 1152 arcum,
1022 1103 1047 1143 et
1061 1092 1173 1142 benedic
1187 1094 1235 1158 qui

705 1164 766 1216 fecit
780 1165 867 1215 illum.
888 1166 940 1214 lste
958 1180 1035 1215 arcus
1053 1164 1136 1214 habet
1153 1164 1235 1214 chor-

704 1237 765 1286 dam
783 1251 948 1302 excerpere,
966 1237 1073 1301 lignum
1088 1251 1120 1286 er
1140 1250 1233 1285 cruce.

704 1308 760 1358 lste
772 1322 851 1357 arcus
864 1307 993 1372 percussit
1008 1308 1148 1365 latronem,
1161 1321 1236 1355 mor-

703 1387 775 1441 tem;
791 1387 817 1428 et
831 1378 979 1430 vulneravit
994 1378 1109 1440 hostem,
1122 1391 1235 1441 serpen-

703 1458 758 1499 tem
781 1450 937 1516 antiquum.
952 1450 1002 1500 Sed
1025 1464 1058 1497 ne
1081 1448 1192 1498 inermis
1207 1457 1233 1498 et

703 1519 848 1584 imparatus
865 1534 1001 1586 appareas,
1014 1518 1144 1583 praecedat
1153 1517 1225 1569 vexil

702 1590 760 1640 lum
782 1591 872 1657 Regis,
895 1605 973 1653 crux;
990 1589 1147 1640 ostendatur
1167 1603 1234 1639 san-

702 1660 763 1726 guis
777 1660 878 1711 Christi
893 1661 1037 1721 militibus,
1059 1671 1089 1710 ut
1109 1660 1138 1709 in
1163 1675 1233 1724 prae-

703 1735 770 1785 lium
786 1745 923 1794 acuantur,
938 1745 964 1785 et
976 1750 1029 1785 non
1043 1732 1234 1786 formidabitur

701 1804 779 1855 fortis
797 1816 925 1856 armatus.
947 1805 974 1854 Si
1000 1805 1124 1870 insurgat
1151 1804 1233 1856 flatus

702 1877 835 1940 elationis,
847 1888 945 1928 ventus
959 1876 1154 1937 tribulationis,
1170 1892 1235 1927 nau·

702 1947 820 2013 fragium
848 1947 1030 2014 suggestionis
1038 1964 1046 2010 ;
1067 1947 1180 1997 ascende
1203 1946 1232 1996 in

703 2020 854 2071 naviculam
865 2031 962 2070 sanctae
970 2019 1068 2078 crucis,
1080 2019 1159 2070 bonis
1169 2034 1233 2070 om-

701 2092 784 2143 nibus
809 2092 946 2153 refertam,
971 2093 1000 2142 in
1028 2092 1121 2142 dextro
1149 2092 1232 2142 latere

701 2163 872 2229 perforatam,
896 2165 929 2214 ab
953 2163 1082 2213 hostibus
1100 2163 1233 2213 violenter

701 2236 856 2294 detractam,
869 2246 963 2286 catena
978 2234 1149 2285 vinculorum
1162 2234 1232 2299 liga.-

701 2316 764 2357 tam.
785 2309 814 2358 ln
836 2307 884 2358 hac
904 2308 1027 2359 invenies
1049 2307 1150 2359 Filium
1165 2307 1232 2357 dor-

700 2377 839 2442 mientem,
869 2377 955 2429 ventis
984 2378 1175 2444 imperantem,
1204 2387 1232 2426 et

700 2447 813 2499 omnino
833 2448 1003 2514 naufragium
1019 2450 1230 2516 propulsantem.

701 2521 750 2570 Per
765 2521 834 2572 hanc
848 2521 954 2589 fugabis
966 2522 1127 2587 periculum,
1143 2529 1168 2572 et
1180 2535 1231 2586 ap-

700 2592 895 2659 propinquabis
914 2594 946 2643 ad
962 2603 1069 2659 portum
1084 2591 1230 2657 optimum.

700 2664 758 2728 Ipsa
776 2665 850 2713 enim
866 2680 933 2714 crux
951 2673 1052 2724 sancta,
1068 2675 1108 2713 est
1122 2661 1229 2728 lignum

698 2735 836 2801 exiguum,
858 2751 905 2801 per
922 2737 995 2803 quod
1014 2737 1113 2805 factum
1132 2744 1172 2786 est
1185 2735 1230 2800 ju-

698 2804 799 2855 dicium
814 2808 942 2858 veritatis.
965 2809 992 2857 Si
1015 2808 1051 2858 sit
1070 2807 1120 2858 tibi
1139 2807 1230 2857 clausa

696 2878 777 2942 janua
795 2880 924 2944 paradisi,
944 2880 1044 2931 adhibe
1070 2879 1119 2931 tibi
1144 2880 1229 2928 bacu-

697 2950 754 2999 lum
778 2960 878 3000 sanctae
907 2952 1007 3012 crucis,
1032 2961 1058 3001 et
1084 2950 1174 3017 pulsa,
1202 2957 1229 2998 et

695 3019 829 3084 aperietur
859 3021 917 3073 tibi.
947 3023 975 3072 Si
1010 3033 1100 3074 autem
1126 3019 1230 3070 ostium

696 3091 817 3141 clausurn
826 3103 879 3152 est,
889 3104 915 3143 et
929 3094 982 3159 jam
998 3091 1138 3143 dormiunt
1151 3090 1228 3156 pueri

696 3160 724 3211 in
738 3163 831 3226 cubili,
845 3177 871 3214 et
885 3181 940 3214 non
956 3165 1040 3216 habes
1052 3163 1126 3230 quod
1142 3177 1229 3228 ponas

695 3244 756 3285 ante
783 3236 905 3287 amicum
936 3247 1029 3303 tuum;
1056 3236 1163 3289 'accede
1193 3234 1227 3284 ad

694 3321 786 3356 arcam
800 3317 898 3358 sanctae
921 3309 1016 3369 crucis,
1039 3319 1069 3360 ut
1094 3308 1158 3358 inde
1173 3316 1228 3357 tres

694 3394 776 3445 panes
784 3380 909 3445 accipias,
921 3397 992 3448 quos
1002 3398 1124 3448 apponas
1136 3381 1228 3448 hospi·

694 3452 714 3502 ti
733 3455 904 3504 recumbenti
920 3472 1039 3522 :panem
1060 3455 1227 3506 humilitatis

694 3523 830 3584 maximae,
842 3539 939 3589 panem
949 3527 1094 3594 patientioe,
1110 3525 1228 3578 caritatis

693 3593 918 3648 affluentissimae.
945 3598 973 3648 Si
996 3615 1050 3648 non
1078 3608 1155 3664 potes
1176 3597 1226 3648 tibi

693 3666 851 3718 thesaurum
866 3669 1007 3735 sapientiae
1020 3671 1132 3737 aperire,
1152 3668 1217 3720 adhi

694 3738 726 3790 be
749 3743 849 3793 clavem
870 3743 963 3804 David,
989 3760 1050 3811 quae
1080 3745 1176 3811 aperit,
1200 3754 1227 3795 et

693 3824 775 3861 nemo
797 3813 905 3864 claudit.
922 3812 949 3864 Si
974 3825 1066 3879 gravat
1081 3814 1227 3883 longitudo

692 3877 806 3944 itineris,
822 3895 848 3934 et
862 3883 979 3935 concidit
992 3886 1088 3936 vultus
1104 3897 1179 3948 tuus,
1200 3895 1227 3936 et
