2626 4328
165 106 214 156 DE
229 105 393 156 SECUNDO
410 103 679 171 COMPLETORIO,
694 107 729 156 lN
747 107 920 159 PASSIONE
938 109 1073 161 DOMINI.
1131 107 1180 162 631

65 223 176 275 mixtus.
195 224 402 274 Monumentum
421 239 485 290 ergo
497 232 552 274 erat
565 223 598 272 ad

64 294 179 346 modum
203 295 372 345 domunculae
395 293 506 354 facturn,
528 295 599 344 intra

63 369 137 436 quod
151 378 209 418 erat
223 368 397 434 sepulchrum
412 367 513 419 Christi
530 367 600 433 posi-

62 451 131 490 tum.
146 438 191 490 Sic
203 437 275 488 enim
290 438 431 504 sepulchra
443 437 456 487 J
460 438 597 487 udaeorum

62 509 225 576 antiquitus,
252 518 278 560 et
300 509 416 560 maxime
438 524 598 574 magnarum

63 596 241 647 personarum
264 581 386 631 solebant
408 579 476 640 fieri,
497 590 528 630 ut
548 596 597 631 eo-

62 670 124 704 rum
138 653 188 705 filii
202 665 312 720 possent
330 654 368 704 ibi
382 655 463 704 etiam
481 654 596 720 sepeliri.

63 726 176 792 Propter
197 726 248 775 hoc
268 726 366 776 dicitur
388 725 540 791 frequenter
564 726 596 776 de

61 796 174 863 regibus
185 796 199 846 J
202 797 253 847 uda
262 813 275 846 τ
288 797 415 862 Sepultus
424 802 464 846 est
474 797 500 846 in
510 797 597 863 sepul-

62 869 126 920 clrro
147 869 249 932 David,
265 879 314 920 etc.
329 870 377 920 Est
396 880 485 920 autem
505 869 542 919 ibi
567 869 595 919 in

60 941 158 990 eodem
173 939 241 999 loco,
255 941 291 990 ob
305 941 480 992 reverentiam
499 939 596 990 Domi-

61 1013 116 1063 nici
146 1013 302 1078 sepulchri,
332 1013 476 1063 artificioso
506 1029 594 1079 opere,

60 1084 150 1135 forma
177 1085 293 1136 rotunda
316 1101 370 1136 uno
395 1096 500 1136 tantum
524 1086 595 1135 fora-

60 1155 136 1206 mine
162 1155 288 1220 superius
311 1165 420 1221 aperto,
446 1156 594 1206 Dominicae

59 1225 393 1277 Resurrectionisecclesia
403 1226 521 1277 maxima
533 1242 595 1276 con-

56 1306 168 1356 structa,
192 1296 332 1347 continens
353 1307 474 1347 montem
498 1297 594 1347 Calva-

57 1367 114 1427 riae,
137 1382 167 1417 ac
190 1367 279 1416 locum
303 1367 450 1433 sepulchri,
467 1378 493 1418 et
509 1369 594 1418 mnlta

55 1438 114 1487 loca
144 1452 240 1500 sacra;
278 1436 306 1486 in
334 1452 388 1504 qua
419 1437 593 1502 sepulchrum

57 1508 169 1560 Domini
193 1520 232 1560 est
249 1509 319 1560 intra
339 1511 484 1576 quamdam
499 1511 591 1561 cellam

58 1580 204 1631 rotundam
226 1580 346 1646 pulchris
369 1580 503 1647 lapidibus
524 1597 592 1632 con-

58 1660 198 1701 structam.
229 1653 292 1702 Haec
318 1651 454 1719 siquidem
482 1652 592 1702 ecclesia

57 1720 197 1772 Dominici
217 1722 351 1787 sepulchri
374 1732 414 1772 est
428 1721 592 1772 Patriarcha-

57 1792 100 1854 lis,
116 1803 144 1844 et
163 1793 282 1844 habebat
297 1795 440 1845 canonicos
458 1795 592 1860 regulares

56 1872 82 1912 et
105 1863 235 1929 priorem,
254 1867 402 1915 secundum
424 1865 547 1915 habitum
566 1875 592 1914 et

57 1934 179 1999 regulam
198 1927 284 1985 sancti
301 1935 445 2000 Augustini
462 1935 591 1999 viventes,

58 2006 159 2071 quibus
197 2008 255 2057 loco
290 2007 402 2058 Abbatis
440 2007 591 2058 Patriarcha

57 2087 180 2140 praeerat,
194 2077 238 2127 cui
253 2077 303 2127 soli
319 2078 500 2128 obedientiam
524 2092 591 2142 pro-

57 2148 210 2198 mittebant.
232 2148 295 2198 Haec
311 2148 419 2199 ecclesia
437 2148 506 2198 inter
524 2163 590 2198 san-

54 2229 95 2268 cta
114 2228 142 2269 et
155 2217 318 2269 venerabilia
338 2220 404 2279 loca,
419 2233 474 2268 non
489 2218 590 2268 imme-

57 2291 108 2341 rito
129 2289 235 2342 obtinet
255 2289 446 2356 principatum,
465 2290 492 2340 in
515 2291 590 2354 cujus

55 2362 113 2412 loco
138 2370 196 2412 tam
216 2375 312 2426 magna
331 2369 357 2410 et
374 2359 443 2410 mira
466 2375 512 2425 per
532 2360 590 2410 Do-

56 2431 163 2482 minum
178 2440 243 2481 sunt
255 2430 324 2480 facta
337 2441 362 2480 et
373 2441 489 2493 ostensa.

88 2505 313 2571 7Fan1asaxrra,
326 2519 378 2562 Qun
385 2503 520 2554 Cnnrsrus
528 2519 592 2554 uon-

56 2590 128 2627 ruus
146 2590 181 2625 ar
196 2589 330 2624 susurrus
354 2589 411 2633 asr,
430 2590 589 2624 nrsranrun.

62 2676 88 2686 -
100 2647 141 2698 Et
151 2648 210 2699 dies
227 2653 286 2697 erat
305 2647 481 2708 Parasceves,
502 2647 530 2696 id
551 2657 591 2697 est

57 2717 272 2785 praeparationis3
284 2717 385 2767 scilicet
393 2728 466 2767 sexta
474 2716 548 2776 feria,
561 2717 590 2768 in

57 2805 113 2856 qua
127 2787 344 2855 praeparabantur
357 2786 403 2838 illa
416 2802 477 2853 quae
491 2788 520 2837 in
534 2789 591 2838 sab

57 2860 121 2910 bato
139 2858 245 2909 comedi
272 2858 417 2922 debebant;
440 2865 467 2909 et
489 2861 590 2910 sabba-

56 2937 112 2981 tum
135 2929 313 2990 illucescebat,
341 2929 405 2994 quia
423 2945 533 2994 vespera
558 2931 590 2980 ad

56 3003 200 3054 sabbatum
215 3001 351 3067 pertinens
365 3001 490 3062 instabat,
503 3017 519 3053 a
538 3018 591 3069 qua

57 3074 219 3126 solemnitas
240 3073 343 3124 sabbati
365 3073 519 3139 incipiebat.
537 3074 590 3125 Ubi

34 3164 37 3169 ·
56 3145 211 3208 sciendum,
232 3144 304 3210 quod
322 3143 392 3194 sicut
416 3144 499 3194 homo
517 3155 592 3195 sexta

56 3215 126 3268 feria
148 3226 251 3266 creatus
276 3225 324 3278 est,
348 3226 374 3266 et
397 3216 527 3282 peccavit;
551 3215 590 3266 sic

57 3287 186 3339 Christus
213 3297 287 3337 sexta
310 3285 375 3337 feria
404 3303 451 3352 pro
479 3287 592 3340 homine

57 3367 186 3409 mortuus
208 3366 256 3416 est,
271 3368 297 3407 et
318 3357 453 3408 satisfecit.
470 3359 547 3410 Unde
566 3368 592 3410 et

56 3428 128 3481 dixit
152 3443 160 3478 :
190 3427 407 3478 consummatum
434 3435 493 3492 est,
523 3445 592 3496 opus

55 3499 160 3551 scilicet
187 3498 376 3558 recreationis,
401 3498 471 3550 sicut
499 3501 591 3552 eadem

56 3573 101 3624 die
117 3582 335 3623 consummatum
357 3572 408 3623 fuit
425 3588 494 3640 opus
516 3589 593 3625 crea-

55 3642 157 3708 tionis3
183 3651 209 3693 et
232 3643 304 3693 sicut
328 3643 437 3694 sabbato
462 3643 594 3711 requievit

55 3716 91 3767 ab
122 3714 199 3766 omni
221 3729 301 3782 opere
323 3730 390 3780 suo;
420 3715 459 3768 sic
482 3716 593 3768 sabbato

121 3829 193 3880 Vtra
213 3831 276 3880 Jrsu
294 3829 414 3894 Cuntsrr,
428 3846 515 3883 ronus
529 3831 574 3884 lV.

651 222 753 288 quievit
780 221 809 272 in
837 223 989 290 sepulchro,
1018 224 1047 274 in
1074 225 1184 292 signum

651 296 724 362 quod
747 295 776 345 in
801 296 850 346 hac
875 306 947 347 sexta
974 306 1050 348 aetate
1075 315 1124 364 pro
1153 315 1185 351 eo

650 369 764 435 operari,
781 380 807 421 et
824 371 877 436 pati
893 372 1032 434 debemus,
1046 382 1077 423 ut
1096 373 1124 424 in
1139 389 1185 426 se-

650 441 734 506 ptima
749 456 811 491 curn
824 442 884 508 ipso
894 443 1082 509 quiescamus;
1100 447 1185 497 donec

650 513 678 563 in
694 524 794 574 octava,
808 517 933 567 veniente
951 517 1036 582 gloria
1050 518 1181 569 Resurre-

649 585 754 649 ctionis,
770 601 833 635 cum
848 585 907 651 ipso
922 588 1005 637 simul
1017 588 1114 654 gaudio
1126 605 1183 654 per-

649 655 778 717 fruamur.
795 658 872 708 Unde
886 659 962 709 Beda
978 676 987 710 .·
1003 680 1014 705 a
1030 661 1184 717 Parasceve

649 729 749 791 Graece,
767 729 859 780 Latine
874 732 1031 796 praeparatio
1047 732 1183 799 interpre-

649 810 728 861 tatur,
745 817 800 868 quo
821 802 931 852 nomine
945 804 1038 864 Judaei,
1053 804 1098 871 qui
1111 805 1182 856 inter

648 872 756 922 Graecos
796 874 1041 935 conversabantur,
1079 888 1181 927 sextam

648 944 760 1006 sabbati,
784 961 844 1012 quae
870 962 940 997 nunc
967 963 982 997 a
1005 948 1083 998 nobis
1106 960 1182 1001 sexta

647 1013 712 1065 feria
727 1027 844 1080 vocatur,
862 1018 1044 1082 appellabant;
1061 1021 1181 1085 eoquod

647 1084 675 1133 in
689 1085 736 1135 illo
749 1087 782 1136 ab
797 1102 876 1152 opere
890 1103 939 1137 suo
952 1087 1084 1153 requievit
1097 1089 1180 1150 Deus,

646 1155 718 1205 unde
737 1166 763 1205 et
783 1155 853 1206 hanc
868 1157 1014 1224 sabbatum,
1032 1156 1058 1205 id
1078 1168 1118 1207 est
1135 1175 1180 1208 re-

646 1225 738 1290 quiem
759 1226 846 1276 vocari
870 1227 1002 1292 praecepit.
1018 1228 1100 1276 Recte
1121 1229 1180 1278 Do-

647 1295 737 1346 minus
756 1296 848 1346 eadem
870 1296 913 1346 die
932 1307 1005 1347 sexta
1026 1297 1178 1363 crucifixus,

645 1365 771 1416 humanae
794 1367 970 1434 reparationis
995 1368 1116 1432 implevit
1135 1384 1181 1419 ar-

644 1451 757 1502 canum;
773 1437 883 1487 sabbato
895 1447 984 1487 autem
996 1438 1025 1487 in
1037 1439 1179 1503 sepulchro

644 1507 832 1572 requiescens,
860 1509 1091 1570 Resurrectionis,
1120 1518 1180 1576 quae

644 1582 739 1628 octava'
749 1578 793 1628 die
807 1588 918 1628 ventura
930 1590 993 1638 erat,
1009 1583 1182 1645 exspectabat

643 1659 777 1700 eventum.
793 1650 871 1700 Unde
885 1660 984 1700 nostrae
1002 1652 1085 1701 simul
1100 1651 1178 1702 devo-

643 1720 725 1770 tionis
746 1735 775 1769 ac
796 1720 879 1771 beatae
903 1721 1088 1772 retributionis
1108 1738 1179 1788 prae-

643 1792 713 1841 lucet
727 1791 890 1856 exemplum,
906 1807 975 1857 quos
997 1792 1025 1842 in
1042 1793 1093 1842 hac
1113 1793 1179 1859 qui-

642 1862 704 1911 dem
716 1872 789 1912 sexta
801 1861 897 1912 mundi
912 1872 987 1912 aetate
999 1879 1047 1928 pro
1059 1864 1178 1914 Domino

643 1934 705 2000 pati,
720 1944 747 1985 et
765 1936 839 1985 velut
861 1936 961 1986 mundo
982 1936 1100 2002 crucifigi
1126 1952 1177 1988 ne-

642 2022 715 2059 cesse
736 2017 787 2073 est;
814 2008 843 2058 in
866 2007 980 2073 septima
1002 2024 1064 2059 vero
1091 2018 1176 2070 aetate,

642 2077 669 2127 id
692 2087 732 2128 est
745 2094 807 2128 cum
829 2077 874 2128 leti
899 2077 961 2142 quis
976 2077 1097 2128 debitum
1120 2079 1177 2128 sol-

641 2149 697 2209 vit,
721 2163 832 2214 corpora
858 2147 968 2213 quidem
997 2147 1025 2197 in
1054 2148 1176 2208 tumulis,

641 2219 745 2269 animas
759 2229 848 2269 autern
868 2228 966 2268 secreta
979 2219 1007 2267 in
1023 2233 1094 2282 pace,
1112 2233 1174 2269 curn

641 2291 758 2342 Domino
768 2305 885 2351 manere,
900 2300 926 2339 et
936 2300 996 2355 post
1007 2290 1077 2340 bona
1092 2306 1176 2356 opor-

642 2371 678 2412 tet
706 2376 786 2428 opera
811 2360 964 2426 quiescere;
992 2361 1077 2411 donec
1103 2370 1178 2412 octa-

641 2451 673 2485 va
697 2434 805 2484 tandem
828 2433 951 2484 veniente
982 2443 1067 2494 aetate,
1095 2433 1176 2483 etiam

641 2520 753 2571 corpora
776 2502 834 2569 ipsa
857 2503 1052 2554 resurrectione
1074 2503 1178 2570 glorifi-

641 2585 706 2639 cata,
731 2591 793 2626 cum
818 2574 961 2624 animabus
980 2575 1062 2625 simul
1085 2574 1178 2624 incor-

642 2647 797 2714 ruptionem
811 2655 914 2696 aeternae
935 2645 1091 2696 hereditatis
1106 2645 1178 2694 acci·

643 2720 728 2785 piant.
752 2720 830 2770 Unde
853 2718 966 2784 pulchre
989 2718 1103 2784 septima
1119 2716 1176 2766 dies

642 2793 669 2841 in
692 2791 789 2843 Genesi
812 2806 951 2856 vesperam
974 2790 1100 2839 habuisse
1121 2803 1177 2855 non

641 2861 754 2928 legitur3
787 2861 851 2927 quia
880 2860 987 2926 requies
1012 2859 1176 2922 animarum,

642 2947 703 2998 quae
725 2931 754 2981 in
776 2931 823 2980 illo
844 2931 933 2979 seculo
955 2943 1028 2978 nunc
1050 2938 1099 2988 est,
1121 2943 1176 2977 non

642 2994 825 3053 consumenda
839 3014 969 3064 moerore;
993 2999 1039 3049 sed
1061 2997 1176 3064 pleniori

642 3073 739 3139 gaudio
765 3071 863 3122 futurae
897 3080 938 3120 est
972 3067 1176 3120 resurrectionis

641 3142 797 3209 adaugenda
812 3157 844 3191 :n
860 3141 918 3191 haec
930 3140 1014 3192 Beda.
1029 3140 1081 3192 Ubi
1095 3139 1176 3206 etiam

643 3228 720 3279 nota,
745 3216 818 3282 quod
837 3215 907 3266 inter
929 3225 1015 3266 cetera
1039 3213 1176 3282 mysteria,

641 3305 702 3356 quae
718 3287 799 3339 hodie
816 3286 932 3337 Ecclesia
945 3285 1016 3347 facit,
1030 3285 1176 3337 hocunum

643 3370 692 3418 est,
707 3357 771 3426 quia
789 3357 871 3408 hodie
890 3372 940 3423 pro
963 3356 1090 3406 omnibus
1109 3366 1177 3407 orat.

643 3431 726 3495 Cujus
741 3428 809 3480 ratio
823 3438 863 3478 est
879 3445 886 3479 ε
902 3427 967 3494 quia
981 3427 1105 3479 Christus
1127 3427 1179 3478 fuit

643 3503 726 3553 hodie
738 3501 814 3553 valde
826 3499 897 3566 pius,
913 3500 940 3550 in
956 3501 1099 3566 parcendo,
1112 3515 1178 3566 quo·

643 3576 716 3626 niam
739 3573 808 3625 dixit
830 3589 837 3622 :
863 3573 956 3636 Pater,
981 3573 1085 3623 dimitte
1113 3572 1178 3633 illis,

644 3661 695 3697 non
716 3645 784 3695 enim
799 3643 887 3694 sciunt
903 3642 967 3708 quid
982 3643 1108 3709 jaciunt,·
1127 3640 1180 3690 fuit

643 3715 720 3768 valde
742 3713 872 3775 liberalis,
897 3712 925 3763 in
948 3713 1096 3779 largiendo,
1114 3710 1178 3776 quia

1051 3841 1081 3877 12
