2626 4328
137 277 191 329 616

140 391 205 442 huic
220 390 343 451 articulo,
361 397 557 440 rememoretur
579 386 672 451 homo,

140 479 222 530 quam
238 459 577 527 superexcellentissimum
595 473 674 508 amo-

141 548 199 582 rem
218 531 345 581 Christus
373 529 402 579 in
422 529 560 595 apertione
584 527 674 578 lateris

141 601 279 653 sui-nobis
301 599 454 659 ostenderit,
476 598 502 648 in
523 614 578 665 quo
596 596 675 647 nobis

140 672 246 723 aditum
260 670 383 737 patulum
405 670 437 719 ad
453 685 499 720 cor
512 670 570 734 ejus
592 667 673 718 dedit.

135 743 265 804 ,Festinet
279 756 341 807 ergo
364 741 448 790 homo
463 740 563 790 intrare
583 739 616 790 ad
631 753 677 788 cor

136 813 255 871 ¹Christi,
273 827 303 861 ac
319 811 457 876 recolligat
475 826 585 861 omnem
599 824 676 859 amo-

144 899 201 933 rem
219 897 309 942 suum,
328 891 354 931 et
371 882 480 932 couniat
501 880 587 931 amori
604 879 677 929 divi-

145 968 191 1016 no,
206 952 368 1002 revolvendo
384 952 413 1003 in
428 961 518 1002 mente
532 966 580 1001 sua
598 951 678 1000 docu-

145 1034 237 1074 menta
257 1023 405 1088 praemissa.
433 1023 572 1089 Recogitet
596 1021 677 1071 etiam

144 1099 238 1161 horno,
253 1107 353 1162 quanta
376 1096 483 1147 caritate
504 1095 628 1146 Christus
646 1109 679 1144 ex

144 1169 225 1217 latere
248 1181 297 1216 suo
317 1166 397 1216 nobis
418 1165 567 1232 profuderit
589 1179 679 1216 sacra-

145 1230 246 1297 m'enta,
266 1237 367 1302 quibus
388 1235 520 1287 intremus
545 1237 578 1286 ad
596 1236 678 1287 vitam

145 1318 274 1359 aeternam
285 1323 292 1371 ;
305 1309 347 1358 rel
371 1307 445 1368 alias,
463 1308 532 1357 sicut
545 1307 680 1357 Dominus

147 1379 286 1430 meditanti
302 1390 328 1429 et
337 1379 424 1429 oranti
438 1379 609 1430 devotionem
625 1378 681 1429 mi-

147 1453 283 1503 nistrabit.
305 1453 380 1513 Jesu,
404 1453 450 1517 qni
469 1453 541 1502 latus
559 1452 682 1519 eorporis

149 1524 188 1573 tui
204 1523 311 1583 mortni,
329 1521 422 1572 lancea
439 1523 552 1586 aperiri,
570 1529 596 1573 et
608 1522 682 1573 exin·

149 1594 181 1643 de
201 1591 360 1656 sanguinem
376 1597 401 1640 et
421 1606 518 1656 aquam
535 1593 613 1642 exire
633 1606 682 1642 vo-

150 1663 234 1724 luisti,
265 1661 386 1723 vulnera,
411 1676 511 1727 quaeso,
529 1677 576 1713 cor
599 1677 683 1712 meum

151 1733 244 1783 lancea
269 1731 413 1796 caritatis,
441 1738 469 1781 ut
501 1733 554 1783 tuis
584 1733 695 1799 dignus³

151 1801 253 1869 efficiar
268 1803 454 1864 sacramentis,
469 1817 529 1867 quae
545 1803 578 1853 de
593 1803 684 1854 eodem

152 1871 338 1922 sacratissimo
369 1872 454 1921 latere
483 1873 684 1938 profluxerunt.

153 1944 185 1994 In
211 1948 340 2008 apertura
367 1943 461 1992 lateris
484 1944 539 2005 tui,
563 1944 685 2005 Domine,

152 2016 285 2082 aperuisti
299 2015 390 2065 electis
414 2015 468 2065 tuis
489 2016 598 2079 januam
613 2016 685 2065 vitae.

153 2089 223 2140 Haec
234 2095 315 2152 porta
332 2095 387 2152 tua,
408 2089 530 2152 Domine,
551 2089 620 2155 justi
644 2089 687 2139 inv

154 2163 262 2214 trabunt
286 2162 312 2212 in
341 2175 407 2212 eam.
434 2162 519 2224 Noli,
555 2163 685 2222 Domine,

153 2249 253 2301 quaeso,
273 2234 441 2300 iniquitatum
456 2249 574 2285 mearum
593 2249 687 2288 recor-

154 2309 225 2370 dari,
251 2313 279 2357 ut
294 2313 408 2372 propter
426 2322 473 2358 eas
489 2309 553 2359 milri
574 2310 688 2361 claudas

154 2378 257 2428 aditum
288 2379 377 2441 istum,
405 2393 480 2445 quem
500 2382 688 2444 peccatoribus

155 2455 181 2498 et
190 2448 382 2514 poenitentibus
396 2450 550 2514 providisti.

190 2520 220 2570 15
252 2522 344 2570 Benna
368 2524 459 2572 Manna
485 2539 564 2573 vrnoo
596 2540 689 2574 ssnm

155 2607 262 2641 vuinus
274 2608 386 2643 narr-:rus
402 2595 524 2646 Cnmsrr.
540 2624 572 2633 -
586 2596 620 2645 Et
629 2596 689 2647 licet

154 2662 227 2712 istud
246 2661 346 2710 vulnus
374 2663 465 2713 lateris
495 2681 551 2713 non
575 2666 690 2715 senserit

154 2731 288 2790 Christus,
311 2731 375 2796 quia
401 2743 534 2794 mortuus,
555 2736 630 2786 beata
649 2746 689 2786 ta-

156 2821 220 2855 men
227 2803 310 2869 Virgo
320 2804 403 2855 Mater
409 2807 466 2870 ejus
474 2806 540 2856 bene
548 2808 640 2871 sensit,
648 2825 691 2858 cu-

157 2879 198 2942 ius
208 2874 393 2925 felicissimam
409 2876 527 2926 animam
535 2879 652 2928 crudelis
661 2879 691 2929 il-

157 2949 182 2998 la
194 2948 285 2997 lancea
307 2955 372 2997 tunc
383 2946 525 2999 transfixit.
539 2950 617 3001 Tunc
633 2951 690 3016 ipsa

156 3017 293 3078 deficiens,
317 3027 342 3068 et
369 3018 445 3085 quasi
468 3030 573 3087 mortua
598 3022 693 3072 cecidit

157 3090 228 3139 inter
242 3088 351 3140 brachia
362 3090 524 3156 Magdalenae
539 3091 569 3141 in
582 3101 690 3143 terram.

157 3160 240 3209 Vides
263 3161 371 3225 quoties
397 3161 478 3211 hodie
504 3172 611 3213 mortua
636 3174 691 3225 est,

154 3230 238 3280 toties
255 3240 335 3291 certe,
357 3231 464 3297 quoties
477 3233 587 3284 videbat
600 3244 693 3285 contra

157 3299 259 3349 Filium
279 3299 337 3352 fieri
352 3303 509 3354 novitatem.
529 3305 607 3356 Unde
622 3321 693 3356 nunc

157 3368 272 3433 perfecte
280 3370 413 3422 verificata
428 3382 468 3422 est
479 3372 508 3423 in
518 3389 549 3425 ea
558 3375 693 3426 Simeonis

162 3441 312 3504 prophetia,
328 3459 381 3508 qua
392 3443 445 3493 sibi
458 3444 576 3496 dixerat:
595 3447 691 3508 Tuam,

159 3509 258 3576 inquit,
275 3512 361 3577 ipsius
374 3514 491 3565 animam
504 3516 618 3582 gladius
624 3532 694 3585 per-

160 3580 296 3631 transibit.

193 3648 227 3699 16
254 3651 376 3705 Domnus
412 3670 562 3708 snnomnnn
594 3674 694 3709 aunnrr

160 3737 287 3783 russina,
312 3741 464 3778 remissius.
488 3745 522 3781 er
548 3747 695 3782 acnnnrssr-

163 3810 208 3844 nn.
224 3795 311 3846 -Ex
328 3797 377 3848 hac
392 3799 481 3850 cordis
501 3801 603 3852 Christi
626 3803 696 3853 scis-

161 3863 248 3928 sione,
266 3881 283 3916 a
297 3867 373 3932 cujus
396 3885 502 3934 arcano,
530 3881 689 3939 tanquama

443 273 615 326 SECUNDAE
632 271 756 322 PARTIS
773 272 890 324 CAPUT
912 272 1005 324 LXIV.

726 386 809 448 fonte,
831 388 948 454 pretium
971 396 1070 438 nostrae
1094 385 1191 436 salutis
1212 399 1256 436 co·

726 456 801 523 piose
817 469 858 509 est
870 457 996 518 effusum,
1018 456 1116 508 merito
1130 454 1213 506 etiam
1226 455 1257 506 eal

727 529 947 594 compatiendum
970 540 996 580 et
1005 529 1151 579 amandum
1164 526 1258 577 vulne-

727 609 800 649 ratur
819 615 864 649 cor
883 609 1015 660 nostrum,
1033 597 1097 665 quia
1112 596 1157 648 hie
1171 595 1257 648 maxi·

728 684 771 719 me
793 669 926 735 apparuit,
950 685 1031 735 quarn
1055 669 1165 734 copiosa
1191 667 1259 734 apud

728 753 786 790 eum
807 741 953 806 redemptio
981 739 1071 791 fuerit.
1094 739 1174 790 Unde
1194 739 1259 790 Bet·-

729 810 856 861 nardus:
880 830 893 857 a
913 813 954 861 Ad
970 813 1109 862 cumulum
1127 821 1260 876 postremo

730 880 836 946 pietatis
850 882 961 932 tradidit
971 882 998 931 in
1016 891 1129 931 mortem
1145 880 1260 931 animam

731 966 817 1010 suam,
836 962 863 1000 et
875 952 908 1002 de
926 952 1035 1018 proprio
1054 953 1134 1002 latere
1152 948 1261 1017 protulit

730 1023 845 1088 pretium
868 1024 1065 1083 satisfactionis,
1079 1039 1136 1090 quo
1150 1024 1261 1090 placaret

732 1095 846 1151 Patrem,
868 1110 915 1159 per
935 1095 1008 1160 quod
1029 1095 1108 1145 illum
1130 1096 1209 1160 plane
1231 1092 1260 1143 ad

731 1181 760 1216 se
784 1166 947 1216 versiculum
971 1166 1076 1216 traxit:
1100 1165 1185 1231 Apud
1209 1164 1262 1215 Do·

733 1238 830 1288 minum
858 1238 1063 1301 misericordia,
1099 1243 1125 1287 et
1155 1236 1261 1305 copiosa

732 1309 805 1375 apud
826 1323 884 1359 eum
908 1309 1064 1375 redemptio.
1082 1309 1198 1359 Prorsus
1219 1320 1262 1359 co·

730 1381 820 1444 piosa,
844 1381 908 1446 quia
932 1397 987 1429 non
1013 1390 1098 1446 gutta,
1125 1381 1173 1431 sed
1197 1378 1264 1431 unda

734 1449 875 1516 sanguinis
886 1451 993 1516 largiter
1007 1466 1053 1516 per
1065 1451 1192 1516 quinque
1204 1462 1264 1517 prr-

734 1530 775 1570 tes
797 1521 935 1586 coroporis
956 1521 1131 1571 emanavit.»
1150 1520 1229 1572 Unde
1241 1529 1265 1570 et

735 1591 900 1641 Anselmus:
918 1610 931 1637 a
954 1591 1050 1642 Adhuc
1072 1602 1165 1642 autem
1181 1599 1265 1643 atten-

735 1659 790 1709 tius
802 1661 928 1710 eumdem
951 1662 1065 1724 intuere,
1089 1677 1174 1728 quam
1194 1675 1266 1728 grau·

736 1729 763 1779 di
772 1739 797 1779 et
807 1731 953 1782 tenerrima
962 1728 1157 1797 'compassione
1169 1732 1265 1799 dignus

736 1814 869 1868 appareat.
884 1805 953 1854 Vide
976 1805 1080 1854 nudum
1100 1814 1128 1856 et
1147 1803 1266 1856 verberi-

738 1876 790 1927 bus
804 1879 957 1935 laceratum,
974 1879 1002 1927 in
1026 1878 1116 1928 medio
1132 1881 1266 1929 latronum

738 1950 809 1999 cruci
825 1951 1006 2015 ignominiose
1020 1949 1268 2003 ferreisclarisaffi·

739 2037 820 2082 xum,
844 2035 917 2072 aceto
945 2034 971 2073 et
987 2023 1047 2073 felle
1076 2033 1219 2089 potatum,
1243 2032 1267 2073 et

738 2102 799 2156 post
813 2103 929 2142 mortem
953 2095 1045 2144 lancea
1059 2094 1086 2143 in
1111 2094 1195 2144 latere
1209 2093 1268 2144 vul·

740 2174 882 2226 necatum,
915 2173 940 2213 et
970 2165 1096 2230 copiosos
1129 2162 1268 2230 sanguinis

740 2235 812 2286 rivos
830 2252 861 2286 ex
883 2236 1006 2302 quinque
1027 2237 1190 2288 vulneribus
1214 2251 1269 2287 mn·

740 2324 836 2368 nuum,
855 2309 1023 2375 pedumque,
1034 2321 1060 2361 et
1078 2310 1170 2361 lateris
1186 2309 1271 2361 effun-

740 2382 859 2430 dentem.
890 2381 996 2430 Fletum
1031 2381 1169 2442 deducite,
1202 2378 1269 2431 oculi

742 2450 811 2513 mei;
828 2461 854 2500 et
872 2451 998 2515 liquesce,
1018 2450 1110 2502 anima
1129 2465 1200 2512 mea,
1211 2450 1271 2517 igne

743 2521 960 2586 compassionis,
999 2537 1079 2588 super
1109 2521 1270 2573 contritione

743 2593 869 2642 amabilis
883 2593 934 2642 viri
950 2592 1041 2656 huius,
1052 2608 1135 2658 quem
1157 2591 1186 2642 in
1201 2600 1271 2643 mnu

742 2665 950 2715 mansuetudine
962 2665 1044 2714 tantis
1060 2665 1137 2715 vides
1149 2663 1271 2716 affectum

742 2734 881 2783 doloribus
899 2753 912 2779 n
929 2751 935 2783 :
952 2734 1009 2784 haec
1024 2734 1178 2787 Anselmns.
1192 2732 1273 2795 Quin·

743 2819 796 2869 que
808 2813 898 2852 autem
914 2804 1025 2854 vulnera
1036 2804 1088 2854 sibi
1105 2802 1193 2872 infligi
1213 2818 1273 2871 per-

744 2874 829 2935 misit,
849 2884 879 2925 ut
900 2875 1014 2926 humani
1033 2875 1140 2942 generis
1153 2876 1274 2943 quinque

744 2961 839 2996 sensus
853 2961 867 2995 a
881 2945 989 2996 diabolo
1012 2957 1104 3013 captos
1124 2947 1274 2997 redimeret.

743 3017 872 3068 Christus
893 3017 995 3083 quippe
1018 3016 1099 3067 hodie
1124 3033 1176 3084 pro
1199 3015 1275 3068 nobis

744 3088 904 3154 sanguinem
933 3103 1014 3137 suurn
1048 3086 1118 3138 fudit
1144 3087 1275 3153 piissime,

745 3161 916 3227 plenissime,
932 3171 958 3211 et
978 3160 1160 3213 acerbissime.
1181 3159 1276 3212 Piisei·

745 3248 788 3283 me
817 3232 896 3290 fudit,
925 3232 947 3282 si
973 3230 1159 3282 consideretur
1182 3245 1276 3294 eausa,

746 3321 809 3355 nam
831 3320 908 3354 causa
929 3304 1070 3356 effusionis
1097 3305 1139 3355 sui
1168 3302 1277 3372 pretiosi

745 3374 896 3440 sanguinis,
906 3374 1174 3442 fuitpiissima,-quia
1188 3375 1277 3442 ipsun

744 3444 816 3494 fudit
834 3460 866 3494 ex
886 3444 994 3496 caritate
1013 3445 1226 3508 ferventissima,
1246 3458 1278 3497 ex

746 3530 800 3582 qua
805 3516 956 3565 voluntarie
964 3531 1011 3581 pro
1023 3516 1103 3567 nobis
1112 3517 1168 3584 pati
1178 3515 1278 3579 voluit3

746 3587 820 3656 quod
839 3588 950 3653 pulchre
970 3589 1087 3639 ostendit
1108 3588 1280 3657 Augustinus

747 3661 775 3711 in
789 3675 905 3726 persona
918 3659 1030 3720 Christi,
1045 3661 1082 3711 ita
1096 3661 1210 3714 dicens:
1225 3680 1239 3711 ι
1256 3660 1280 3711 0

748 3733 841 3796 homo,
852 3732 968 3798 recogita
982 3732 1071 3797 qualia
1081 3743 1107 3783 et
1116 3743 1220 3801 quanta
1233 3748 1282 3801 pro

748 3812 773 3852 te
789 3818 882 3867 passus
897 3817 957 3852 sum
975 3819 1049 3853 :cum
1066 3818 1138 3854 esses
1151 3804 1283 3856 inimicus

750 3875 820 3928 Patri
833 3891 904 3940 meo,
914 3875 1082 3931 reconciliari
1095 3885 1123 3931 te
1128 3892 1138 3943 5
1154 3878 1284 3933 cumm-
