2626 4328
488 198 538 249 DE
553 199 672 251 LAUDE
687 199 818 251 ulvius.

88 317 117 366 in
141 317 203 366 Jesu
230 313 352 379 principe
380 313 619 379 militiae‘vestrae,

86 405 135 440 vos
155 391 286 453 Martyres
300 385 410 453 gloriosi
424 404 430 436 :
450 387 516 453 quia
528 388 619 456 ipsum

86 477 135 526 pro
167 475 222 525 quo
253 457 401 508 tradidistis
435 457 464 508 in
504 468 619 509 mortem

86 532 192 583 animas
221 541 332 591 vestras,
362 528 463 594 ipsum,
497 529 619 596 inquam,

85 606 177 655 lesum
222 601 324 651 Filium
368 601 416 650 Dei
456 601 619 666 possidetis,

86 673 229 741 praemium
256 671 409 722 certaminis
429 672 527 724 vestri..
544 675 620 724 Gau-

85 747 146 796 dete
169 744 197 793 in
224 745 286 794 Jesu
313 758 421 792 summo
442 744 557 793 Doctore
572 737 640 794 ve-'

86 816 184 875 ritatis,
219 829 235 862 o
270 812 414 862 venerandi
447 813 620 864 confessores

85 899 111 939 et
132 888 261 936 Doctores
276 900 283 932 ε
298 884 362 949 quia
382 899 464 951 quem
488 885 553 934 olim
568 886 620 935 do-

85 960 180 1011 ctrinis
209 957 307 1017 sacris,
333 967 362 1007 ot
386 957 515 1024 operibus
541 959 620 1023 justis

85 1031 201 1082 confessi
227 1029 293 1079 estis
315 1043 407 1078 coram
440 1029 618 1090 hominibus,

87 1117 160 1152 nunc
181 1099 322 1151 confitetur
346 1115 395 1149 vos
420 1115 509 1149 coram
544 1101 619 1151 Patre

86 1188 156 1232 suo,
187 1182 213 1222 et
241 1170 345 1221 Sanctis
366 1179 393 1220 et
417 1171 531 1236 Angelis
552 1171 618 1236 ejus.

87 1243 214 1294 Gaudete
230 1241 258 1291 in
280 1241 346 1290 Jesu
362 1240 469 1306 virgine
488 1251 515 1291 et
533 1240 621 1308 virgi-

85 1331 152 1364 num
161 1312 364 1372 sanctificatore,
376 1327 425 1362 vos
439 1311 619 1378 paradisicolae

85 1386 219 1452 Virgines,
234 1401 282 1436 vos
294 1384 406 1450 Angelis
417 1383 542 1435 similes:
555 1386 619 1452 quia

86 1474 146 1510 ecce
163 1472 247 1525 quem
262 1456 384 1516 amastis,
399 1471 482 1522 quem
495 1456 617 1522 optastis,

85 1545 168 1595 quem
193 1527 352 1578 ardentibus
376 1525 517 1577 desideriis
537 1542 619 1593 expe-

85 1603 171 1665 tistis,
204 1617 253 1669 pro
283 1602 359 1667 cujus
376 1615 468 1652 amore
498 1612 620 1652 terrenos

86 1689 209 1739 sponsos,
225 1682 251 1723 et
268 1687 379 1722 omnem
397 1681 522 1722 ornatum
535 1671 618 1723 seculi

84 1745 297 1811 contempsistis,
307 1744 409 1795 summi
422 1743 504 1810 Regis
516 1743 619 1795 Filium

86 1834 159 1869 nunc
172 1817 280 1877 videtis,
297 1831 368 1867 nunc
382 1815 488 1875 tenetis,
503 1816 618 1866 nuncin

85 1890 141 1954 ejus
167 1889 248 1939 castis
268 1887 437 1954 amplexibus
463 1885 618 1953 quiescitis,

86 1969 111 2009 et
133 1959 224 2009 divelli
237 1973 253 2008 a
266 1957 344 2008 vobis
359 1958 435 2008 nulla
454 1955 620 2009 insidiatoris

84 2030 267 2080 fraudulentia
287 2039 384 2095 potest.
403 2031 506 2080 Verum
527 2039 619 2080 autem

85 2101 156 2150 inter
177 2115 272 2150 omnes
295 2097 429 2151 coelicolas
449 2099 619 2152 uberrimum

85 2170 134 2220 tibi
157 2171 285 2237 gaudium
311 2172 355 2231 sit,
376 2187 392 2221 o
419 2171 511 2232 Maria,
534 2170 620 2236 virgi·

87 2258 153 2291 num
166 2243 249 2308 Virgo
261 2242 416 2308 singularis,
438 2258 502 2295 rosa
521 2243 621 2294 coelice

85 2313 261 2374 amoenitatis,
277 2314 459 2379 praelucidum
473 2314 560 2376 sidus,
574 2313 620 2364 in-

86 2393 127 2433 ter
140 2383 284 2444 primaevas
298 2385 422 2437 lucernas
435 2385 522 2436 divini
534 2385 621 2436 lumi-

88 2453 133 2503 nis
157 2455 330 2521 susceptivas,
349 2455 379 2505 in
401 2457 467 2508 lesu
488 2466 537 2507 tuo
557 2456 621 2507 dul-

87 2523 198 2575 cissimo
226 2525 310 2588 Filio,
331 2527 391 2578 sola
413 2542 472 2594 prae
491 2528 621 2578 omnihus

86 2596 173 2661 gaude
193 2597 290 2662 gaudio
312 2609 439 2664 magno:
461 2597 621 2665 quicquam

1160 205 1213 272 789

674 325 704 366 ut
724 315 865 367 hominem
890 318 1028 384 peperisti,
1048 328 1075 370 et
1094 320 1213 386 propriis

676 389 806 440 uberibus
825 390 959 452 enutristi,
979 391 1070 456 ipsum
1085 409 1148 443 cum
1160 395 1214 445 An-

675 461 741 527 gelis
754 471 781 511 et
794 461 930 511 universis
950 463 1057 513 civibus
1068 464 1128 514 coeli
1143 466 1210 515 ado-

674 549 726 593 ras,
739 543 770 584 ut
780 533 866 584 Deum
877 534 969 584 vivum
981 546 1007 584 et
1018 551 1122 587 verum.
1136 538 1210 588 Gau-

674 603 715 665 de,
731 602 796 654 felix
816 606 900 674 Mater
915 622 921 654 :
936 605 1000 671 quia
1014 621 1096 671 quem
1117 606 1209 658 vidisti

675 675 704 725 in
725 674 803 741 ligm
824 675 913 725 crucis
937 677 1109 740 pendentem,
1132 677 1210 728 vides

675 747 703 796 in
718 747 785 796 coelo
802 755 959 811 regnantem
972 762 1033 796 cum
1051 747 1136 813 gloria
1148 763 1208 798 ma·

675 831 747 882 gna3
786 815 879 867 vides.
893 831 1003 867 omnem
1038 817 1208 869 altitudinem

674 888 836 948 coelestium,
851 889 1028 950 terrestrium,
1048 901 1074 941 et
1089 890 1208 941 inferno-

675 977 737 1011 rum
758 960 890 1026 maiestati
913 960 972 1024 eiua
1001 961 1168 1022 inclinatam,
1183 972 1209 1012 et

674 1046 756 1081 omne
776 1031 858 1081 robur
881 1030 1054 1081 inimicorum
1084 1033 1141 1097 ejus
1168 1043 1208 1084 at·
1266 1090 1270 1098 Ι

673 1101 778 1152 tritum.
790 1100 895 1151 Gaudia
909 1101 1071 1167 gaudiorum
1082 1102 1138 1152 sint
1149 1102 1209 1164 tibi,

673 1171 765 1222 omnis
779 1170 953 1238 pulchritudo
965 1172 1137 1224 Sanctorum.
1148 1173 1211 1224 Bea-

673 1253 702 1293 ta
721 1241 871 1293 Jerusalem
900 1243 985 1292 Mater
1008 1252 1121 1304 nostra,
1147 1258 1209 1309 quas

672 1330 782 1366 sursum
804 1329 842 1378 es,
865 1313 1039 1366 festivitatem
1059 1329 1110 1379 age
1132 1315 1210 1366 laeta·

673 1388 804 1449 bundam,
818 1396 847 1438 et
862 1386 1061 1438 indeficientem
1080 1386 1110 1436 in
1123 1385 1209 1439 visio·

672 1476 706 1510 ne
723 1459 832 1526 pacifica
854 1460 896 1510 tui
916 1459 988 1523 iesu,
1014 1459 1152 1510 libertatis
1168 1459 1208 1512 tui

672 1530 807 1582 auctoris!
827 1530 861 1582 Et
878 1539 910 1580 tu
924 1546 998 1580 nunc
1020 1544 1130 1580 rursum
1151 1529 1208 1581 ele·

672 1617 743 1662 vare,
761 1601 853 1653 anima
879 1616 949 1664 mea,
970 1601 1044 1668 quali
1062 1611 1140 1668 potes
1159 1617 1208 1652 co·
1278 1627 1281 1631 ·

673 1683 749 1734 natu,
775 1681 803 1724 et
821 1671 906 1724 sacris
924 1682 951 1724 te
971 1673 1063 1739 ingere
1084 1671 1207 1724 millibus

673 1743 821 1796 laetantitun
847 1744 877 1795 in
899 1742 1020 1795 Domino
1046 1744 1125 1807 Jesu.¹
1143 1744 1209 1797 Illuc

672 1815 734 1868 fidei
759 1824 786 1866 et
810 1813 869 1880 spei
895 1814 1020 1866 vehiculo
1051 1829 1146 1880 perge,
1169 1812 1227 1864 ibi.

673 1904 720 1956 per
741 1887 860 1939 caritatis
880 1886 1005 1938 ardorem
1032 1901 1207 1947 conversare,

673 1960 719 2011 ubi
743 1960 871 2012 Christus
894 1965 936 2011 ert
959 1959 987 2009 in
1011 1959 1127 2010 dextera
1156 1958 1209 2010 Dei

673 2033 779 2084 sedens.
801 2031 912 2084 Intende
932 2030 1032 2083 mentis
1056 2030 1166 2080 oculum
1180 2029 1209 2081 in

674 2103 781 2154 lumine
800 2103 892 2154 vultus
910 2102 979 2166 ejus,
996 2102 1081 2151 lustra
1101 2115 1131 2151 ac
1144 2101 1210 2151 deo-

674 2176 779 2225 sculare
789 2173 986 2241 gratulabunda
998 2171 1141 2222 devotione
1153 2171 1211 2222 sin-

674 2246 739 2312 gula
752 2245 813 2296 loca
834 2243 958 2295 felicium
977 2244 1118 2309 plagarum
1143 2241 1210 2306 ejus,

674 2315 821 2381 dequibus
838 2313 938 2381 egressi
956 2322 1021 2363 sunt
1035 2310 1147 2378 pretiosi
1168 2309 1209 2362 illi

649 2437 651 2442 ,
674 2385 796 2452 liquores
819 2383 961 2449 sanguinis
992 2382 1079 2443 sacri,
1106 2397 1161 2448 quo
1184 2390 1210 2432 tt

674 2455 835 2523 appretiavit
856 2454 1020 2523 Unigenitus
1032 2452 1094 2514 Dei,
1106 2461 1134 2504 et
1146 2467 1210 2504 stn-

674 2527 808 2580 ctificavit
822 2529 852 2580 in
864 2527 948 2579 vitam
958 2536 1087 2578 aeternam
1102 2541 1110 2575 t
1126 2524 1210 2578 »hec

675 2598 829 2651 Ansdmus.

579 2820 716 2872 ORATIO

118 2988 224 3038 Gratias
237 2997 263 3038 et
279 2988 373 3038 laudes
388 2987 440 3038 tibi
456 3003 517 3054 agot
529 2987 648 3038 Domine
671 2988 746 3038 Deus
766 3001 855 3046 meus,
869 2982 1055 3036 misericordia
1069 2995 1144 3042 mes,
1161 2981 1209 3046 qui

87 3073 131 3107 me
144 3058 272 3124 dignatus
292 3073 323 3109 es
335 3074 434 3118 creare,
451 3069 478 3110 et
492 3059 635 3119 redimere,
656 3068 738 3123 atque
757 3058 794 3108 ad
806 3055 845 3108 tui
860 3055 1033 3122 agnitionem
1054 3051 1210 3118 perducere,

85 3141 111 3180 et
126 3147 174 3196 per
188 3132 257 3182 sacri
274 3133 451 3199 Baptismatis
463 3131 631 3183 ablutionem
656 3132 728 3183 inter
744 3129 818 3182 lilios
831 3128 989 3196 adoptionis
998 3140 1154 3194 aggregare.
1169 3126 1211 3179 To

85 3203 177 3263 laudo,
199 3213 225 3254 te
246 3204 378 3269 glorifico,
395 3203 444 3271 qui
464 3219 508 3254 me
523 3218 595 3270 aaepe
611 3218 658 3269 per
674 3203 760 3253 multa
775 3200 941 3253 defluentem
957 3198 1024 3250 vitia
1037 3199 1072 3248 ad
1085 3196 1211 3248 emenda·

84 3275 190 3326 tionem
216 3279 386 3344 exspectasti,
410 3292 441 3328 ac
459 3277 493 3328 de
513 3275 740 3327 tribulationibus
755 3285 782 3326 et
803 3273 936 3342 periculis
948 3272 1046 3323 multis
1067 3268 1209 3333 liberasti3

84 3345 134 3394 tibi
158 3348 257 3412 gratias
281 3364 331 3416 ago
351 3365 402 3415 pro
412 3349 529 3414 inceptis
553 3347 583 3398 in
601 3362 645 3398 me
661 3344 756 3413 gratia
778 3357 831 3397 tuas
846 3345 937 3406 donis,
952 3359 1014 3410 quae
1028 3343 1165 3407 deprecor,
1179 3348 1210 3391 ut

84 3416 299 3472 misericorditer
323 3419 455 3486 perficias,
478 3433 578 3486 meque
600 3417 629 3470 in
648 3418 722 3468 viam
743 3415 842 3469 salutis
862 3426 968 3468 eternae
990 3413 1103 3480 dimna&
1124 3421 1152 3462 ⁶¹
1175 3411 1209 3463 ⁰4

83 3498 158 3540 tuam
176 3490 312 3543 visionem
326 3493 442 3544 feliciter
454 3493 595 3558 perducas.
611 3492 713 3542 Amen.-
