2626 4328
95 315 145 367 558

94 430 205 489 Christi,
221 431 248 480 in
263 431 357 496 quibus
371 429 484 491 steriles,
497 444 557 496 quce
571 442 622 478 non

94 508 242 568 genuerunt
262 508 288 551 et
308 500 482 562 lactaverunt,
504 499 625 551 dicentur

95 573 187 634 beatae,
211 571 274 637 quia
291 571 415 635 agiliores
436 581 515 620 crunt
529 571 562 620 ad
579 569 624 618 fu-

94 644 232 708 giendum,
247 657 328 708 quarn
343 642 468 707 gravidae,
482 653 509 693 et
529 658 576 708 pro
596 655 624 691 se

95 716 183 765 solum
198 714 291 764 anxiae.
307 716 337 764 In
354 714 398 764 die
411 730 519 781 quoque
532 713 623 781 judicii

95 795 217 852 parentes
228 786 318 835 dicent
331 785 394 835 liliis
407 802 435 836 se
450 803 507 837 esse
518 788 624 837 damna-

93 869 144 920 tos,
161 867 268 922 propter
282 872 401 907 amorem
418 859 532 908 nimium
552 857 623 908 filio-

93 942 170 989 rum;
192 937 218 976 et
238 942 253 976 e
274 943 400 978 converso
420 928 468 978 filii
489 929 579 978 dicent
595 943 623 977 se

92 1014 150 1050 esse
166 999 314 1064 damnatos,
337 1012 444 1068 propter
464 1016 583 1052 amorem
598 1010 623 1051 et

91 1073 227 1137 sequelam
240 1083 390 1137 parentum.
408 1077 484 1124 Tunc
497 1074 624 1140 incipient

91 1145 180 1195 dicere
193 1147 324 1196 montibus
337 1165 345 1197 s
357 1148 454 1198 Cadite
466 1162 546 1214 super
560 1162 608 1197 nos
613 1165 623 1211 ;

91 1221 118 1264 et
140 1215 260 1279 collibus,
282 1218 382 1282 operite
405 1233 461 1280 nos,
486 1218 550 1283 quia
571 1217 623 1268 ali-

92 1284 140 1350 qui
158 1301 212 1350 prae
233 1286 344 1336 horrore
360 1287 476 1348 miseriae
496 1297 560 1338 tunc
581 1287 623 1338 di-

94 1358 213 1408 cebant:
235 1360 343 1409 Utinam
369 1371 475 1412 montes
500 1363 624 1412 caderent

94 1443 175 1494 super
189 1445 248 1488 nos,
265 1440 291 1479 et
309 1431 390 1480 colles
410 1432 545 1497 operirent
558 1431 622 1481 nos!

94 1499 224 1549 Similiter
245 1500 273 1549 in
293 1501 336 1550 die
349 1501 441 1565 judicii
463 1502 513 1551 hoc
535 1502 625 1551 dicent

95 1569 200 1632 reprobi
223 1581 346 1634 optantes
370 1572 496 1621 abscondi
519 1587 534 1621 a
557 1573 625 1622 facie

94 1641 214 1692 Domini.
229 1642 298 1701 Quia
312 1643 374 1693 siin
389 1644 470 1694 viridi
482 1645 557 1709 ligno
566 1646 624 1696 haec

89 1711 207 1774 faciunt,
227 1713 253 1762 in
278 1713 357 1763 arido
371 1714 434 1779 quid
446 1715 523 1780 fiet?
543 1715 623 1765 Chri-

94 1791 151 1832 stus
173 1783 216 1832 hic
239 1783 338 1833 dicitur
358 1785 463 1850 lignum
482 1786 565 1836 viride
581 1786 624 1836 fa-

94 1852 167 1903 ciens
188 1853 314 1913 fructum,
340 1866 365 1905 et
389 1872 436 1922 per
458 1874 624 1924 consequens

68 1944 71 1949 ·
94 1924 236 1989 indignum
251 1926 413 1977 abscissione
430 1943 477 1993 per
496 1938 623 1994 mortem3

93 1994 178 2044 viride
193 1996 273 2046 etiam
288 1996 393 2062 lignum
414 2008 439 2048 et
457 1999 622 2050 fructiferum

93 2075 158 2114 sunt
172 2066 234 2128 justi
250 2077 275 2116 et
289 2068 376 2130 electi;
392 2070 437 2118 sed
452 2070 568 2130 aridum,
580 2070 623 2121 in-

58 2187 61 2195 ,
94 2134 271 2197 fructiferum,
286 2149 436 2202 peccatores
450 2150 476 2189 et
489 2141 576 2208 impii.
592 2143 625 2192 Si

94 2224 161 2275 ergo
176 2211 201 2260 in
217 2213 299 2263 viridi
312 2214 395 2278 ligno,
410 2214 437 2264 id
451 2216 533 2266 estin
547 2217 625 2267 Chri-

95 2291 136 2332 sto
150 2284 274 2333 omnium
290 2285 420 2336 virtutum
437 2287 524 2339 virore
539 2289 624 2339 viren-

95 2353 124 2414 ti,
138 2355 194 2406 haec
203 2357 321 2421 faciunt,
338 2357 365 2406 id
382 2370 423 2410 est
438 2369 478 2410 tot
491 2370 624 2412 tormenta

93 2425 222 2487 inferunt,
240 2429 266 2478 in
279 2431 366 2493 arido,
384 2432 465 2483 idest
482 2433 508 2482 in
524 2436 623 2499 populo

92 2495 202 2547 Judaieo
220 2507 246 2547 et
267 2512 403 2564 peccatore
422 2504 456 2552 ab
472 2507 547 2554 omni
570 2506 623 2555 ho—

94 2585 159 2618 nore
180 2571 272 2634 gratiae
293 2573 420 2624 destituto
444 2586 469 2626 et
491 2577 621 2637 arefacto,

93 2641 156 2706 quid
165 2641 238 2706 fiet?
254 2644 330 2693 Certe
344 2647 451 2709 gravius
466 2649 621 2712 punientur.

92 2711 173 2771 Quasi
189 2714 318 2763 omnibus
331 2716 431 2766 diceret
446 2734 452 2766 :
469 2719 497 2767 Si
511 2735 560 2785 ego
573 2721 621 2780 oui

92 2791 227 2847 peccatum
250 2799 304 2832 non
328 2785 393 2844 feci,
421 2796 446 2836 et
469 2787 622 2840 fructuosus

92 2844 237 2916 sum-{sine
250 2854 312 2919 igne
327 2856 460 2920 passionis
472 2857 505 2907 de
520 2861 621 2909 mundo

92 2939 148 2974 non
171 2940 248 2985 exeo,
273 2941 333 2992 quae
357 2937 488 2978 tormenta
513 2940 623 2981 manent

93 2998 274 3061 peccatoribus
298 3010 323 3049 et
345 2999 446 3065 impiis,
464 3001 511 3068 qui
528 3001 623 3053 fructi-

93 3069 144 3119 bus
159 3082 222 3121 sunt
237 3072 326 3122 vacui?
340 3072 426 3134 Certe,
443 3075 559 3127 Domine
576 3078 622 3127 Je-

93 3153 141 3203 su,
163 3157 257 3192 verum
280 3155 334 3204 est,
357 3145 421 3210 quia
446 3145 468 3195 si
493 3157 522 3198 tu
545 3148 623 3198 arbor

93 3222 192 3272 sancta,
210 3213 313 3277 lignum
332 3215 392 3265 vitae
408 3215 573 3268 fructuosum
597 3229 623 3269 et

93 3278 271 3342 benedictum,
288 3293 359 3334 tanta
377 3287 482 3353 pateris,
498 3299 524 3339 et
540 3290 622 3340 ramis

92 3349 146 3400 tuis
168 3353 304 3417 spoliaris,
327 3357 393 3422 quid
414 3358 464 3409 erit
486 3361 519 3410 de
544 3362 622 3411 nobis

92 3420 208 3481 miseris,
229 3424 275 3488 qui
296 3440 390 3476 sumus
409 3430 512 3495 lignum
533 3432 621 3482 infru-

91 3499 213 3542 ctuosum
227 3505 252 3544 et
266 3495 376 3557 siccum,
391 3511 484 3564 aptum
497 3518 544 3566 pro
560 3503 622 3568 igne

92 3568 117 3610 et
133 3561 263 3626 gehennae
285 3564 430 3618 incendiis?
448 3571 476 3619 Si
498 3587 561 3637 ergo
575 3573 620 3622 in-

91 3631 156 3697 cipit
182 3633 309 3696 judicium
334 3638 367 3688 de
392 3640 474 3690 domo
501 3642 568 3702 Dei,
596 3651 622 3694 et

92 3715 181 3753 omnes
195 3704 240 3769 qui
255 3706 395 3773 voluntpie
406 3711 495 3762 vivere
505 3714 532 3763 in
547 3714 621 3764 Cirri-

93 3780 143 3838 sto,
164 3779 372 3840 persecutionem
393 3784 540 3848 patientur,
560 3786 621 3852 quis

91 3841 154 3896 finis
172 3863 264 3897 eorum
289 3851 335 3914 qui
357 3869 412 3902 non
436 3856 548 3905 credunt
571 3857 619 3906 Dei

92 3914 239 3984 Evangelio
263 3930 288 3971 et
307 3922 391 3990 impie
413 3926 524 3978 vivunt?
549 3928 627 3982 Unde

398 313 568 366 SECUNDAE
586 309 709 361 PARTIS
726 312 843 366 CAPUT
865 315 943 367 LXll.

683 429 854 494 Augustinus
868 450 876 482 :
891 451 904 478 n
918 432 946 482 Si
959 432 1023 482 hinc
1037 432 1095 482 sine
1109 431 1211 499 flagello

684 515 737 550 non
752 501 826 562 exiit,
842 503 889 569 qui
912 504 965 554 huc
981 504 1040 554 sine
1053 514 1161 569 peccato
1174 518 1213 554 ve·

684 570 732 631 nit,
758 577 894 638 quomodo
920 573 1031 640 flagellis
1056 574 1134 640 digni
1160 589 1212 624 nou

683 652 746 691 sunt
768 643 815 708 qui
841 644 893 694 huc
917 661 977 695 cum
999 655 1106 711 peccato
1132 660 1212 698 vene·

683 720 763 764 runt?
776 735 789 763 n
803 716 880 766 Unde
894 728 919 767 et
931 717 1103 783 Gregorius:
1116 736 1131 765 (t
1145 718 1213 780 Quo
1234 768 1239 773 .

682 783 732 833 ties
754 796 868 836 mortem
888 787 1031 837 Salvatoris
1054 789 1172 849 attendo,
1188 800 1213 839 et

682 854 837 918 patientiam
857 858 907 907 lob
931 868 956 907 et
973 867 1088 909 mortem
1103 858 1213 909 ioannis

681 926 806 991 Baptistae
818 929 966 988 considero,
982 928 1042 978 dico
1057 929 1118 990 tibi,
1131 945 1147 979 o
1160 945 1213 996 pec-

681 1006 774 1047 cator:
791 998 854 1048 hinc
866 999 1012 1059 considera,
1036 1000 1102 1066 quid
1120 1015 1213 1066 passu·

681 1069 703 1117 ri
721 1080 785 1119 sunt
805 1070 844 1119 illi
864 1087 934 1136 quos
949 1073 1082 1138 reprobat,
1097 1072 1121 1122 si
1143 1081 1213 1122 tanta

682 1141 752 1205 passi
770 1152 833 1191 sunt
846 1158 914 1207 quos
930 1145 1020 1194 amati
1036 1162 1050 1190 n
1067 1145 1124 1194 haec
1144 1145 1212 1195 Gre-

681 1213 786 1278 gorius
804 1215 909 1264 Bonum
926 1226 996 1266 esset
1018 1216 1051 1266 de
1072 1217 1118 1267 his
1139 1217 1212 1282 cogi·

682 1292 752 1343 tare,
778 1295 808 1334 ut
833 1285 957 1350 cogitatio
983 1296 1062 1336 tantae
1085 1286 1213 1352 angustiae

684 1353 763 1403 nobis
781 1354 906 1406 timorem
927 1356 1071 1419 incuteret3
1088 1366 1114 1405 et
1135 1357 1214 1406 timor

683 1424 808 1475 incussus
831 1441 846 1477 a
869 1427 947 1475 nobis
967 1435 1104 1490 peccatum
1119 1442 1213 1493 perpe·

683 1507 781 1546 tratum
801 1498 952 1563 expelleret,
967 1500 1008 1548 vel
1025 1514 1040 1548 a
1060 1508 1214 1564 perpetran-

676 1567 717 1614 do
731 1577 837 1630 arceret,
854 1569 976 1634 exemplo
997 1568 1164 1636 Hieronymi
1177 1567 1215 1618 di-

682 1637 784 1687 centis:
796 1657 809 1683 a
818 1639 879 1689 Sive
889 1640 1037 1701 comedam,
1046 1639 1104 1689 sive
1115 1639 1213 1698 bibam,

682 1708 737 1758 sive
756 1708 858 1774 aliquid
882 1711 954 1759 aliud
980 1709 1085 1779 faciam,
1112 1725 1214 1776 semper

682 1777 787 1827 videtur
803 1779 915 1829 auribus
936 1779 1003 1830 meis
1029 1779 1215 1830 insonareilla

682 1867 734 1901 vox
750 1852 899 1902 terribilis:
918 1853 1025 1918 Surgite
1046 1854 1158 1914 mortui,
1177 1868 1215 1904 ve·

684 1923 739 1973 nite
753 1925 785 1973 ad
800 1925 939 1989 judicium.
956 1944 969 1972 n
985 1954 1015 1962 —
1031 1926 1061 1975 ln
1080 1925 1215 1990 praedictis

682 1996 789 2046 duobus
812 1998 886 2057 locis,
907 2014 967 2064 quae
994 1999 1075 2048 modo
1097 2008 1163 2049 sunt
1187 1999 1213 2049 in

683 2068 741 2133 ipsa
762 2070 881 2130 civitate,
905 2072 951 2121 sed
976 2081 1048 2121 extra
1077 2071 1214 2122 ecclesiam

683 2141 834 2204 sepulchri,
860 2142 961 2191 scilicet
982 2158 988 2191 z
1014 2142 1060 2192 ubi
1091 2132 1215 2192 Christus

682 2212 801 2262 obviavit
821 2215 908 2273 Matri,
924 2225 949 2265 et
970 2215 1018 2264 ubi
1039 2230 1068 2264 se
1087 2216 1167 2266 vertit
1182 2216 1213 2266 ad

683 2282 819 2342 mulieres,
840 2285 936 2344 adhuc,
957 2296 987 2334 ut
1011 2285 1118 2346 dicitur,
1139 2300 1215 2351 appa·

682 2365 743 2403 rent
761 2354 873 2419 vestigia
892 2355 1074 2415 ecclesiarum,
1090 2370 1151 2422 quae
1177 2355 1214 2405 ibi

681 2425 754 2476 factae
768 2438 843 2476 erant
856 2427 885 2476 in
900 2427 998 2477 horum
1014 2429 1185 2479 memoriam.

718 2494 753 2560 34
784 2498 842 2547 Cun
869 2499 950 2547 Sinon
972 2498 1121 2549 Ceraunus
1144 2514 1215 2549 cnu-

681 2582 731 2617 cnn
746 2583 864 2617 ronrnnn
878 2568 1010 2618 coemunt
1022 2597 1052 2607 -
1068 2570 1140 2620 Cum
1152 2583 1215 2635 ergo

682 2637 815 2688 Dominus
838 2640 950 2688 ulterius
975 2639 1164 2704 processisset,
1190 2650 1216 2689 et

681 2709 718 2759 ita
739 2709 863 2775 fatigatus
888 2726 917 2759 ac
942 2711 1050 2770 fractus,
1077 2720 1103 2761 et
1123 2727 1156 2762 ex
1174 2711 1214 2761 af-

681 2777 799 2828 flictione
819 2781 977 2844 praecedenti
1002 2781 1157 2832 debilitatus
1171 2796 1215 2832 es-

681 2858 729 2908 set,
747 2849 819 2915 quod
835 2851 908 2900 lento
925 2853 1008 2917 gradu
1029 2852 1173 2912 incederet,
1189 2860 1216 2902 et

680 2920 797 2984 amplius
820 2936 924 2971 crucem
949 2932 1054 2986 portare
1079 2938 1134 2972 non
1158 2936 1217 2988 pos·

681 3001 730 3050 set,
745 2991 870 3056 deposuit
887 3008 945 3042 earn
967 3003 998 3043 ut
1014 2993 1216 3057 aliquantulum

681 3077 805 3131 pausaret
827 3077 852 3117 et
878 3068 1027 3132 respiraret.
1056 3067 1097 3118 llli
1125 3077 1215 3118 autem

682 3140 791 3204 pessimi
820 3141 941 3191 nolentes
968 3141 1072 3192 differre
1099 3152 1216 3193 mortem

681 3212 746 3275 ejus,
772 3211 897 3262 timentes
918 3229 950 3262 ne
981 3213 1080 3263 Pilatus
1102 3223 1215 3263 senten·

681 3283 746 3332 tiam
777 3294 925 3347 revocaret,
951 3285 1014 3350 quia
1043 3286 1212 3334 voluntatem

680 3353 833 3403 dimittendi
848 3370 909 3404 eum
931 3356 1089 3415 ostenderat,
1114 3369 1213 3422 coege-

680 3433 743 3478 runt
762 3427 895 3477 Simonem
920 3428 1091 3495 Cyrenaeum,
1114 3429 1153 3479 sic
1168 3427 1213 3478 di·

680 3509 753 3549 ctum
781 3513 800 3561 a,
822 3499 925 3565 Cyrene
960 3499 1065 3550 civitate
1104 3499 1212 3566 Lybiae,

677 3579 784 3638 patrem
794 3571 949 3623 Alexandri
962 3579 987 3622 et
1005 3573 1079 3639 Rufi,
1090 3572 1212 3638 discipu-

680 3645 769 3694 lorum
785 3644 905 3702 Domini,
930 3645 1042 3694 devilia
1058 3644 1212 3707 venientem

680 3726 706 3765 et
720 3715 752 3765 ad
770 3714 902 3764 civitatem
915 3715 1003 3764 eundo
1021 3714 1059 3765 eis
1075 3727 1212 3764 occurren·

680 3794 744 3845 tem,
763 3792 792 3835 ut
805 3790 930 3849 portaret
951 3798 1054 3835 crucem
1081 3793 1143 3850 post
1165 3783 1212 3833 Je-

681 3872 752 3916 sum,
777 3870 865 3920 usque
898 3855 930 3904 ad
956 3854 1139 3905 crucifixionis
1168 3854 1211 3903 lo-

681 3943 752 3978 cum.
777 3927 834 3977 Hoc
857 3935 945 3976 autem
970 3941 1025 3975 non
1042 3924 1163 3976 fecerunt
1178 3937 1209 3974 ex
