2626 4328
314 252 362 305 DE
377 247 581 315 statorium,
598 250 631 303 lN
650 247 818 302 PASSIONE
833 246 971 300 DOMINI.

1150 243 1202 313 49⁵

525 683 691 756 CAPUT
715 683 779 753 LX

288 936 341 1004 De
362 934 567 1015 Matutinis,
594 934 630 1004 in
652 932 821 1002 Passione
843 932 999 1001 Domini.

202 1182 342 1246 Matthaei
364 1202 430 1265 cap.
456 1164 509 1259 ab,
540 1181 642 1244 Marci
666 1200 734 1264 cap.
756 1202 806 1264 14,
838 1179 934 1242 Lucae
962 1200 1030 1263 cap.
1050 1201 1089 1243 22

466 1301 496 1349 et
517 1285 649 1349 loannis
669 1307 737 1370 cap.
766 1290 814 1351 18.

134 1539 142 1575 1
166 1525 247 1577 Prurn
274 1525 386 1577 Cunrsrr
416 1538 620 1576 rnrmnocnrro.

110 1598 216 1650 -Hora
243 1598 396 1650 matutinali
425 1597 583 1648 excitaberis
605 1612 621 1648 a

108 1679 185 1720 somno
198 1683 256 1730 tuo,
269 1669 367 1735 plenus
381 1667 515 1735 lacrymis,
530 1676 557 1718 et
568 1667 621 1716 do-

106 1735 148 1790 lore
158 1739 304 1799 confectus,
319 1748 429 1805 propter
441 1753 472 1788 ea
486 1753 547 1804 quoe
560 1744 622 1802 post

104 1809 292 1875 completorium
320 1809 465 1874 cogistati3
503 1817 529 1859 et
556 1817 621 1858 tunc

104 1879 269 1941 meditaberis,
296 1878 369 1930 etin
391 1878 490 1945 spiritu
506 1888 554 1928 tuo
577 1876 621 1927 vi-

101 1946 162 2001 debis
176 1949 295 2016 qualiter
313 1948 448 2000 Dominus
465 1958 529 1999 tuus
547 1947 621 1998 sedet

101 2015 156 2071 iuter
179 2019 309 2070 inimicos
325 2019 465 2084 despectus
486 2026 513 2067 et
534 2016 621 2067 inho·

100 2100 205 2152 roratus,
237 2099 264 2142 et
286 2105 303 2141 a
332 2089 390 2140 suis
418 2087 569 2154 discipulis,
595 2095 622 2138 et

98 2161 180 2213 amicis
202 2159 356 2220 derelictus,
371 2169 396 2211 et
410 2168 450 2209 tot
469 2157 548 2209 malis
568 2158 622 2208 ho-

99 2231 210 2283 minibus
233 2230 358 2282 sociatus.
375 2228 526 2281 ODomine
544 2228 620 2291 Jesu,

50 2354 54 2377 Ι
95 2308 216 2370 quomodo
234 2307 275 2357 ita
292 2305 438 2357 sedectam
455 2308 622 2369 contemptus

95 2376 299 2431 ndesotatns?
328 2376 379 2427 Ubi
409 2380 473 2426 sunt
493 2372 623 2441 discipuli

95 2450 135 2513 lai,
164 2457 191 2503 et
216 2447 326 2501 amici?
342 2448 367 2498 O
396 2446 501 2498 unicum
526 2446 621 2498 bonnm

94 2522 201 2573 mum!
239 2520 264 2571 0
305 2519 449 2585 singulare
490 2516 622 2583 gaudiam

94 2593 192 2644 mm!
206 2590 282 2653 Quid
291 2589 399 2655 sociam
413 2604 472 2640 cnm
487 2595 513 2639 te
528 2588 568 2640 sic
579 2587 624 2639 vi-

94 2662 197 2715 deam?
220 2662 309 2725 Certe,
328 2661 449 2723 Domine,
476 2659 571 2710 sedebo
596 2658 623 2710 in

96 2738 164 2785 terra
186 2740 283 2795 tecnnt,
302 2738 329 2784 et
343 2731 485 2782 associabo
507 2736 541 2794 te,
560 2730 624 2796 qnia

95 2820 141 2859 non
163 2807 242 2858 video
265 2805 309 2856 nic
324 2805 370 2871 qni
391 2804 493 2864 diligat
519 2809 554 2866 te,
577 2802 626 2854 sed

91 2880 178 2945 potira
195 2877 319 2930 inimicos
332 2883 392 2929 tuos
404 2877 516 2927 insanos
535 2882 562 2927 et
575 2876 625 2926 dc-

95 2955 198 3014 nentcs,
209 2949 257 3016 qni
268 2948 363 3001 odiunt
374 2954 407 2999 te.
420 2947 484 2999 Jesu
495 2962 559 3012 ergo
568 2956 625 2997 sta-

93 3030 148 3073 tuto
172 3032 198 3073 et
220 3030 308 3073 stante
330 3018 412 3085 ligato
433 3028 496 3069 ante
518 3020 625 3068 Annam

95 3093 258 3154 Pontificem,
274 3092 456 3158 interrogovit
469 3090 563 3141 dolose
576 3091 626 3141 Je-

92 3178 147 3217 sum
173 3163 310 3234 Pontifex
337 3162 370 3214 de
392 3161 535 3228 discipulis
558 3161 625 3224 suis,

92 3228 212 3290 fortassis
229 3235 277 3287 ubi
298 3244 395 3294 essent,
410 3245 436 3285 et
450 3234 527 3298 cujus
542 3233 627 3300 gratia

92 3320 135 3359 eos
156 3306 275 3373 collegit,
304 3314 334 3356 ut
360 3305 462 3355 videret
487 3304 510 3354 si
537 3312 627 3369 posset

92 3394 152 3433 eum
168 3378 381 3447 deprehendere,
397 3378 469 3444 quod
487 3377 521 3428 ab
535 3392 567 3427 eo
581 3391 627 3427 se-

92 3451 161 3504 ducti
175 3450 309 3513 iuissent;
326 3454 352 3499 et
373 3448 406 3500 de
419 3447 543 3500 doctrina
558 3447 625 3514 ejus,

92 3536 145 3573 tton
164 3519 359 3588 cognoscendae
377 3518 498 3571 veritatis
525 3532 626 3578 amore,

90 3593 135 3644 sed
149 3592 185 3645 ad
199 3591 351 3643 videndum
365 3590 388 3640 si
398 3599 490 3656 posset
501 3588 540 3638 ibi
556 3586 628 3638 falsi-

91 3672 182 3723 tatem,
208 3663 253 3714 vel
283 3661 458 3720 calumniam,
477 3668 504 3710 et
524 3658 627 3725 aliquid

92 3732 194 3786 dictum
218 3742 313 3783 contra
332 3732 432 3797 Legem
448 3729 578 3790 iuvenire,
602 3737 629 3778 et

91 3806 128 3859 sic
156 3821 268 3859 causam
294 3804 420 3864 haberet,
456 3817 510 3869 qua
538 3809 630 3869 posset

93 3890 215 3930 sacuam
235 3891 308 3936 eum,
326 3885 352 3926 et
377 3873 480 3925 tradere
505 3872 629 3923 Romano

674 1520 784 1573 Praesidi
800 1520 833 1571 ad
847 1513 1041 1572 damnandum.
1058 1520 1118 1570 Duo
1132 1518 1206 1570 enirn

673 1593 885 1660 imponebantur
909 1593 1019 1645 Christo
1048 1607 1064 1644 a
1088 1591 1206 1652 Judaeis,

673 1667 797 1718 scilicet:
821 1665 885 1717 falsa
901 1667 1024 1717 doctrina
1040 1676 1066 1717 et
1081 1680 1157 1728 nova,
1177 1679 1208 1716 ae

673 1738 794 1790 seductio
821 1749 847 1789 et
870 1739 990 1789 attractio
1008 1738 1153 1788 hominum
1174 1738 1207 1788 ad

674 1827 711 1863 se.
727 1811 760 1862 Et
774 1812 836 1863 ideo
852 1810 977 1862 Pontifex
991 1810 1130 1862 examinat
1144 1825 1208 1860 eum

673 1885 707 1935 de
724 1894 849 1950 utroque,
870 1883 994 1935 videlicet
1017 1884 1039 1935 si
1064 1892 1134 1935 esset
1160 1897 1206 1933 se-

673 1955 769 2005 ductor
789 1953 943 2013 hominum,
966 1962 992 2004 et
1017 1953 1111 2004 doctor
1131 1951 1204 2003 falsae

673 2023 822 2075 doctrinae:
847 2033 873 2075 et
897 2023 986 2090 primo
1006 2022 1040 2073 de
1067 2021 1209 2090 discipulis

674 2096 740 2163 eius,
755 2112 824 2164 quos
842 2096 982 2148 videbatur
995 2097 1148 2158 seduxisse;
1165 2110 1209 2147 se-

674 2167 772 2228 cundo,
787 2167 821 2218 de
843 2167 967 2218 doctrina
981 2165 1047 2233 ejus,
1061 2166 1138 2232 quasi
1158 2182 1208 2215 no-

674 2246 734 2288 tans
746 2252 805 2287 eam
815 2237 910 2288 falsam
921 2252 987 2288 esse.
1001 2235 1106 2286 Dicitur
1117 2245 1208 2284 autern

675 2311 767 2361 Annas
776 2310 919 2375 Pontifex,
932 2325 986 2359 non
998 2308 1064 2374 quia
1074 2316 1136 2358 tunc
1149 2317 1209 2358 actu

676 2392 754 2443 esset,
773 2383 820 2433 sed
835 2383 899 2449 quia
918 2393 980 2432 ante
994 2380 1089 2440 fuerat,
1108 2389 1134 2432 et
1148 2388 1210 2446 post

676 2468 735 2505 esse
747 2453 869 2504 debebat.
884 2454 962 2505 lesus
974 2468 1037 2504 vero
1049 2452 1082 2503 de
1095 2451 1211 2517 discipu·

677 2525 711 2576 lis
738 2524 851 2575 omnino
878 2523 970 2584 tacuit,
996 2522 1062 2590 quia
1087 2532 1152 2574 tunc
1177 2523 1211 2574 de

677 2594 745 2662 ipsis
770 2594 840 2645 nihil
862 2593 927 2644 boni
940 2594 1027 2645 dicere
1048 2594 1146 2660 potuit,
1163 2593 1211 2660 qui

678 2670 732 2734 jam
754 2667 889 2734 fugerunt,
913 2667 980 2717 dans
1013 2666 1092 2718 nobis
1118 2680 1212 2716 exem-

679 2740 755 2806 plum
769 2739 842 2806 quod
857 2739 959 2789 malum
974 2739 1007 2788 de
1020 2737 1081 2788 aliis
1091 2753 1146 2786 non
1162 2735 1212 2786 de-

680 2816 775 2861 bemus
801 2810 899 2870 dicere,
921 2825 968 2859 nec
988 2818 1125 2875 peccatum
1144 2808 1213 2857 alte·

680 2881 737 2931 rius
749 2880 896 2947 propalare.
911 2879 962 2929 Sed
977 2879 1009 2929 de
1024 2877 1146 2929 doctrina
1164 2889 1213 2926 sua

680 2951 826 3017 respondit,
837 2950 983 3001 ostendens
997 2948 1070 3015 quod
1086 2963 1141 2997 non
1153 2959 1212 2996 rna-

679 3021 705 3071 la
731 3021 773 3072 vel
793 3030 926 3086 suspecta,
955 3018 1001 3068 sed
1022 3017 1092 3067 bona
1118 3026 1144 3067 et
1168 3029 1213 3066 sa-

681 3107 714 3144 na
740 3101 805 3152 erat,
830 3091 903 3157 quod
930 3089 1045 3139 declarat
1070 3103 1103 3139 ex
1133 3088 1212 3144 loco,

679 3172 706 3214 et
730 3161 885 3212 auditorum
902 3157 1069 3219 testimonio,
1090 3157 1183 3209 dicens
1206 3173 1213 3207 t

679 3233 745 3300 Ego
765 3231 861 3300 polam
883 3230 987 3282 locutus
1012 3243 1071 3280 snm
1096 3228 1213 3291 mando,

680 3307 708 3357 id
722 3317 763 3358 est
777 3306 806 3357 in
820 3305 929 3372 publico
951 3313 977 3354 et
991 3302 1085 3354 multis
1101 3302 1214 3353 audien-

680 3379 763 3440 tibus,
777 3392 829 3444 ego
844 3382 947 3444 semper
962 3375 1042 3427 docui
1055 3376 1081 3426 in
1095 3388 1217 3442 synogo-

679 3466 719 3519 ga
739 3458 765 3503 et
789 3450 816 3501 in
839 3451 936 3516 templo
959 3449 1125 3510 Judaeorum,
1148 3445 1215 3496 locis

680 3521 805 3590 publicis,
827 3531 853 3571 et
874 3519 975 3572 iudaeis
990 3518 1176 3585 presentibus,
1190 3523 1216 3568 et

680 3594 708 3645 in
730 3592 833 3645 occulto
854 3591 958 3643 locutus
982 3606 1039 3642 snm
1059 3589 1134 3651 nihil,
1162 3587 1218 3638 sci·

680 3666 742 3717 licet
763 3664 825 3715 ideo
852 3674 881 3715 ut
903 3666 1080 3715 occultaretur
1109 3671 1135 3712 et
1161 3676 1216 3711 non

680 3739 857 3790 innotesceret
872 3739 974 3789 multis.
993 3737 1068 3799 Quid
1085 3750 1126 3786 me
1140 3735 1218 3786 inter·

680 3823 774 3876 rogas,
790 3823 805 3859 a
820 3824 878 3875 quo
892 3808 1031 3859 veritatem
1051 3807 1145 3858 audire
1162 3820 1218 3856 non

680 3878 833 3930 desideras?
859 3877 1006 3944 Interroga
1029 3890 1075 3929 eos
1097 3876 1143 3942 qni
1168 3889 1220 3925 ou-
