2626 4328
348 289 395 338 DE
411 286 710 339 RESURRECTIONE
724 287 852 339 DOMINI
868 287 1008 340 NOSTRI.

120 404 200 470 begit.
230 405 296 454 Duae
326 420 389 471 ergo
422 413 514 454 noctes
559 403 650 470 signi-

118 475 199 525 ficant
225 476 291 524 duas
318 485 425 525 nostras
450 483 561 535 mortes,
590 474 649 524 dies

117 560 180 595 vero
195 543 330 609 significat
345 561 422 595 suam
441 554 567 605 mortem,
588 558 650 610 quae

117 614 169 665 fuit
182 617 229 666 lux
241 626 394 667 nostrarum
409 617 548 666 mortium.
561 616 650 666 Unam

116 687 237 747 abstulit,
250 689 359 738 alteram
374 689 407 738 ad
421 689 579 739 exercitium
593 689 650 738 ele-

117 759 166 809 ctis
191 760 311 825 reliquit,
329 776 411 826 quam
433 761 522 811 denuo
538 759 650 811 veniens

119 832 319 882 exterminabit.
356 832 525 882 Resurrectio
560 832 651 898 itaque

120 918 177 964 sua,
193 915 233 954 est
256 919 334 955 causa
357 904 474 955 efficiens
490 915 589 955 nostrae
607 921 650 955 re-

116 977 300 1038 surrectionis,
321 992 382 1043 quae
409 976 439 1026 fit
457 977 486 1027 in
511 977 648 1046 praesenti,

116 1057 142 1099 et
156 1064 216 1114 quae
237 1049 284 1100 fiet
304 1051 333 1100 in
355 1050 456 1100 futuro.
478 1050 648 1101 Resurrectio

115 1136 175 1187 quae
191 1121 221 1171 fit
235 1123 264 1172 in
279 1124 415 1188 praesenti,
439 1132 478 1174 est
492 1134 585 1180 nostra
602 1123 647 1188 iu-

116 1192 250 1256 stificati0,
263 1207 289 1245 et
305 1196 406 1246 dicitur
424 1195 582 1246 resurrectio
597 1195 648 1261 pri-

117 1279 169 1324 ma,
183 1265 254 1314 unde
274 1266 303 1315 in
328 1267 489 1332 Apocalypsi
511 1282 519 1317 ι
545 1267 648 1317 Beatus

114 1334 160 1398 qui
181 1335 259 1385 habet
276 1343 383 1401 partem
404 1338 431 1388 in
445 1337 649 1400 {resurrectione

109 1404 209 1469 prima.
225 1407 395 1457 Resurrectio
415 1423 476 1474 quae
491 1407 537 1458 fiet
553 1407 584 1456 in
601 1406 648 1457 iu·

114 1487 184 1538 ture,
212 1489 252 1528 est
273 1481 393 1544 corporis
419 1480 596 1540 resuscitatio,
623 1492 648 1531 et

114 1546 213 1596 dicitur
239 1550 397 1599 resurrectio
426 1550 552 1610 secunda,
576 1551 648 1600 unde

114 1618 142 1668 in
156 1619 227 1670 Osea
241 1636 249 1669 ε
271 1621 422 1687 Vivisicavit
440 1637 489 1673 nos
500 1629 567 1690 post
579 1623 647 1674 duos

114 1690 180 1754 dies,
196 1692 262 1741 etin
278 1694 357 1743 tertia
377 1694 421 1744 die
433 1695 575 1746 suscitavit
588 1710 645 1747 nos.

113 1762 154 1810 lld
169 1763 392 1814 resurrectionem
406 1765 507 1832 quippe
529 1766 646 1832 primam

113 1831 166 1881 duo
192 1832 250 1882 dies
283 1835 476 1900 requiruntur,
514 1836 614 1886 scilicet
638 1853 645 1887 :

113 1903 210 1953 ablatio
240 1905 332 1955 omnis
358 1908 458 1971 culpae,
488 1917 515 1958 et
539 1907 645 1959 collatio

66 2008 69 2016 .
113 1987 306 2038 consummatae
328 1979 428 2044 gratiae,
453 1979 545 2030 nullus
571 1980 648 2031 enirnv

113 2056 234 2112 resurget
256 2051 452 2100 resurrectione
474 2051 591 2102 secunda
610 2051 644 2101 ad

114 2117 237 2183 gloriam,
260 2119 313 2169 nisi
335 2121 411 2185 prius
429 2122 575 2173 resurrexit
601 2137 645 2172 re-

114 2189 279 2239 surrectione
313 2191 401 2256 prima
439 2208 485 2259 per
522 2193 643 2259 gratiam.

114 2258 236 2309 Mortuus
256 2269 345 2310 autem
364 2261 417 2312 fuit
436 2263 561 2314 Christus
574 2279 643 2329 qua-

113 2327 234 2393 draginta
258 2331 343 2395 horis,
365 2341 395 2382 ut
411 2345 527 2399 quatuor
549 2335 644 2384 mundi

113 2407 209 2462 partes,
230 2401 331 2465 quaein
345 2403 470 2468 decalogo
483 2403 564 2471 Legis
576 2421 646 2455 mor·

113 2477 165 2517 tuae
179 2479 262 2528 erant,
272 2471 425 2522 vivificaret.
438 2473 527 2524 Prima
536 2489 646 2541 quoque

112 2536 156 2586 die
170 2537 345 2590 hebdomadae
366 2542 491 2601 surrexit,
505 2553 537 2594 ut
556 2558 588 2594 ea
601 2545 646 2594 die

112 2609 245 2658 mundum
265 2610 412 2674 innovaret,
428 2629 481 2680 qua
493 2629 555 2664 eum
569 2630 644 2666 crea-

111 2689 192 2728 verat.
215 2681 245 2729 ln
262 2683 340 2732 tertia
364 2699 427 2733 vero
441 2684 486 2734 die
506 2685 644 2736 Passionis

112 2749 236 2810 surrexit,
255 2761 285 2801 ut
307 2767 353 2802 eos
367 2753 414 2820 qui
435 2754 523 2806 tribus
538 2766 644 2822 tempo-

112 2819 196 2884 ribus,
221 2822 347 2874 scilicet:
371 2836 434 2876 ante
457 2827 566 2895 Legem,
591 2830 644 2879 sub

113 2890 192 2955 Lege,
208 2893 259 2942 sub
276 2895 361 2958 gratia
373 2895 401 2944 in
414 2897 529 2961 peccatis
542 2898 642 2948 mortui

111 2959 227 3021 fuerant,
250 2965 414 3030 sublevaret3
434 2977 460 3017 et
474 2983 525 3017 nos
541 2969 589 3033 qui
602 2968 644 3019 ia-

111 3031 173 3092 ctis,
187 3033 276 3094 dictis,
293 3036 502 3102 cogitationibus
516 3038 644 3099 labimur,

112 3115 160 3165 per
179 3100 261 3151 fidem
279 3115 375 3154 sanctae
389 3106 532 3156 Trinitatis
551 3122 644 3158 resur-

111 3186 216 3236 gamur.
237 3175 278 3238 Et,
296 3177 442 3226 secundum
452 3178 644 3244 augustinum,

111 3241 172 3292 ideo
186 3255 248 3307 post
261 3257 315 3295 tres
329 3246 387 3296 dies
401 3250 555 3310 resurrexit,
569 3259 601 3300 ut
615 3249 644 3300 in

113 3311 241 3364 Passione
273 3315 354 3376 Filii,
387 3317 471 3368 totius
504 3319 645 3372 Trinitatis

112 3396 308 3438 monstraretur
341 3405 489 3453 assensus,
523 3393 644 3444 triduum

111 3455 185 3504 enirn
199 3457 299 3522 legitur
309 3459 335 3508 in
352 3459 457 3526 ligura:
472 3462 536 3529 quia
549 3463 645 3513 Trini-

111 3537 152 3579 tas
167 3544 229 3594 quae
243 3530 271 3580 in
293 3532 425 3598 principio
442 3534 538 3585 fecerat
552 3536 645 3586 horal-

111 3614 184 3660 nem,
214 3600 272 3665 ipsa
298 3602 326 3651 in
352 3602 406 3654 fine
432 3604 573 3655 hominem
598 3623 644 3672 per

112 3669 217 3721 Christi
244 3683 348 3737 reparat
378 3674 542 3726 Passionem.
582 3677 644 3728 ldeo

111 3739 194 3789 etiam
212 3741 443 3792 Resurrectionem
463 3759 540 3794 suam
555 3745 645 3796 Domi·

114 3826 166 3861 nus
182 3811 221 3861 sic
237 3814 383 3863 accelerare
395 3815 493 3876 voluit,
511 3831 546 3866 ne
560 3816 643 3866 disci·

114 3882 194 3945 pulos
226 3882 274 3933 diu
313 3883 340 3933 in
368 3885 496 3937 moestitia
533 3887 642 3938 cruciari

1181 287 1234 353 657

703 403 878 468 permitteret.
894 405 972 456 Unde
983 405 1037 455 Leo
1053 404 1124 468 Papa
1138 420 1171 452 :a
1184 404 1237 454 Do·

703 475 796 527 minus
810 491 907 541 nempe
920 475 1053 533 Christus,
1068 491 1103 524 ne
1115 474 1236 525 turbatos

702 545 899 612 discipulorum
914 549 1020 598 animos
1036 549 1114 614 longa
1129 547 1235 596 moesti-

703 619 768 670 tudo
784 621 923 682 cruciaret,
945 621 1127 672 denuntiatam
1151 620 1234 670 tridui

704 706 806 741 moram
820 701 876 742 tam
890 692 959 743 mira
979 693 1113 743 celeritate
1127 693 1233 742 brevia-

702 761 750 821 vit,
767 770 797 810 ut
809 762 875 811 dum
885 763 919 811 ad
934 763 1070 828 integrum
1085 763 1233 813 secundum

703 832 775 882 diem
788 848 849 898 pars
863 834 945 899 primi
960 834 1117 895 novissima,
1132 845 1159 885 et
1173 849 1234 900 pars

702 903 774 953 tertii
787 905 875 969 prima
884 905 1027 963 concurrit.
1043 917 1069 957 et
1081 908 1234 972 aliquantu·

702 974 758 1023 lum
780 975 814 1024 de
836 977 923 1041 spatio
941 977 1071 1041 temporis
1091 978 1233 1042 decideret,

702 1053 728 1094 et
741 1044 811 1095 nihil
824 1046 933 1098 dierum
957 1064 1071 1098 numero
1092 1049 1232 1114 deperiret.

702 1117 872 1169 Resurrectio
900 1120 984 1185 igitur
1011 1121 1155 1171 Salvatoris
1186 1137 1234 1172 nec

701 1187 820 1237 animam
847 1189 876 1239 in
906 1189 1024 1251 inferno,
1053 1207 1100 1241 nec
1125 1207 1233 1242 carnem

700 1258 747 1308 diu
770 1270 872 1311 morata
900 1271 939 1312 est
966 1262 994 1311 in
1020 1263 1182 1328 sepulchro,
1206 1273 1233 1314 et

700 1337 755 1378 tam
770 1331 847 1380 velox
864 1331 1008 1382 vivificatio
1030 1331 1082 1383 fuit
1105 1332 1232 1383 incorru-

701 1408 752 1463 ptte
763 1401 861 1461 carnis,
881 1412 911 1452 ut
927 1402 1013 1468 magis
1037 1402 1076 1452 ibi
1100 1413 1170 1452 esset
1184 1419 1234 1453 so·

700 1470 773 1534 poris
801 1471 971 1534 similitudo,
1005 1489 1087 1541 quam
1122 1473 1231 1524 mortis.

701 1541 838 1600 Quoniam
862 1544 948 1594 deitas
969 1561 1030 1611 quae
1053 1545 1086 1594 ab
1116 1554 1230 1610 utraque

699 1615 821 1668 hominis
853 1620 1001 1670 substantia
1025 1635 1081 1669 non
1107 1620 1229 1680 recessit,

699 1689 772 1753 quod
800 1700 929 1755 potestate
969 1691 1072 1750 divisit,
1102 1702 1232 1757 potestate

699 1759 861 1824 conjunxit:
884 1781 898 1810 i>
915 1763 972 1813 haec
993 1764 1048 1814 Leo
1064 1765 1141 1829 Papa.
1163 1764 1231 1814 Pas-

699 1829 783 1880 sionis
792 1829 875 1898 igitur
889 1845 915 1884 et
923 1834 1137 1885 Resurrectionis
1145 1850 1231 1885 exem·

699 1902 775 1967 plum
808 1902 934 1955 Christus
968 1905 1049 1955 nobis
1079 1906 1194 1971 praebuit
1217 1923 1226 1955 t

698 1971 834 2023 Passionis
843 1973 876 2023 ad
886 1974 1046 2025 firmandam
1056 1976 1227 2040 patientiam

698 2051 724 2092 et
749 2043 979 2106 Resurrectionis,
1006 2047 1038 2096 ad
1064 2044 1231 2096 excitandam

698 2128 773 2177 spem
784 2129 791 2177 ;
806 2124 838 2164 ut
847 2115 914 2166 duas
925 2117 994 2166 vitas
1007 2117 1035 2166 in
1052 2117 1131 2166 nobis
1141 2127 1229 2167 osten-

697 2173 771 2233 deiet
792 2184 935 2247 incarne,
958 2202 1041 2237 unam
1059 2187 1236 2248 laboriosam,

697 2268 779 2320 quam
807 2256 920 2307 tolerare
946 2258 1090 2317 debemus,
1120 2259 1230 2308 alteram

698 2323 812 2385 beatam,
824 2341 907 2391 quam
927 2342 1034 2393 sperare
1047 2327 1185 2377 debemus.

728 2408 747 2458 4
764 2395 900 2447 Coaaoars
922 2398 1032 2448 Caarsrt
1047 2413 1227 2449 assuasaurts

697 2481 789 2518 noras.
806 2497 836 2506 -
857 2469 1014 2520 Resurrexit
1038 2481 1127 2520 autem
1149 2470 1231 2520 Chri-

698 2546 756 2586 stus
781 2553 843 2588 cum
865 2554 976 2605 corpore
998 2541 1136 2607 glorioso;
1154 2541 1231 2606 cujus

697 2607 773 2658 dotes
789 2619 855 2660 sunt
870 2609 985 2672 claritas,
1009 2611 1123 2677 agilitas,
1142 2611 1231 2662 subti-

696 2679 774 2744 litas,
805 2692 831 2732 et
855 2682 1068 2748 impassibilitas.
1100 2683 1231 2743 Quamvis

698 2750 771 2800 enim
784 2752 878 2804 anima
889 2754 1015 2805 Christis
1027 2754 1157 2820 principio
1172 2768 1229 2803 sure

697 2825 880 2888 conceptionis
904 2823 986 2876 fuerit
1018 2825 1151 2890 gloriosa,
1181 2837 1230 2888 per

696 2903 816 2958 apertam
847 2895 998 2954 visionem,
1029 2904 1055 2944 et
1084 2893 1229 2959 perfectam

696 2964 853 3016 fruitionem
865 2965 1014 3015 divinitatis
1024 2981 1031 3027 3
1047 2965 1230 3031 dispensatio-

697 3048 731 3083 ne
744 3045 832 3084 tamen
846 3044 872 3084 et
889 3034 1069 3100 dispositione
1083 3035 1173 3086 divina
1186 3034 1230 3085 fa-

696 3114 770 3156 ctum
781 3117 830 3168 est,
848 3115 878 3155 ut
891 3106 977 3171 gloria
990 3106 1087 3156 animae
1101 3107 1159 3170 ejus
1175 3122 1230 3156 non

697 3177 857 3227 redundaret
870 3177 898 3226 in
913 3193 1019 3242 corpus,
1035 3188 1066 3228 ut
1082 3177 1121 3228 sic
1131 3193 1233 3243 corpus

697 3257 767 3298 esset
783 3248 910 3313 passibile
924 3258 951 3298 et
964 3250 1085 3310 mortale,
1101 3249 1134 3299 ad
1147 3249 1231 3299 adim-

697 3319 824 3384 plendum
842 3320 958 3385 pretium
974 3331 1001 3370 et
1014 3321 1173 3386 mysterium
1183 3337 1228 3372 re-

696 3392 862 3457 demptionis
887 3392 1013 3444 humanae
1039 3393 1069 3443 in
1094 3409 1142 3444 sua
1166 3395 1230 3445 Pas-

697 3461 783 3512 sione.
813 3463 846 3512 Et
867 3462 938 3520 ideo,
966 3473 1072 3529 peracto
1101 3464 1230 3529 mysterio

697 3530 837 3580 Passionis
851 3529 883 3591 et¹
892 3532 998 3593 mortis,
1016 3532 1106 3583 anima
1126 3533 1229 3583 Christi

697 3602 798 3662 statim,
810 3613 948 3668 resumpto
963 3619 1073 3668 corpore
1085 3605 1111 3653 in
1128 3605 1231 3654 Resur-

697 3672 830 3733 rectioue,
856 3672 885 3722 in
909 3674 1000 3738 ipsum
1027 3689 1124 3740 corpus
1153 3687 1230 3724 suam

697 3741 810 3807 gloriam
838 3743 985 3804 derivavit,
1012 3755 1038 3795 et
1068 3745 1105 3794 ita
1129 3743 1229 3794 factum

698 3825 738 3866 est
766 3831 863 3882 corpus
887 3816 988 3868 Christi
1011 3818 1169 3883 gloriosum.
1194 3815 1231 3866 Ut
1255 3830 1257 3835 ·

698 3889 772 3944 enim
797 3890 836 3940 ait
859 3891 1031 3962 Augustinus
1054 3909 1064 3940 .·
1095 3908 1108 3936 a
1137 3888 1230 3940 Carnis
