2626 4328
125 292 305 353 QUOMODO
322 292 484 343 DOMINUS
500 292 625 342 APPAR.
640 290 774 351 maele,
785 292 914 344 THOMA
926 295 1098 345 ABSENTE.
1134 311 1186 364 707

60 412 94 461 ad
122 411 249 474 maiorem
279 408 498 460 certificationem
531 407 594 458 fidei

59 485 92 533 de
103 483 245 533 Dominica
254 483 467 532 Resurrectione.
476 482 515 532 Et
524 481 598 532 dixit

59 556 100 606 eis
121 573 129 604 .·
152 554 233 616 Quid,
258 553 285 602 id
309 564 349 603 est
371 569 424 620 qua
451 553 484 602 de
506 567 595 612 causa,

61 627 164 676 turbati
178 627 252 686 estin,
268 633 295 676 et
309 626 489 691 cogitationes
507 639 597 675 arcen-

62 698 138 760 dnnt,
152 696 229 762 quasi
247 697 280 747 ab
293 695 389 746 infimo
403 707 530 762 tanquam
543 695 596 745 fal-

62 783 100 819 sae
115 779 141 818 et
161 767 347 833 phantasticae,
366 783 420 817 non
435 769 550 832 desuper
563 767 596 816 de

62 840 131 889 coelo
157 839 349 889 descendentes
374 848 503 904 tanquam
526 852 595 888 verae

61 920 89 960 et
101 910 190 968 bonae,
206 911 233 959 in
245 910 440 966 cordavestra,
453 908 561 958 infirma
569 918 596 958 et

61 979 233 1029 dubitantia?
248 980 280 1029 Et
295 979 359 1044 quia
370 981 402 1029 ad
417 979 483 1029 illud
497 994 596 1045 corpus

63 1050 136 1116 quod
160 1049 244 1101 videri
272 1058 373 1114 poterat
397 1048 463 1100 fides
483 1051 595 1100 intuen-

62 1123 133 1173 tium
149 1121 297 1180 dubitabat,
309 1132 340 1171 ut
356 1121 495 1172 veritatem
507 1121 596 1172 carnis

62 1196 204 1262 probaret,
229 1194 353 1245 exhibuit
377 1195 416 1244 eis
438 1210 550 1251 manus,
570 1203 596 1244 et

61 1266 151 1333 pedes,
167 1276 193 1315 et
207 1267 276 1316 latus
292 1268 323 1316 ad
342 1266 488 1317 vivendum
500 1276 525 1316 et
544 1267 597 1331 pal·

60 1342 191 1408 pandum,
214 1341 348 1390 declarans
370 1341 442 1406 quod
464 1340 522 1405 ipse
547 1338 595 1405 qui

59 1410 221 1471 crucifixus,
249 1422 373 1461 mortuus
405 1421 431 1462 et
462 1411 596 1461 lanceatus

59 1485 121 1543 fuit,
135 1485 163 1533 in
178 1484 224 1534 illo
237 1485 332 1534 eodem
346 1495 456 1550 corpore
469 1484 595 1535 surrexit.

64 1556 166 1618 Videte,
176 1555 275 1620 inquit,
283 1570 377 1606 ananus
387 1570 461 1607 meas
470 1563 496 1607 et
503 1557 594 1622 pedes,

57 1629 122 1695 qnia
138 1643 190 1692 ego
205 1628 261 1694 ipse
282 1643 350 1678 sum.
372 1629 455 1688 Quasi
476 1629 594 1679 diceret³

58 1701 110 1750 Per
136 1699 291 1764 hujusmodi
317 1699 453 1749 cicatrices
482 1698 595 1764 potestis

58 1769 205 1836 percipere,
220 1769 285 1834 quia
298 1785 347 1835 ego
362 1785 422 1820 sum
437 1770 484 1835 qui
500 1786 595 1836 passus

58 1844 99 1894 fui
118 1855 143 1894 et
155 1843 296 1893 resurrexi.
314 1845 363 1894 Per
374 1844 507 1895 cicatrices
520 1844 595 1895 enim

63 1923 254 1972 remanentes,
286 1914 403 1964 ostendit
437 1915 510 1980 quod
540 1925 595 1965 erat

61 1986 135 2036 idem
157 2001 254 2052 corpus
280 2001 402 2037 numero.
425 1987 594 2037 Resurrectio

60 2055 136 2106 enim
151 2072 222 2117 vcra,
239 2067 278 2106 est
298 2056 417 2121 ejusdem
436 2057 463 2107 in
482 2073 594 2108 numero

60 2127 153 2178 iterata
169 2128 307 2178 surrectio.
324 2128 441 2196 Palpate
455 2135 480 2180 et
497 2129 593 2191 videte,

59 2200 124 2264 qnia
143 2199 257 2264 spiritns
280 2213 387 2249 carnem
407 2207 434 2251 et
456 2216 521 2252 ossa
542 2216 594 2252 non

58 2272 146 2332 nabet,
161 2271 230 2322 sicut
243 2286 284 2321 me
297 2271 394 2321 videtis
405 2273 511 2324 habere.
526 2272 595 2334 Qua·

58 2341 82 2392 si
109 2342 207 2392 diceret
227 2359 234 2392 ι
252 2344 300 2392 Per
318 2342 369 2393 hoc
386 2345 497 2410 potestis
512 2346 592 2396 etiam

58 2428 219 2479 cognoscere
240 2431 283 2464 me
306 2415 405 2465 habere
427 2432 524 2482 corpus
545 2432 594 2467 ve-

57 2499 131 2541 rum,
148 2500 203 2533 non
221 2485 431 2550 phantasticum.
450 2487 490 2536 Ad
510 2486 594 2536 dubi-

57 2553 174 2604 tantium
196 2556 269 2604 enim
293 2556 373 2605 corda
397 2557 524 2615 sananda,
538 2557 594 2607 vul·

58 2639 154 2673 nerum
188 2636 290 2676 servata
323 2636 387 2676 sunt
417 2626 539 2693 vestigia,
569 2636 595 2677 et

59 2694 121 2744 ideo
144 2696 287 2745 vulnerum
311 2696 445 2747 cicatrices
469 2696 593 2758 ostendit,

58 2775 90 2815 ut
112 2764 257 2815 dubietatis
273 2776 299 2816 et
319 2765 486 2817 infidelitatis
500 2783 594 2818 eorum

59 2835 161 2885 vulnus
183 2846 297 2887 sanaret.
314 2837 438 2887 Ostendit
458 2853 521 2903 ergo
535 2854 594 2889 ma-

61 2920 121 2969 nus,
145 2916 175 2956 ut
200 2906 324 2958 incitaret
348 2908 381 2958 ad
408 2910 594 2974 pugnandum.

61 2976 148 3034 Quasi
168 2977 266 3027 diceret
282 2994 288 3027 :
304 2978 398 3028 Videte
411 2993 516 3039 manus,
531 2979 595 3044 qui-

61 3049 113 3098 bus
128 3063 176 3112 pro
190 3049 267 3098 vobis
279 3047 393 3098 fideliter
407 3050 532 3114 pugnavi,
546 3050 595 3101 has

59 3118 140 3168 vobis
165 3119 225 3169 ideo
246 3120 370 3183 ostendo,
385 3130 415 3170 ut
437 3131 463 3170 et
477 3136 525 3170 vos
542 3137 595 3187 pu-

60 3190 167 3256 gnetis,
197 3192 261 3256 quia
286 3192 345 3242 sine
371 3207 459 3257 pugna
481 3192 595 3243 victores

59 3278 116 3312 non
131 3262 216 3312 eritis.
229 3263 349 3314 Viriliter
361 3279 424 3329 ergo
439 3262 517 3329 agite,
530 3265 596 3330 quia

58 3335 176 3384 vincenti
186 3335 254 3385 dabo
264 3336 358 3386 sedere
371 3350 471 3386 mecum
485 3337 511 3387 in
526 3337 596 3387 thro·

58 3421 93 3457 no
115 3422 201 3458 meo...
228 3409 351 3458 Ostendit
373 3408 452 3459 etiam
468 3409 549 3472 latus,
565 3419 595 3459 ut

60 3489 217 3543 provocaret
231 3481 262 3528 ad
280 3481 436 3540 amandum,
451 3480 530 3547 quasi
550 3480 595 3529 di-

55 3559 130 3599 ceret
154 3551 274 3601 :Videte
299 3552 368 3601 latus
393 3562 526 3615 apertum,
549 3566 596 3602 cor

58 3621 243 3681 vulneratum,
268 3631 299 3671 ut
324 3621 437 3671 videatis
461 3633 594 3686 quantum

58 3691 201 3741 dilexerim
214 3708 271 3755 vos,
286 3703 316 3742 ut
332 3702 358 3742 et
375 3707 423 3742 vos
446 3708 489 3742 me
503 3692 595 3758 diliga-

58 3759 105 3810 tis.
128 3763 251 3814 Ostendit
266 3769 293 3814 et
304 3764 395 3829 pedes,
412 3772 443 3813 ut
463 3763 596 3815 stabiliret

58 3830 93 3881 ad
128 3834 361 3897 perseverandum,
388 3844 419 3885 ut
453 3835 485 3884 ab
519 3833 595 3886 ince-

60 3905 155 3970 ptione
172 3907 248 3960 bonae
264 3909 326 3960 vitae
346 3924 400 3959 non
419 3909 593 3962 desistamus.

650 408 729 458 Unde
761 410 955 474 perseverantia
981 412 1023 461 vel
1051 413 1186 464 stabilitas

649 489 697 536 est,
713 480 822 544 quando
844 481 927 530 homo
953 496 1002 531 nec
1026 483 1119 542 minis,
1136 499 1185 535 nec

649 567 749 610 amore,
768 567 816 602 nec
833 552 940 612 timore,
958 569 1005 604 nec
1029 556 1183 617 commodo,

650 637 697 671 nec
716 622 899 686 incommodo,
915 638 931 674 a
949 624 1020 675 bona
1033 625 1088 676 vita
1106 627 1147 676 vel
1166 641 1183 678 a

649 693 798 760 praeceptis,
821 694 898 744 vela
920 705 982 745 voto
1001 697 1074 762 quod
1097 698 1181 760 vovit,

650 766 804 817 retrahitur.

681 835 697 886 6
715 837 839 896 Quruour
855 854 888 888 ue
902 855 999 897 oureus
1013 857 1062 891 uos
1075 859 1180 894 rrurnr

649 923 789 959 urauouus.
807 937 836 946 -
857 910 926 960 Sunt
948 921 1038 962 autem
1059 915 1182 980 quinque

637 977 810 1044 principales
852 980 952 1032 diaboli
992 983 1183 1050 impugnantes

650 1067 709 1113 nos,
724 1063 818 1103 contra
831 1069 900 1119 quos
914 1054 1045 1106 debemus
1059 1073 1117 1108 esse
1130 1059 1182 1109 for·

649 1131 698 1172 tes.
721 1122 827 1173 Primus
843 1133 883 1174 est
898 1140 975 1176 amor
994 1128 1079 1193 culpae
1093 1138 1119 1178 et
1136 1129 1182 1180 in-

649 1194 781 1258 justarum
800 1209 890 1245 rerum
900 1233 907 1260 ,
925 1197 967 1247 vel
985 1213 1061 1248 amor
1080 1200 1179 1262 carnis,

649 1265 691 1314 vel
705 1279 781 1315 amor
794 1265 916 1326 honoris,
936 1267 983 1332 qui
1000 1268 1029 1317 in
1048 1285 1181 1334 quorum-

650 1334 712 1384 dam
731 1335 857 1386 cordibus
879 1347 919 1387 est
942 1337 978 1388 ita
1000 1337 1087 1400 fortis,
1105 1341 1179 1405 quod

650 1422 699 1472 pro
713 1423 745 1457 eo
759 1409 893 1459 coelestem
914 1410 1025 1474 gloriam
1043 1412 1179 1466 deserunt.

650 1479 803 1541 Secundus,
828 1490 869 1531 est
897 1482 980 1532 timor
1007 1483 1179 1546 diffidentiae,

649 1552 697 1619 qui
717 1553 797 1604 etiarn
813 1556 914 1605 multos
933 1556 1081 1622 impugnat,
1103 1558 1181 1624 quasi

650 1625 785 1676 Dominus
811 1627 880 1677 nolit
901 1642 948 1678 eos
976 1628 1079 1691 juvare,
1107 1630 1181 1696 quod

650 1697 756 1762 possint
780 1697 816 1757 inv
837 1699 909 1748 bono
935 1714 1115 1765 perseverare,
1139 1703 1182 1753 vel

649 1768 722 1832 quod
739 1783 793 1818 non
815 1768 921 1834 possint
937 1770 1070 1822 sustinere
1084 1773 1180 1837 duram

650 1840 846 1905 poenitentiam,
862 1856 924 1891 cum
942 1851 1033 1892 tamen
1054 1843 1182 1896 deberent

649 1911 781 1962 sustinere
804 1912 940 1963 duriorem
965 1915 1092 1980 gehennae
1120 1932 1180 1983 poe-

650 1997 723 2034 nam.
738 1982 855 2043 Tertius,
874 1994 914 2034 est
934 1983 1011 2034 dolor
1024 1985 1181 2037 delectatio·

648 2052 691 2102 nis
711 2053 799 2103 carnis
814 2054 857 2104 vel
878 2055 983 2115 mundi,
1002 2056 1180 2120 dimittendae,

647 2126 690 2176 vel
704 2126 756 2189 jam
769 2125 898 2178 dimissae.
914 2127 938 2177 O
953 2129 1044 2189 miser,
1057 2130 1124 2195 quid
1138 2130 1181 2182 fa-

648 2195 701 2245 cist
728 2197 854 2247 Morbum
874 2197 953 2262 eligis
980 2214 1029 2263 pro
1057 2200 1180 2265 sanitate,

649 2276 763 2316 mortem
792 2282 840 2332 pro
868 2267 937 2329 vita,
965 2269 1103 2320 tristitiam
1131 2286 1181 2337 pro

648 2337 749 2400 laetitia,
777 2352 884 2402 poenam
914 2338 1104 2403 sempiternam
1132 2355 1181 2406 pro

648 2408 743 2474 gloria.
759 2407 889 2468 Quartus,
906 2418 946 2458 est
966 2409 1053 2474 pudor
1083 2426 1180 2476 opera·

648 2479 732 2529 tionis
755 2479 843 2539 bonae,
867 2481 976 2545 quando
998 2481 1061 2547 quis
1084 2482 1182 2548 cogitat

648 2551 721 2616 quod
748 2550 874 2600 homines
908 2550 1031 2601 derident
1063 2567 1126 2603 eum
1158 2552 1181 2604 si

649 2623 747 2674 humili
772 2632 845 2674 veste
874 2622 989 2688 incedit,
1015 2623 1038 2674 si
1064 2625 1181 2690 jejunat,

648 2703 715 2753 orat,
733 2692 926 2760 peregrinatur,
941 2703 968 2744 et
986 2693 1088 2745 similia
1108 2695 1180 2748 facit.

649 2764 776 2825 Quintus,
802 2773 843 2814 est
868 2778 930 2829 spes
951 2764 1048 2824 veniae,
1072 2766 1182 2830 quando

648 2833 712 2900 quis
735 2834 802 2885 dicit
824 2851 832 2884 ε
856 2832 929 2884 Deus
952 2845 993 2884 est
1017 2833 1181 2895 misericors,

646 2922 700 2955 nos
714 2906 747 2958 de
764 2905 835 2956 facili
852 2921 907 2955 non
920 2905 1041 2966 damnat,
1056 2915 1082 2955 et
1098 2905 1182 2955 Chri·

648 2977 728 3028 stiani
744 2993 840 3028 sumus
856 2976 974 3027 :horum
993 2992 1054 3043 spes
1065 2975 1182 3026 coniun-

647 3048 730 3108 ditur,
746 3048 811 3114 quia
826 3061 887 3113 spes
900 3057 940 3097 est
955 3057 1027 3098 certa
1042 3057 1183 3113 exspecta·

648 3119 686 3170 tio
706 3118 803 3170 futurae
825 3117 1006 3179 beatitudinis,
1022 3135 1055 3170 ex
1078 3118 1184 3171 meritis

649 3189 821 3255 proveniens3
836 3188 882 3239 sed
894 3187 938 3237 isti
955 3189 1004 3255 qui
1017 3198 1105 3239 carent
1122 3204 1183 3240 me-

649 3261 718 3322 ritis,
734 3277 789 3312 non
805 3260 912 3328 proprie
926 3270 1043 3326 sperant,
1058 3263 1103 3312 sed
1119 3277 1183 3328 prae·

649 3341 770 3382 sumunt.

682 3421 697 3471 7
723 3405 783 3454 Cun
808 3418 974 3454 Paneasruarr
998 3419 1028 3454 sa
1059 3420 1182 3455 rnnnurr

649 3477 790 3527 Douruusi
811 3503 844 3513 -
868 3476 926 3526 Hoc
947 3486 1037 3526 autem
1060 3478 1133 3543 quod
1154 3492 1183 3528 se
1271 3487 1273 3490 ’

649 3548 810 3616 palpabilem
845 3549 982 3615 praebuit,
1011 3551 1109 3601 factum
1143 3560 1184 3601 est

649 3622 818 3680 miraculose,
827 3619 893 3687 quia
907 3636 1006 3687 corpus
1022 3621 1134 3672 Domini
1147 3621 1185 3671 in·

649 3693 824 3760 corruptibile
847 3702 873 3742 et
897 3692 1060 3756 immortale,
1079 3710 1094 3745 a
1116 3709 1179 3744 cor-

648 3764 824 3832 ruptibilibus
845 3774 871 3814 et
891 3765 1052 3816 mortalibus
1068 3773 1180 3814 natura-

649 3839 711 3889 liter
734 3835 835 3904 palpari
851 3846 891 3887 est
914 3835 1092 3902 impossibile.
1114 3833 1183 3883 Miro

648 3924 712 3977 ergo
732 3918 759 3961 et
778 3905 909 3960 ineffabili
926 3908 1018 3970 modo,
1033 3904 1182 3957 secundum
