2626 4328
143 254 195 321 746
368 265 375 287 r
412 248 585 299 SECUNDAE
602 245 726 295 PARTIS
746 244 863 296 CAPUT
877 244 1003 294 LXXXII.

142 367 239 427 sitatis,
255 382 309 415 non
333 375 503 430 contemptus
524 361 672 427 religionis.

141 441 220 491 Unde
234 439 307 505 quod
323 439 424 488 dictum
447 446 486 486 est
502 435 649 484 Nicodemo
665 449 672 482 :

141 511 207 561 Nisi
223 511 283 575 quis
309 514 419 558 renatus
430 506 520 570 fuerit
542 520 579 554 ex
603 518 673 568 aqua

141 589 167 632 et
189 573 304 647 Spiritu,
329 595 380 629 non
398 584 487 642 potest
510 577 622 626 introire
647 576 673 624 in

140 670 253 720 regnunt
266 654 326 714 Dei,
338 652 376 701 sic
391 651 467 700 debet
477 649 591 714 intelligi
607 665 613 697 ε
626 647 673 714 qui

140 725 329 791 contempserit
354 722 465 773 renasci.
499 722 561 771 Noli
586 731 673 771 autem

141 811 304 863 praesumere
326 794 358 842 de
379 793 449 852 fide,
471 792 524 842 nisi
549 792 674 840 ostendas

141 885 198 918 eam
222 868 249 916 in
273 881 361 932 opere,
379 865 442 931 quia
462 864 520 914 sine
542 864 593 912 hoc
618 878 673 912 non

141 939 239 1004 poterit
256 949 281 988 te
296 939 405 987 salvare.
430 936 514 986 Fides
528 936 600 986 em'm
617 935 673 983 sine

141 1010 266 1074 operibus
284 1014 450 1069 mortuaest,
467 1007 536 1056 sicut
553 1015 579 1055 et
593 1008 674 1070 opera

141 1081 201 1131 sine
225 1080 285 1130 fide.
312 1081 389 1130 Unde
415 1077 568 1143 Gregorius
584 1093 590 1126 :
606 1078 673 1125 For-

142 1161 212 1201 tasse
246 1161 335 1200 autem
370 1150 577 1215 unusquisque,
603 1147 672 1212 apud

143 1223 318 1287 semetipsum
334 1221 403 1271 dicat
418 1237 424 1270 ε
442 1236 490 1286 ego
505 1221 557 1284 jam
573 1217 673 1268 credidi

143 1296 232 1344 salvus
248 1310 301 1343 ero.
317 1294 418 1343 Verum
433 1292 520 1352 dicit,
544 1290 565 1339 si
593 1287 673 1338 fidem

143 1366 269 1430 operibus
290 1374 386 1414 teneat.
401 1363 470 1412 Vera
492 1361 592 1411 etenim
608 1359 674 1409 fides

143 1434 192 1497 c'st,
214 1453 273 1502 quae
289 1436 317 1485 in
341 1436 392 1485 hoc
407 1435 479 1500 quod
496 1432 583 1483 verbis
600 1431 674 1490 dicit,

142 1508 265 1557 moribus
295 1521 349 1554 non
380 1503 553 1565 contradicit;
581 1512 607 1551 et
630 1501 675 1550 ille

143 1577 287 1626 salubriter
299 1574 392 1636 credit,
413 1573 460 1638 qui
484 1582 586 1622 exercet
608 1586 674 1636 ope-

142 1647 226 1696 rando
248 1645 319 1710 quod
335 1644 426 1694 credit.
445 1663 458 1689 n
483 1643 558 1692 Unde
581 1652 606 1691 et
629 1643 675 1691 la-

143 1718 248 1766 cobus:
266 1716 339 1776 Quid
350 1715 483 1781 proderit,
494 1713 604 1778 fratres
615 1713 673 1782 mei,

143 1789 167 1837 si
174 1788 259 1853 fidem
275 1787 334 1851 quis
350 1786 423 1834 dicat
433 1799 461 1834 se
471 1785 577 1848 habere,
593 1798 675 1848 opera

142 1865 230 1907 autern
243 1872 294 1906 non
308 1855 425 1905 lrabeat?
434 1855 570 1919 Numquid
575 1856 678 1921 poterit

136 1928 210 1993 fides
238 1928 346 1976 salvare
370 1925 480 1975 eumP...
504 1926 581 1974 Sicut
608 1925 676 1976 euim

145 2013 245 2063 corpus
273 1999 330 2048 sine
356 1997 454 2062 spiritu
480 2003 611 2046 mortuum
626 2004 674 2059 est,

144 2070 182 2119 ita
211 2069 285 2135 fides
319 2068 376 2118 sine
413 2067 537 2131 operibus
571 2075 676 2118 mortua

147 2147 196 2195 est.
481 2203 485 2210 ,

176 2230 193 2279 4
216 2216 297 2264 Sroun
322 2229 534 2264 rnuorcartrruus
550 2208 591 2263 'rr
613 2229 677 2262 cas-

144 2304 272 2338 ururmus
287 2304 421 2338 raomssn.
439 2317 469 2325 —
483 2287 585 2337 Deinde
596 2288 676 2337 etiam

144 2361 221 2425 signa
244 2376 292 2425 pro
319 2359 379 2410 fidei
406 2359 623 2426 augmentatione
652 2369 678 2408 et

144 2430 349 2481 confirmatione
376 2431 556 2496 promittendo
580 2431 677 2494 adjun-

145 2500 184 2566 git
200 2501 312 2565 :.Sr'gna
327 2507 413 2550 autern
426 2515 471 2551 eos
487 2502 532 2566 qui
554 2500 676 2550 credide-

144 2577 211 2632 rent,
229 2570 287 2620 ltaec
312 2578 461 2635 sequentur,
485 2581 594 2637 propter
619 2585 677 2620 me-

144 2640 227 2688 ritum
251 2639 323 2697 fidei,
349 2655 398 2689 suo
416 2650 546 2706 tempore,
560 2651 596 2691 'et
615 2656 675 2690 cum

142 2709 223 2759 fuerit
242 2724 362 2758 necesse.
383 2711 414 2758 In
436 2712 539 2761 nomine
554 2725 619 2772 meo,
636 2710 678 2759 in-

142 2793 234 2832 vocato
248 2793 274 2832 et
288 2783 429 2842 honorato,
445 2783 471 2830 id
486 2793 525 2831 est
536 2782 564 2830 in
579 2783 678 2831 virtute

142 2854 264 2904 nominis
290 2853 362 2912 mei,
389 2853 521 2902 daemonia
551 2851 676 2918 ejicient,

142 2925 215 2990 quod
244 2925 276 2973 de
302 2923 395 2972 multis
417 2923 551 2988 legimus,
577 2923 679 2988 quibus

145 2995 280 3045 immundi
301 2994 413 3059 spiritus
427 2994 606 3058 obediebant;
624 2995 677 3044 lin-

144 3066 209 3131 guis
229 3067 369 3131 loquentur
392 3066 477 3125 nouis,
504 3066 554 3114 hoc
578 3064 677 3114 factum

145 3150 186 3189 est
201 3141 230 3188 in
243 3140 286 3188 die
302 3141 468 3189 Pentecostes
490 3139 517 3188 in
532 3138 677 3204 Apostolis,

146 3223 172 3262 et
186 3212 246 3262 aliis
270 3213 458 3275 credentibus,
476 3219 612 3276 serpentes
625 3212 678 3262 tol-

148 3285 208 3344 lent,
222 3286 248 3334 id
262 3297 301 3335 est
327 3286 446 3335 auferent
460 3287 499 3335 vel
514 3286 677 3350 dispergent,

147 3360 219 3422 quod
234 3360 266 3408 de
279 3360 408 3424 Apostolo
421 3358 501 3408 Paulo
515 3368 584 3423 patet
596 3375 603 3422 ;
616 3364 642 3410 et
655 3359 680 3408 si

146 3430 315 3493 mortiferum
337 3430 402 3495 quid
430 3430 550 3492 biberint,
570 3445 620 3480 non
640 3431 679 3480 eis

146 3499 257 3560 nocebit,
276 3501 348 3564 quod
372 3500 404 3548 de
426 3500 528 3549 Joanne
556 3501 679 3566 Evange-

145 3567 207 3616 lista
234 3568 332 3619 factum
359 3570 437 3635 fuit;
472 3584 555 3635 super
585 3584 679 3636 aegros

146 3653 241 3689 martiis
254 3640 396 3705 imponent,
413 3648 439 3692 et
459 3642 521 3691 bene
538 3641 677 3702 habebunt,

145 3712 217 3776 quod
243 3712 324 3761 etiam
340 3714 417 3764 multi
434 3713 527 3764 fideles
548 3713 678 3764 fecerunt.

147 3783 248 3834 Omnia
263 3783 335 3833 enim
357 3786 413 3835 haec
428 3786 454 3835 in
474 3786 610 3851 primitiva
624 3785 678 3837 Ec-

131 3855 250 3916 clesia,
279 3869 333 3903 non
366 3856 455 3906 solum
485 3858 630 3922 Apostolos
654 3865 679 3906 et

732 361 800 410 alios
818 360 941 425 majores,
958 357 1099 408 sedetiam
1117 356 1277 422 frequenter

733 431 801 480 alios
832 431 968 495 simplices
1002 429 1139 478 credentes
1173 428 1273 479 fecisse

732 506 867 571 legimus,
892 521 940 570 pro
967 502 1123 553 infidelibus
1151 518 1272 553 conver-

733 579 831 638 tendis,
849 589 875 628 et
886 588 916 627 ut
929 577 994 627 fides
1013 577 1182 626 credentium
1212 593 1272 627 cre-

733 659 825 708 sceret,
848 664 876 698 ac
901 648 1047 703 nutriretur
1070 659 1095 697 et
1117 647 1273 699 firmaretur

734 719 892 779 miraculis,
916 733 970 784 qua
1000 733 1072 766 nunc
1100 717 1220 768 radicata
1247 712 1273 768 e't

733 804 817 852 aucta,
834 809 889 842 non
913 793 951 842 sic
973 791 1153 854 necessarium
1177 801 1220 842 est
1242 808 1271 842 ea

733 863 800 920 fieri,
814 863 882 913 sicut
897 863 996 928 passim
1009 872 1073 911 tunc
1089 861 1191 912 fiebant
1206 863 1269 929 quia

733 935 831 986 sufficit
854 951 883 986 ea
909 951 968 1001 quae
988 935 1054 984 facta
1078 944 1142 984 sunt
1163 937 1271 985 solum-

735 1007 816 1056 modo
834 1007 921 1071 legere
936 1017 962 1055 et
978 1005 1080 1068 audire,
1093 1021 1122 1054 ac
1137 1005 1178 1054 eis
1191 1005 1271 1056 fidem

733 1079 869 1128 adhibere.
885 1079 912 1128 Si
935 1094 998 1143 ergo
1014 1087 1173 1142 quaeratur,
1190 1093 1271 1144 quare

734 1148 921 1214 praedicatores
936 1159 962 1198 et
973 1149 1064 1197 fideles
1075 1148 1202 1197 moderni
1211 1148 1271 1198 talia

734 1222 811 1287 signa
839 1237 891 1270 non
916 1221 1036 1270 faciunt!
1061 1221 1268 1285 Respondetur3

734 1291 883 1342 secundum
905 1291 1090 1356 Gregorium,
1118 1291 1185 1356 quia
1209 1298 1292 1342 cum·

734 1364 799 1414 fides
814 1363 944 1413 catholica
969 1362 1005 1410 sit
1024 1361 1191 1412 sufficienter
1206 1378 1268 1429 pro-

734 1435 794 1484 bata
818 1450 865 1499 per
880 1434 1008 1483 miracula
1023 1432 1126 1482 Christi
1147 1443 1174 1482 et
1197 1435 1269 1499 Apo-

733 1508 866 1558 stolorum
890 1506 961 1570 ejus,
990 1521 1044 1554 non
1071 1515 1179 1569 oportet
1205 1507 1271 1556 ultra

734 1579 804 1627 hanc
839 1576 1026 1642 probationem
1061 1576 1189 1626 reiterare
1215 1592 1271 1626 arn-

735 1649 821 1713 plius;
851 1648 921 1697 sicut
957 1646 1035 1695 etiam
1066 1646 1177 1696 arbusta
1212 1663 1271 1697 cum

734 1719 823 1793 primo
850 1720 1013 1784 plantantur,
1036 1717 1192 1782 frequenter
1213 1717 1271 1768 irri-

735 1802 832 1858 gantur
860 1804 1003 1855 quousque
1032 1788 1207 1839 convaluisse
1227 1788 1270 1839 vi-

735 1864 857 1920 deantur,
876 1877 937 1910 cum
960 1869 1048 1908 autem
1071 1858 1100 1907 in
1115 1869 1188 1908 terra
1202 1859 1271 1911 radi-

736 1947 793 1981 cem
813 1930 944 1992 ,fixerint,
973 1929 1035 1977 talia
1063 1929 1270 1979 subtrahuntur.

734 2003 930 2052 Verumtamen
945 2001 1016 2048 Deus
1032 1999 1059 2048 in
1075 2000 1194 2063 posteris
1206 2011 1270 2050 tem-

736 2072 848 2138 poribus
863 2072 944 2121 etiam
959 2070 1043 2119 multa
1059 2069 1191 2119 miracula
1214 2069 1271 2119 fecit

736 2145 768 2193 ad
781 2143 993 2193 consolationem
1010 2140 1141 2197 fidelium,
1155 2149 1187 2189 ut
1201 2149 1269 2206 patet

736 2217 769 2266 de
783 2227 904 2281 tempore
921 2215 1070 2279 Martyrum
1083 2223 1109 2262 et
1122 2213 1271 2284 Confessum

737 2305 807 2338 rum.
823 2288 907 2337 Fiunt
922 2297 1019 2346 tamen,
1033 2285 1186 2334 secundum
1201 2302 1271 2336 eum·

736 2360 797 2409 dem
814 2357 986 2422 Gregoriunr,
1008 2355 1187 2421 spiritualiter
1200 2371 1269 2406 nunc

737 2433 765 2482 in
780 2431 908 2490 Ecclesia,
923 2445 984 2495 quae
1005 2429 1071 2479 olim
1095 2430 1269 2494 corporaliter

736 2503 835 2554 fiebant
850 2502 879 2551 in
903 2517 941 2551 ea.
962 2501 1029 2549 Nam
1051 2501 1202 2550 sacerdotes
1221 2516 1269 2566 po-

737 2575 832 2640 pulum
853 2573 1040 2629 exorcizando,
1057 2571 1229 2635 baptizando,
1245 2580 1269 2621 et

724 2641 768 2696 'ad
785 2645 971 2711 poenitentiam
998 2643 1117 2693 vocando
1139 2643 1272 2694 doemonia

736 2719 862 2783 ejiciunt3
889 2719 1008 2782 dumque
1032 2715 1163 2764 secularia
1194 2715 1272 2766 verba

736 2788 919 2852 relinquentes
928 2825 934 2849 ‚
964 2787 1026 2836 fidei
1053 2797 1077 2835 et
1105 2801 1182 2835 novae
1208 2785 1272 2851 legis

737 2858 865 2922 mysteria
890 2857 1032 2916 insonant,
1062 2856 1169 2921 linguis
1195 2856 1271 2906 novis

737 2926 889 2992 loquuntur.
920 2927 974 2986 Qui
1005 2927 1070 2975 dum
1101 2925 1184 2975 bonis
1217 2923 1272 2975 suis

736 2998 970 3050 exhortationibus
997 2999 1062 3048 vitia
1090 3008 1116 3047 et
1140 2999 1273 3048 malitiam

736 3071 835 3120 alienas
849 3070 976 3119 cordibus
990 3069 1274 3134 auferuntserpentes

738 3144 841 3194 tollunt.
853 3143 889 3192 Et
906 3144 971 3192 dum
987 3142 1176 3192 haereticorum
1191 3142 1274 3191 libros

737 3217 837 3279 legunt,
854 3215 895 3264 vel
919 3213 1058 3263 mortifera
1074 3214 1102 3262 in
1123 3212 1274 3263 confessio-

737 3286 817 3335 nibus
832 3301 879 3335 seu
900 3283 1037 3350 pestiferas
1059 3282 1202 3333 suasiones
1226 3298 1275 3332 au-

737 3356 825 3416 diunt,
841 3356 887 3404 sed
909 3365 997 3404 tamen
1018 3369 1072 3402 non
1087 3353 1273 3408 consentiunt,

738 3440 764 3479 et
798 3429 830 3478 ad
868 3443 948 3493 prava
984 3442 1039 3477 non
1068 3426 1275 3491 pertrahuntur,

738 3499 906 3564 mortiferum
930 3509 970 3548 est
992 3497 1064 3564 quod
1093 3498 1203 3559 bibunt,
1229 3496 1276 3546 sed

738 3571 778 3621 eis
801 3584 851 3621 non
876 3569 986 3620 nocebit.
1004 3569 1057 3628 Qui
1077 3568 1186 3633 quoties
1210 3583 1275 3634 pro·

738 3644 829 3694 ximus
841 3643 869 3692 in
883 3643 935 3692 fide
955 3645 996 3692 vel
1012 3643 1083 3692 bono
1105 3657 1188 3706 opere
1204 3640 1276 3690 infir-

739 3717 807 3767 mari
821 3717 1001 3782 conspiciunt,
1017 3717 1082 3766 dum
1095 3715 1135 3764 eis
1150 3725 1209 3765 tota
1221 3713 1276 3764 vir-

739 3799 797 3838 tute
829 3798 993 3839 concurrunt
1017 3796 1043 3838 et
1067 3788 1193 3853 exemplo
1220 3797 1275 3836 sue

741 3859 822 3910 bonae
850 3858 1014 3924 operationis
1051 3858 1162 3909 illorum
1191 3856 1275 3908 vitam
