2626 4328
105 263 157 315 858
221 263 327 315 INDEX
350 262 479 315 EVANG.
497 260 584 313 DOM.
601 261 647 314 ET
665 262 856 316 FESTORUM
869 264 1000 316 TOTIUS
1020 265 1118 316 ANNI.

134 372 291 431 '28Juu1‘i2
318 379 428 447 Vigiliae
452 379 506 429 SS.
528 378 608 428 Petri

159 452 161 456 ’
195 457 223 502 et
236 451 330 514 Pauli,
342 450 545 518 Apostolorum.

105 538 201 588 Simon
214 537 336 598 loannis,
347 536 440 602 diligis
454 550 497 585 me
511 537 572 601 plus
583 534 637 594 his,

133 618 181 659 etc.
195 609 277 660 Joan.
292 623 336 667 21,
350 623 376 673 p.
392 622 417 667 2,
429 621 452 656 c.
464 620 508 672 79.

101 726 135 791 29
147 724 225 774 Junii
239 741 248 774 .·
262 723 317 773 SS.
329 721 409 773 Petri
419 727 446 772 ei
459 720 553 784 Pauli,
565 722 634 786 Apo,

131 795 261 846 stolorum
273 811 283 856 ,·
308 799 334 844 et
360 793 387 842 in
415 792 536 843 omnibus
561 791 626 842 aliis

125 864 210 930 sestis
253 862 341 913 sancti
372 861 463 924 Petri,
496 860 602 912 scilicet

133 934 165 986 18
189 934 323 985 Ianuarii
339 951 348 984 .·
362 932 509 983 Cathedrae
518 932 628 994 Romae,-

126 1022 160 1057 22
177 1006 326 1057 Februarii
343 1021 352 1055 .·
368 1003 513 1054 Cathedrce
532 1003 633 1054 Antio-

126 1076 210 1140 chice,·
224 1082 250 1127 et
267 1093 277 1128 1
294 1075 416 1142 Augusti
429 1090 439 1125 .·
453 1074 484 1126 S.
497 1075 576 1126 Petri
596 1074 634 1125 ad

126 1150 242 1202 vincula.

95 1238 177 1289 Venit
188 1239 265 1289 iesus
276 1239 304 1289 in
318 1247 406 1304 partes
424 1239 550 1290 Caesareae
565 1235 632 1285 Phi·
673 1266 678 1281 .

127 1311 204 1377 lippi,
222 1322 270 1363 etc.
282 1310 383 1372 Matth.
400 1309 441 1372 16,
454 1327 481 1377 p.
498 1325 523 1370 2,
536 1324 559 1359 c.
574 1324 600 1384 ¹1.

138 1429 154 1480 6
169 1431 240 1482 Julii
254 1449 263 1481 .·
277 1432 386 1482 Octauae
398 1431 452 1482 SS.
467 1429 547 1480 Petri
561 1435 587 1481 et

207 1493 299 1557 Pauli,
315 1494 516 1559 Apostolorum.

96 1590 236 1656 Compulit
259 1589 336 1639 iesus
363 1587 510 1654 discipulos
535 1600 630 1636 aseen-

125 1660 188 1710 dere
201 1659 230 1709 in
244 1658 404 1796 11ἒζ111111111,
417 1667 466 1708 ete.
482 1654 567 1707 Matt.
588 1670 629 1720 14,

130 1745 156 1795 p.
176 1745 197 1790 1,
216 1744 239 1779 c.
293 1765 300 1780 .

155 1845 169 1870 *
185 1843 326 1893 Dominica
338 1842 356 1893 Ι
363 1847 427 1906 post
439 1841 568 1891 Octavam

95 1917 148 1967 SS.
160 1915 239 1966 Petri
247 1921 272 1965 et
285 1915 367 1966 Pauli
381 1933 389 1964 :
401 1913 631 1964 Commemoratio-

127 2001 133 2011 ·
155 1989 197 2039 nis
211 1988 326 2038 omnium
334 1989 389 2066 SS.
400 1988 569 2068 Sumngrum

271 2057 446 2124 Pontificum.

93 2147 174 2200 Venit
190 2148 267 2198 iesus
290 2148 318 2198 in
335 2158 422 2214 partes
434 2147 557 2199 Caesareae
569 2146 628 2197 Phi·

124 2220 201 2286 lippi,
215 2230 264 2270 etc.
281 2219 364 2271 Matt.
384 2217 426 2281 16,
441 2234 468 2285 p.
485 2234 511 2280 2,
531 2234 553 2270 c.
573 2235 594 2270 1.

96 2337 108 2361 *
118 2335 259 2389 Dominica
274 2335 306 2386 II
317 2335 387 2386 Julii
401 2353 409 2386 :
428 2336 459 2387 S.
475 2334 627 2387 Pulcherioe

183 2398 372 2465 Imperatrict's
399 2397 533 2463 Virginis.

94 2479 157 2529 Haec
175 2489 216 2529 est
236 2488 326 2529 autem
342 2479 398 2529 vita
411 2487 524 2538 aeterna,
537 2487 567 2527 ut
579 2493 627 2528 co-

124 2558 269 2668 gntgscant,
295 2557 345 2598 etc.
368 2548 450 2599 Joan.
478 2563 524 2612 17,
551 2563 577 2613 p.
599 2563 625 2608 2,

124 2632 147 2667 c.
184 2633 209 2682 7.

137 2734 150 2759 *
165 2748 201 2798 24
218 2732 360 2783 Octobris:
373 2733 404 2783 S.
419 2732 578 2798 Raphaelis,

271 2804 448 2871 Archangeli.
567 2827 570 2834 ·

92 2885 156 2936 Erat
178 2885 237 2936 dies
263 2884 347 2935 festus
369 2884 541 2946 ludaeorum,
572 2894 621 2936 etc.

122 2960 203 3009 Joan.
217 2957 242 3018 5,
255 2973 281 3023 p.
301 2973 323 3017 1,
338 2973 361 3008 c.
376 2957 418 3022 78.

91 3074 104 3099 *
119 3089 151 3123 22
166 3071 288 3139 Augusti
303 3089 311 3122 ε
324 3073 355 3124 S.
370 3074 515 3136 Samuelis,
528 3074 624 3126 Sacer·

214 3142 290 3194 dotis
301 3148 326 3192 et
341 3143 494 3210 Propheta.

91 3233 180 3282 Homo
211 3233 322 3299 quidam
354 3232 454 3284 nobilis
473 3233 549 3294 abiit,
572 3244 620 3284 etc.

120 3304 186 3353 Luc.
206 3319 246 3371 19,
261 3319 287 3369 p.
301 3319 326 3364 2,
343 3318 366 3352 c.
380 3319 426 3370 49.

93 3431 102 3465 1
120 3416 302 3468 Novembris:
316 3418 439 3468 Omnium
449 3419 620 3470 Sanctorum.

732 393 795 430 men
811 379 931 441 Simeon,
948 390 997 432 etc.
1020 381 1086 431 Luc.
1110 395 1136 440 2,
1161 396 1188 447 p.
1205 397 1227 436 1,

730 466 753 501 e.
771 466 812 501 12.

748 563 778 615 13
787 565 947 616 Novembris
959 582 968 615 .·
979 565 1010 615 S.
1023 564 1161 615 Stanislai
1168 567 1181 592 *

799 637 923 700 Kartha,
939 635 1125 702 Consessoris.

697 727 786 779 Oblati
806 738 871 780 sunt
886 729 948 778 lesu
961 727 1073 793 parvuli,
1083 737 1115 776 ut
1130 741 1226 777 manus

726 798 775 849 eis*
790 798 948 865 imponeret,
976 807 1025 848 ete.
1038 796 1155 850 ¹Matth.
1186 813 1224 856 to.

726 884 752 934 p.
769 884 795 932 2,
812 884 835 919 e.
854 884 895 920 10.

740 982 775 1034 26
795 984 967 1035 Decembris:
984 984 1017 1034 S.
1036 984 1178 1050 Stephani,

720 1056 936 1123 protomartyris
945 1072 955 1118 ,·
971 1062 997 1106 et
1018 1054 1032 1106 3
1048 1057 1171 1122 Augusti
1185 1071 1194 1107 .·

799 1127 962 1177 inventionis
974 1126 1116 1193 Ejusdem.

693 1214 758 1265 Ecce
776 1213 854 1264 mitto
881 1214 977 1263 advos
998 1212 1157 1278 Prophetas,
1176 1223 1221 1264 etc.

722 1288 824 1340 Matth.
842 1283 886 1352 23,
899 1303 925 1353 p.
941 1303 966 1350 2,
984 1303 1008 1337 e.
1024 1285 1069 1337 38.

732 1414 734 1418 ’
754 1403 943 1469 oSeptembris
957 1421 965 1454 ε
978 1403 1011 1454 S.
1025 1403 1160 1468 Stephani

722 1474 878 1538 Hungaria
897 1472 982 1538 regis,
1003 1473 1189 1539 Confessoris.

691 1575 780 1625 Homo
804 1574 915 1641 quidam
937 1573 1039 1623 nobilis
1069 1573 1147 1635 abiit,
1172 1582 1218 1623 etc.

721 1648 789 1698 Luc.
807 1663 847 1716 19,
862 1663 889 1713 p.
906 1662 932 1706 2,
946 1662 969 1697 c.
981 1661 1025 1714 49.

725 1762 756 1813 18
767 1762 837 1815 Julii
847 1780 856 1813 ε
869 1764 899 1815 S.
912 1762 1119 1830 Symphorosae,
1133 1775 1190 1812 cum

767 1842 865 1902 septem
871 1835 943 1901 filiis
952 1834 1144 1901 Martyribus.

689 1925 824 1977 Attendite
837 1925 993 1975 afermento
1008 1923 1216 1980 Pharisaeorum.

720 2008 770 2049 etc.
785 1999 850 2049 Luc.
869 2013 910 2058 12,
926 2013 951 2063 p.
966 2013 989 2058 1,
1002 2012 1025 2047 c.
1038 1995 1073 2060 54
1086 2005 1113 2046 et
1127 2011 1171 2064 92.

750 2127 781 2163 21
795 2111 949 2164 oecanlrts
965 2111 1016 2162 :s
1036 2084 1157 2174 Thomu,

885 2173 1018 2240 Apostoli.

688 2265 818 2325 Thomas,
837 2281 908 2315 unus
929 2281 960 2316 ex
985 2265 1146 2326 Duodecim,
1171 2266 1215 2333 qui

717 2335 815 2385 dicitur
836 2334 984 2400 Didymus,
1006 2345 1055 2385 ete.
1075 2335 1158 2388 Joan.
1174 2351 1215 2396 20,

718 2420 744 2470 p.
760 2418 786 2463 2,
796 2419 818 2454 e.
833 2419 867 2468 77
881 2413 907 2453 et
917 2402 960 2468 78.

742 2518 776 2586 39
792 2518 969 2570 Decembris:
986 2519 1018 2569 S.
1038 2518 1160 2583 Thomae,

779 2589 912 2656 Episcopi
929 2595 954 2638 et
974 2588 1130 2658 Martyris.

685 2691 744 2757 Ego
758 2704 819 2740 sum
835 2689 926 2738 Pastor
944 2688 1042 2748 bonus,
1066 2698 1119 2740 etc.
1135 2690 1213 2740 Joan.

690 2763 692 2767 ’
720 2777 761 2823 1ο,
776 2777 804 2827 p.
822 2775 882 2821 1,c.
896 2758 940 2811 86.

732 2883 829 2935 Prima
842 2882 885 2934 die
898 2882 983 2933 libera
993 2886 1058 2947 post
1073 2875 1172 2933 Nonas

603 3004 604 3008 ,
697 2953 827 3006 Januarii
853 2971 862 3004 .·
891 2954 925 3004 S.
949 2951 1014 3014 Titi,
1034 2950 1155 3019 Epicopi
1168 2957 1194 3003 et

853 3023 1036 3090 Confessoris.

683 3145 840 3212 Designavit
855 3147 932 3197 iesus
943 3155 969 3195 et
982 3145 1050 3195 alios
1060 3146 1210 3213 septuagip·

713 3229 740 3269 ta
754 3218 831 3278 duos,
846 3226 895 3267 etc.
910 3217 975 3267 Luc.
994 3231 1036 3275 10,
1051 3232 1078 3282 p.
1099 3233 1122 3278 1,
1137 3232 1161 3268 c.
1172 3214 1210 3268 58.

717 3356 748 3408 19
762 3340 851 3390 Julii:
864 3340 896 3390 S.
912 3339 1043 3389 Vincentii
1056 3354 1075 3389 a
1084 3340 1182 3401 Paulo,

851 3409 1034 3477 Confessoris.

88 3509 189 3560 Videns
219 3512 298 3563 lesus
327 3512 420 3568 turbas
447 3512 566 3562 ascendit
591 3511 620 3561 in
665 3519 931 3593 '·1)esignavstjesus‚
954 3535 1005 3577 etc,
1022 3528 1062 3588 (up
1081 3530 1195 3594 supra),-

120 3589 248 3642 montem,
259 3591 308 3632 ete.
319 3580 419 3632 Matth.
431 3579 456 3645 5,
466 3597 493 3646 p.
509 3598 531 3642 1,
542 3596 564 3632 c.
576 3579 618 3632 33.

134 3697 185 3745 *11
206 3696 352 3746 Februarii
363 3714 371 3748 :
386 3696 417 3746 S.
428 3696 570 3757 Simeonis,

271 3768 431 3834 Prophetae.

90 3851 177 3902 Homo
201 3859 256 3902 erat
276 3850 304 3900 in
322 3849 479 3912 Jerusalem,
500 3849 542 3900 cui
563 3829 617 3898 iio·

716 3598 763 3648 Vel
779 3616 788 3648 .·

678 3667 814 3718 Circuibat
837 3668 914 3719 lesus
937 3681 1035 3717 omnes
1052 3666 1206 3729 civitates*

710 3746 760 3788 etc.
774 3736 875 3788 Matth.
891 3754 917 3804 7,
933 3752 959 3804 p.
977 3753 1000 3797 1,
1011 3753 1035 3787 c.
1048 3735 1092 3788 50.

711 3846 725 3896 5
746 3827 928 3901 Novembris.-
943 3847 975 3899 S.
990 3847 1149 3910 Zacharia,
1166 3848 1177 3872 *
1257 3883 1260 3915 ,
