2626 4328
151 277 200 327 DE
213 275 378 328 SECUNDO
401 277 668 338 COMPLETORIO,
683 277 719 328 ΙΝ
738 277 907 330 PASSIONE
918 278 1054 330 DOMINI.
1125 278 1180 347 629

58 395 98 446 tio
121 392 239 444 divitum
254 393 463 454 condemnatur,
479 393 527 460 qui
544 408 594 443 nec

57 464 161 515 mortui
184 474 213 514 et
235 463 266 514 in
283 464 398 514 tumulis
420 475 535 530 possunt
548 479 594 514 ca-

56 551 117 587 rere
138 535 253 586 divitiis.
276 537 337 596 Sed,
352 546 383 586 ut
397 535 436 586 ait
457 536 594 602 Augusti-

57 620 109 656 nus
135 621 145 653 .·
176 607 307 671 «Pompa
337 605 459 666 funeris,
487 605 595 672 agmina

57 677 260 743 exsequiarum,
272 688 431 743 sumptuosa
455 677 595 744 diligentia

57 756 215 821 sepultura,
229 766 471 807 monumentorum
484 757 595 821 opulen-

57 839 84 877 ta
104 827 284 890 constructio,
304 828 428 878 vivorum
448 839 512 879 sunt
526 843 594 894 qua-

57 899 205 964 liacunque
244 898 358 958 solatia,
385 915 439 949 non
462 898 594 964 adiutoria

59 980 234 1021 mortuorum
257 986 264 1018 :
284 989 298 1018 n
313 971 369 1021 haec
385 972 566 1037 Augustinus

89 1039 250 1091 3Marna1a
275 1056 394 1092 smnorus
421 1058 454 1092 ετ
473 1057 594 1092 aurosus

58 1127 256 1170 nmraansnuu,
273 1127 336 1168 Quin
353 1112 473 1163 nocens?
486 1141 516 1151 -
532 1113 593 1162 Non

58 1182 111 1233 fuit
131 1182 164 1232 in
193 1184 331 1246 sepultura
355 1184 467 1234 Domini
488 1199 593 1248 aurum,

60 1272 118 1306 non
140 1270 278 1321 gemmae,
309 1272 364 1307 non
392 1258 524 1321 sericum3
547 1257 594 1308 sed

58 1325 206 1376 linteamen
230 1341 329 1391 purum
350 1339 376 1378 et
389 1329 516 1378 nitidum.
531 1327 596 1379 Sin-

60 1399 116 1449 don
136 1398 211 1449 enim
231 1414 345 1464 pannus,
357 1417 404 1451 seu
419 1402 471 1451 tela
490 1401 524 1451 de
539 1401 595 1450 lino

62 1480 121 1531 est3
148 1471 182 1519 de
203 1486 258 1536 quo
285 1471 366 1521 etiarn
395 1473 594 1534 erantinstitae‚

61 1538 165 1606 quibus
181 1555 279 1603 corpus
293 1551 332 1589 est
345 1542 500 1607 alliga-tum
515 1554 541 1594 et
555 1543 596 1594 si-

60 1610 165 1662 militer
176 1610 271 1676 capitis
283 1613 440 1683 sudarium,
450 1615 537 1676 Unde,
552 1632 596 1668 se-

60 1681 183 1731 cundum
208 1681 422 1750 Hieronymum,
451 1702 597 1751 possumus

61 1751 216 1817 intelligere
243 1753 317 1818 quod
344 1770 441 1820 corpus
474 1757 596 1819 Domini,

62 1837 121 1872 non
144 1837 221 1881 auro,
249 1840 305 1874 non
320 1826 445 1890 gemmis,
460 1845 514 1878 non
527 1829 597 1879 seri-

62 1907 110 1952 co,
126 1893 173 1942 sed
187 1893 344 1944 linteamine
366 1913 433 1962 puro
448 1900 598 1950 obvolven-

61 1966 131 2016 dum
146 1965 193 2016 sit.
210 1967 285 2017 Unde
300 1969 382 2018 etiam
407 1971 472 2036 quia
485 1972 514 2021 in
527 1972 598 2023 sim-

62 2035 128 2101 plici
150 2036 267 2086 sindone
280 2036 433 2090 involutum
448 2053 488 2093 est
501 2057 598 2109 corpus

61 2107 145 2170 Jesu;
171 2106 234 2157 ideo
263 2109 399 2174 Sylvester
426 2113 494 2178 Papa
517 2113 598 2164 insti-

63 2178 125 2238 tuit,
150 2187 181 2228 ut
195 2179 357 2230 sacrificium
385 2184 485 2246 altaris,
499 2176 554 2235 no'n
568 2186 597 2235 in

63 2265 156 2316 panno
179 2253 274 2316 serico,
295 2253 336 2302 vel
359 2254 454 2313 tincto,
476 2259 519 2307 vel
533 2272 599 2308 auro

64 2331 157 2382 texto,
182 2324 229 2373 sed
250 2340 318 2389 puro
343 2326 426 2378 linteo
446 2338 553 2379 terreno
574 2340 601 2379 et

63 2393 183 2443 sindone
199 2394 300 2445 munda
313 2409 483 2449 consecretur
492 2410 518 2450 et
529 2400 600 2450 cele-

65 2463 170 2514 bretur.
184 2481 199 2509 a
214 2464 257 2514 Ex
273 2480 305 2515 eo
329 2477 429 2528 autem,
451 2469 489 2519 ait
499 2470 601 2520 Petrus

67 2535 181 2598 Castior,
209 2539 283 2602 quod
310 2539 424 2600 dicitur,
446 2541 473 2591 in
491 2543 601 2593 sindone

67 2607 170 2656 made
183 2616 210 2656 et
224 2607 250 2656 in
268 2617 433 2661 monumento
451 2626 526 2675 nove,
544 2614 602 2662 col-

65 2676 117 2742 ligi
137 2688 228 2743 potest
251 2680 334 2744 pallas
360 2682 460 2742 altaris,
475 2683 601 2734 dalmati-

65 2763 123 2808 cas,
146 2751 260 2809 casulas,
280 2752 363 2811 albas,
388 2753 458 2804 sicut
477 2771 527 2806 nec
541 2756 602 2806 sin-

64 2822 180 2880 donem,
197 2821 255 2873 fieri
270 2824 366 2875 debere
378 2827 411 2877 de
428 2828 516 2893 aliqua
530 2839 603 2879 veste

66 2891 147 2957 prius
162 2892 190 2942 in
202 2909 360 2946 communes
374 2913 439 2948 usus
455 2911 601 2965 assumpta,

68 2972 181 3028 propter
214 2966 387 3016 reverentiam
417 2969 485 3019 tanti
515 2985 603 3022 sacra-

69 3034 157 3084 menti
166 3049 174 3096 ;
195 3036 240 3084 sed
257 3051 289 3086 ex
304 3053 381 3097 nova,
396 3039 472 3103 prius
487 3055 541 3090 non
557 3041 604 3091 in-

67 3105 144 3167 duta,
163 3121 223 3171 quae
238 3107 357 3158 Domino
371 3121 533 3172 consecrata,
546 3128 604 3163 non

67 3174 152 3226 debet
171 3177 205 3225 ad
226 3192 385 3230 communes
401 3197 467 3231 usus
489 3184 604 3234 assumi.

68 3245 126 3297 Sed
142 3261 235 3297 nonne
258 3264 355 3315 corpus
378 3252 480 3302 Christi
496 3255 606 3318 ponitur

68 3333 146 3384 soepe
166 3319 195 3370 in
220 3323 308 3372 aureis
337 3325 467 3390 scyphis?
496 3328 605 3387 Ita,sed

68 3389 257 3442 mediantibus
283 3393 422 3458 pixidibus
452 3397 534 3449 novis
558 3415 567 3448 ι
590 3417 605 3447 n

70 3461 133 3513 base
147 3461 250 3513 Petrus
263 3465 377 3516 Cantm.

102 3534 334 3598 4ldaonussar1s
345 3552 495 3589 ssrumuso
508 3557 608 3593 anros-

69 3619 165 3656 πωι.
181 3608 335 3672 -Sepulto
363 3618 453 3660 autem
478 3613 606 3674 Domino,

68 3675 159 3726 Mater
174 3677 235 3740 eius
253 3678 331 3728 omni
345 3680 425 3730 conde
440 3683 609 3747 arnplexaba·

71 3758 121 3799 tur
129 3749 303 3813 sepulchrum
315 3760 405 3817 etqua
416 3763 520 3818 poterat
532 3771 608 3816 voce,

71 3820 253 3874 hnedioebat
271 3824 373 3875 Filium
397 3841 487 3878 suum.
512 3829 555 3878 Ad
569 3843 610 3880 se·

71 3893 331 3960 palebnnnsedem
345 3896 441 3951 innixa
454 3898 496 3950 illi
512 3915 610 3952 manus

646 393 817 459 extendebat3
842 405 869 445 et
895 395 1010 460 desuper
1030 395 1098 446 illud
1120 413 1182 449 exo-

646 465 773 526 sculans,
797 481 890 516 amaro
917 466 1001 517 nimis
1029 466 1178 521 Dominum

646 535 768 600 singultu
793 536 957 601 deplorabat.
972 537 1089 587 Accessit
1101 540 1178 591 ioan»

647 623 704 671 nes,
723 617 750 657 et
762 608 856 674 lugens
870 609 929 675 ipse
943 610 1061 660 multum
1081 612 1180 665 levavit

647 697 706 732 eam
728 681 879 747 lugentem
895 692 921 733 et
942 695 1070 735 exeuntes
1086 702 1180 738 omnes

647 754 680 804 de
700 763 890 814 monumenm,
907 757 1084 808 advolverunt
1106 759 1181 825 lapi-

646 825 714 886 dem,
728 824 804 890 quasi
819 840 867 890 pro
883 827 1005 878 clausura
1024 829 1063 879 ad
1082 832 1179 882 ostium
1237 870 1240 875 .

645 897 814 962 monumenti,
840 912 874 946 ne
896 898 954 962 ipse
988 900 1062 952 locus
1084 903 1180 954 bestiis

646 977 716 1017 esset
738 968 854 1033 pervius,
879 968 995 1033 lapidem
1015 972 1100 1022 silicet
1116 989 1177 1024 ma-

646 1054 739 1106 gnum,
754 1038 800 1104 qui
819 1054 875 1088 non
901 1051 991 1105 posset
1014 1044 1047 1092 de
1065 1044 1136 1095 facili
1150 1056 1179 1096 et

646 1109 705 1160 sine
732 1109 881 1160 multorum
907 1111 1008 1161 auxilio
1043 1117 1177 1180 amoveri;

646 1197 681 1232 ne
703 1181 805 1247 aliquis
829 1182 940 1233 veniens
967 1196 1059 1248 posset
1087 1204 1180 1252 rapere

647 1252 750 1303 Christi
784 1268 891 1318 corpus,
930 1253 995 1320 quia
1038 1272 1084 1320 per
1109 1259 1178 1309 illud

647 1323 748 1372 ostium
760 1331 817 1373 erat
838 1324 871 1373 ad
889 1323 1063 1388 sepulchrum
1081 1327 1180 1393 ingres

647 1409 703 1444 sus.
718 1393 749 1442 ln
775 1410 829 1459 quo
844 1405 916 1460 patet
929 1395 1015 1445 virtus
1032 1397 1181 1464 Resurgen-

647 1465 692 1526 tis,
707 1481 789 1532 quern
807 1483 862 1516 non
885 1467 974 1533 potuit
988 1469 1104 1520 retinere
1120 1487 1182 1522 ma-

649 1553 719 1603 gnus
747 1538 829 1603 lapis,
858 1549 884 1589 et
907 1539 1013 1590 tollitur
1040 1543 1131 1594 omnis
1152 1544 1181 1594 in

648 1610 857 1660 Resurrectione
875 1611 933 1675 ejus
958 1611 1096 1677 suspicio,
1119 1615 1183 1680 quia

649 1696 699 1731 nec
712 1682 746 1731 ab
758 1681 850 1747 aliquo
865 1680 924 1731 fieri
939 1683 1026 1748 potuit
1043 1684 1181 1746 violentia,

649 1761 695 1803 aut
720 1752 833 1813 furtum,
857 1762 904 1803 aut
926 1753 1009 1806 fictio.
1029 1755 1108 1806 Unde
1122 1759 1184 1807 Au-

650 1827 777 1890 guatinas
791 1843 799 1876 :
813 1845 827 1872 a
843 1826 871 1876 Si
891 1825 988 1879 fuisset
1004 1827 1072 1893 lapis
1087 1845 1187 1894 parvu-

650 1898 693 1946 lus
720 1896 894 1961 suppositus,
925 1898 1012 1948 dicere
1040 1911 1187 1965 poterant:

649 1966 847 2017 dormientibus
864 1967 944 2018 nobis
958 1967 1078 2020 tulerunt
1087 1986 1160 2022 eum.
1172 1991 1186 2020 n
1214 1968 1217 1974 '

651 2038 684 2088 Et
710 2038 897 2103 Hieronymus
921 2056 930 2091 .·
957 2042 1085 2090 «Saxum
1108 2043 1184 2093 enim

630 2124 779 2174 magnum
804 2111 956 2174 appositum
989 2112 1108 2162 ostendit
1126 2129 1184 2163 non

650 2179 752 2245 absque
767 2179 868 2230 auxilio
891 2181 1073 2245 plurimorum
1096 2184 1184 2249 sepul-

650 2249 748 2300 chrum
762 2250 883 2314 potuisse
896 2251 1017 2302 reserari.
1031 2271 1044 2299 n

685 2319 698 2370 5
714 2321 833 2369 Mrsrma
850 2320 960 2370 Cuarsrr
979 2338 1136 2373 saburrum
1155 2340 1183 2374 m
1223 2364 1226 2368 .

652 2405 737 2440 conns
757 2405 867 2440 nosrno.
880 2418 912 2427 -
926 2391 1046 2455 Mystice‚
1065 2391 1094 2441 in
1116 2395 1186 2445 acti-

654 2459 816 2524 busJoseph
838 2470 864 2510 et
884 2460 1027 2512 Nicodemi
1046 2463 1187 2529 signantur

652 2535 730 2599 plura
745 2532 875 2598 requisita
900 2532 929 2582 in
953 2534 1040 2595 nobis,
1060 2536 1085 2586 si
1104 2537 1187 2589 Chri-

654 2617 711 2657 stus
719 2606 751 2655 in
761 2605 842 2655 corde
856 2614 949 2656 nostro
962 2608 1056 2658 debeat
1068 2611 1187 2676 sepeliri.

655 2679 724 2727 Nam
748 2677 828 2727 debet
846 2678 1052 2730 communicans
1069 2680 1127 2731 esse
1140 2681 1185 2732 in·

654 2750 764 2800 volutus
789 2747 1006 2811 linteaminibus,
1030 2767 1078 2817 per
1103 2767 1188 2802 mun—

655 2822 717 2871 dam
748 2819 936 2880 affectionem‚
964 2832 991 2871 et
1019 2822 1189 2873 conscientiae

656 2892 813 2959 puritatem3
827 2892 855 2941 in
870 2892 981 2943 sindone
1001 2893 1076 2942 enim
1090 2894 1189 2944 munda

655 2967 747 3017 Jesum
761 2963 882 3024 involvit,
898 2965 946 3030 qui
959 2980 1022 3015 eum
1033 2982 1099 3030 pura
1110 2982 1189 3016 men-

656 3048 682 3088 te
701 3047 728 3088 et
754 3051 823 3102 puro
844 3050 956 3100 corpore
979 3036 1102 3101 suscipit,
1114 3037 1190 3088 decet

657 3124 775 3174 namque
796 3123 852 3158 non
878 3106 971 3156 solum
1000 3123 1067 3172 pura
1089 3108 1189 3174 anima,

658 3181 704 3231 sed
720 3191 747 3230 et
765 3193 879 3244 corpore
893 3193 970 3243 puro,
984 3178 1090 3244 Corpus
1107 3179 1190 3231 Chri-

657 3255 691 3304 sti
730 3252 875 3316 suscipere.
917 3251 1056 3302 lnvolvere
1098 3261 1190 3304 autem
1272 3243 1279 3256 ⁶

658 3334 779 3391 oportet,
793 3322 859 3388 quia
872 3324 1033 3389 mysterium
1054 3324 1111 3389 ejus
1124 3325 1194 3377 clau·

657 3413 720 3448 sum
739 3405 766 3447 et
788 3396 925 3446 occultum
944 3406 993 3446 est.
1012 3397 1097 3447 Debet
1110 3398 1192 3449 etiam

659 3479 759 3521 unctus
769 3483 829 3518 esse
838 3469 1015 3529 aromatibus,
1027 3485 1074 3536 per
1083 3471 1193 3522 ferven-

659 3550 714 3591 tem
759 3538 944 3602 devotionem,
979 3555 1042 3590 cum
1082 3541 1194 3607 myrrha

659 3611 734 3663 enim
759 3620 787 3660 et
808 3609 867 3658 aloe
883 3609 974 3659 lesum
996 3609 1120 3672 involvit,
1142 3610 1193 3678 qui

660 3681 817 3735 crucifixum
836 3681 865 3731 in
885 3683 964 3732 corde
985 3698 1048 3734 cum
1061 3683 1194 3734 amatim-

660 3756 722 3806 dine
734 3752 897 3820 poenitentia
916 3764 943 3804 et
956 3756 1142 3821 compassione
1156 3770 1194 3806 re·

661 3827 762 3878 condit.
773 3826 804 3876 ln
816 3823 933 3875 novitate
945 3841 1009 3876 vero
1021 3825 1191 3876 monumenti

663 3899 828 3966 designamr,
841 3897 915 3964 quod
924 3912 971 3949 cor
983 3898 1062 3949 debet
1072 3911 1133 3950 esse
1146 3910 1196 3962 pm
