2626 4328
93 195 144 247 518
187 260 190 264 Δ

93 329 123 364 ac
145 324 251 363 sorores
268 310 326 376 ejus
346 319 372 360 et
393 309 438 361 alii
464 309 512 376 qui
534 323 625 359 secum

92 392 228 444 venerant,
240 383 360 434 viderent
373 399 436 434 eum
448 382 488 432 sic
501 381 624 447 ligatum,

92 457 232 519 afflictum,
253 465 426 521 consputum,
450 454 484 505 ab
498 453 626 504 omnibus

92 528 259 594 despectum,
271 542 286 576 a
300 525 439 591 discipulis
458 524 625 587 derelictum,

93 616 123 651 ac
143 599 220 650 omni
235 599 332 650 solatio
352 609 379 650 et
398 598 498 649 auxilio
513 597 627 648 destitu-

93 683 161 732 tum,
183 687 237 721 non
258 671 424 737 loquentem,
439 686 494 720 non
505 685 533 721 se
544 685 627 720 excu-

93 753 206 802 santem,
236 741 275 791 sic
298 741 511 807 vituperabiliter
540 751 566 792 et
588 741 627 791 sic

93 814 241 865 enormiter
254 828 269 863 a
282 823 356 863 tanta
382 813 557 865 multitudine
581 828 627 864 ar-

94 894 230 935 matorum
245 882 393 933 crudelium
404 883 475 944 duci,
488 884 521 934 ad
533 883 628 934 sisten-

37 1014 43 1025 ,
93 956 160 1004 dum
188 952 317 1003 tribunali
342 953 440 1017 judicis
466 953 575 1019 iniqui,
601 962 627 1003 et

93 1023 330 1074 condemnandum
342 1038 405 1072 eum
419 1023 513 1088 morti3
525 1031 627 1088 quanto

94 1106 158 1148 sunt
178 1095 270 1145 dolore
291 1104 317 1145 et
339 1095 517 1146 amaritudine
534 1094 626 1160 repleti

95 1184 147 1218 non
165 1176 255 1232 posset
269 1166 331 1229 dici,
347 1168 388 1217 vel
403 1183 526 1217 sermone
539 1165 627 1231 expli-

94 1238 158 1289 cari.
179 1239 265 1289 Credo
288 1238 361 1303 quod
384 1239 462 1303 quasi
483 1237 584 1288 mortui
600 1237 627 1286 in

93 1321 191 1361 terram
217 1310 456 1375 prosternebantur
476 1325 566 1360 coram
585 1320 626 1358 eo·

92 1381 228 1430 Dominus
246 1379 327 1430 etiam
348 1379 441 1431 videns
466 1381 578 1431 Matrem
602 1389 628 1430 et

93 1453 161 1504 alios
176 1453 205 1504 in
222 1461 298 1503 tanto
309 1454 410 1511 dolore,
426 1454 502 1504 valde
521 1454 627 1504 dolebat

94 1526 207 1591 etipse.
229 1524 345 1574 Multum
367 1523 439 1573 enirn
461 1523 628 1590 affligebatur

93 1611 126 1646 ex
142 1593 328 1659 compassione
350 1608 432 1659 quam
456 1595 490 1645 ad
514 1610 578 1645 suos
601 1604 627 1644 et

5 1698 12 1708 ·
95 1667 210 1717 maxime
224 1665 256 1715 ad
269 1667 381 1715 Matrem
393 1665 517 1729 habebat,
529 1666 628 1716 sciebat

32 1760 34 1764 ·
95 1737 168 1788 enim
183 1736 255 1802 quod
267 1751 316 1801 pro
333 1736 391 1801 ipso
406 1753 491 1803 usque
505 1738 537 1787 ad
550 1739 627 1787 evul-

92 1809 198 1859 sionem
212 1806 312 1858 animae
326 1822 341 1856 a
360 1823 470 1873 corpore
493 1809 626 1860 dolebant.

93 1883 127 1932 Et
148 1881 187 1931 sic
211 1880 330 1930 Domino
353 1881 455 1948 ubique
476 1891 502 1932 et
522 1897 627 1948 semper

93 1953 170 2002 dolor
196 1951 428 2017 multiplicabatur
451 1969 506 2021 non
534 1954 626 2004 modi-

92 2038 164 2083 cum,
183 2022 305 2071 dolorem
319 2023 393 2072 enim
412 2024 506 2074 Matris
519 2034 546 2075 et
559 2041 625 2074 suo-

92 2108 153 2142 rum
168 2092 308 2158 reputabat
326 2108 407 2143 suum
421 2110 427 2143 :
443 2094 472 2143 in
494 2094 541 2144 illo
561 2111 625 2161 ergo

92 2173 188 2214 mutuo
202 2174 348 2229 conspectu
364 2181 479 2231 magnus
490 2165 567 2217 valde
581 2167 625 2217 do·

93 2237 134 2286 lor
149 2235 200 2286 fuit
210 2235 347 2301 utrinque.
365 2236 521 2303 Sequuntur
534 2254 597 2288 vero
611 2254 626 2289 a

92 2307 181 2373 longe,
201 2306 332 2372 quianon
348 2319 463 2373 possunt
477 2309 625 2375 appropin-

92 2392 184 2442 quare.
202 2376 349 2428 Considera
360 2389 386 2429 et
397 2379 501 2430 intuere
515 2380 565 2431 ista
581 2380 626 2430 di-

91 2448 205 2512 ligenter
223 2462 269 2512 per
289 2449 402 2514 singula,
420 2450 484 2516 quia
508 2452 625 2502 multum

92 2526 155 2565 sunt
169 2517 344 2581 compassiva.
366 2520 470 2585 Cogita,
494 2521 517 2571 si
541 2528 624 2587 potes,

92 2596 193 2636 tantam
210 2587 431 2650 amaritudinem,
447 2591 470 2641 si
487 2592 558 2656 piam
574 2593 625 2643 ha-

92 2659 139 2707 bes
158 2657 288 2719 animam,
307 2659 370 2724 quia
390 2661 502 2726 longum
520 2673 560 2713 est
578 2679 625 2713 co-

91 2727 176 2792 gitare
197 2726 294 2779 animae
317 2729 425 2779 habenti
444 2732 625 2784 devotionem.

93 2797 169 2847 Sicut
180 2812 243 2863 ergo
267 2799 424 2849 dulcissima
444 2802 538 2861 Mater,
555 2802 625 2853 Filio

93 2887 143 2922 suo
157 2871 195 2921 sic
203 2871 354 2938 angustiato
365 2873 432 2934 viso,
444 2874 625 2938 valdedoluit,

91 2959 122 2995 ac
143 2944 167 2994 ei
190 2959 222 2994 ex
243 2944 350 2996 intimis
370 2960 510 3012 compassa
524 2948 584 3009 fuit,
599 2960 625 3000 et

92 3016 260 3067 amarissime
274 3017 366 3082 flevit;
383 3019 507 3070 similiter
523 3030 549 3071 et
567 3022 625 3072 Do-

92 3089 185 3140 minus
218 3091 295 3142 Matri
329 3103 355 3142 et
382 3091 442 3143 aliis
468 3109 624 3160 compassus

91 3161 174 3212 etiam
198 3164 314 3213 multum
334 3164 430 3229 doluit,
445 3166 515 3217 sicut
539 3163 633 3220 fidelis'

92 3233 196 3284 amicus
210 3249 260 3284 suo
278 3235 364 3286 amico
378 3247 404 3287 et
415 3239 540 3302 proximo
555 3241 624 3292 mala

92 3302 206 3421 patienti
227 3304 341 3369 compati
364 3315 390 3356 et
410 3308 550 3360 condolere
574 3311 623 3360 de-

113 3380 147 3421 et.

123 3458 139 3509 7
154 3443 271 3494 Praarus
284 3444 390 3496 Juureos
410 3462 578 3500 turannocar
589 3467 623 3502 nn

85 3514 220 3566 ‘Crantsro
237 3502 268 3553 -“
281 3515 426 3567 Adducunt
448 3533 515 3585 ergo
531 3521 623 3574 Jesum

92 3586 217 3648 vinctum,
231 3597 257 3636 et
268 3602 331 3637 eum
346 3587 432 3640 Pilato
449 3591 559 3643 Praesidi
577 3593 623 3645 in-

93 3656 250 3708 circumciso
273 3658 332 3708 cani
357 3661 528 3726 glutiendum
545 3667 624 3717 tradi·

92 3729 198 3791 derunt,
213 3729 240 3779 t'n
250 3730 421 3796 praetorium,
437 3735 510 3799 quod
525 3747 580 3787 erat
594 3738 622 3788 in

93 3800 174 3851 domo
198 3799 275 3851 Pilati
294 3800 369 3852 locus
382 3801 493 3869 quidam
507 3806 554 3857 ubi
577 3808 623 3874 ju·

309 188 311 193 ’
382 178 556 245 secuntum
572 190 828 275 transeatur
844 194 911 245 txr.

680 311 795 373 dicabat,
807 323 833 364 et
848 313 968 378 praetoris
988 329 1035 364 seu
1049 313 1146 379 judicis
1169 328 1216 365 se-

659 379 661 384 '
679 382 741 432 dem
754 393 780 433 et
789 385 878 435 locum
894 385 1010 436 tenebat.
1024 385 1101 437 Unde
1116 387 1215 438 Beda:

679 471 693 500 a
718 453 877 504 Praetotium
905 455 978 506 eninr
1004 455 1103 506 dicitur
1136 457 1215 507 sedes

680 525 811 589 praetoris.
831 526 959 577 Praetores
976 536 1066 576 autem
1085 526 1215 578 dicuntur

680 592 806 659 praefectl‚
823 595 878 646 sive
889 607 1076 661 praeceptores,
1092 598 1214 664 eoquod

680 664 784 715 civibus
809 677 938 732 praecepta
959 668 1097 716 donent.»
1121 667 1214 719 Tradi-

680 736 777 787 derunt
797 753 859 788 eum
881 740 1005 805 potestati
1024 740 1163 800 Romanae,
1184 750 1214 790 ut

680 822 711 857 eo
727 809 808 858 modo
826 809 929 860 alienos
948 826 976 861 se
987 811 1160 861 ostenderent
1179 812 1214 861 ab

680 879 737 943 ejus
747 877 940 940 interfectione,
949 881 977 930 in
988 896 1042 947 quo
1051 897 1106 930 non
1118 896 1213 935 eorum

681 950 843 1013 innocentia,
858 953 904 1002 sed
918 953 1004 1019 magis
1013 953 1214 1005 demonstratur

680 1023 793 1075 insania.
805 1027 851 1087 Et,
861 1025 912 1092 ipsi
928 1027 975 1092 qui
990 1027 1124 1077 ducebant
1138 1042 1212 1085 eum,

681 1111 731 1146 non
759 1097 919 1149 introierunt
943 1099 969 1148 in
989 1098 1159 1163 praetorium,
1183 1105 1214 1150 ut

681 1180 732 1216 non
751 1168 1003 1231 contaminarentur,
1016 1169 1142 1220 intrando
1162 1171 1213 1221 do·

681 1255 757 1289 mum
772 1240 896 1303 Gentilis,
917 1242 964 1292 sed
979 1248 1007 1291 ut
1020 1243 1214 1294 manducarent

681 1309 799 1374 Pascha,
815 1311 841 1360 id
860 1322 900 1362 est
913 1327 1022 1378 azymos
1035 1328 1127 1377 panes,
1142 1329 1213 1380 quos

683 1393 737 1428 non
751 1379 848 1431 licebat
867 1382 1007 1433 comedere
1021 1382 1073 1432 nisi
1089 1383 1214 1448 personis

682 1451 808 1515 mundis;
823 1453 881 1503 dies
897 1453 969 1502 enirn
983 1468 1060 1519 agere
1073 1463 1215 1518 coeperunt

680 1536 846 1586 azymorum,
861 1524 961 1590 quibus
975 1524 1071 1573 diebus
1084 1524 1214 1574 contami·

680 1592 753 1642 natio
768 1592 821 1643 illis
836 1605 890 1644 erat
900 1595 929 1644 in
943 1594 1099 1659 alienigenae
1113 1594 1215 1645 intrare

680 1662 871 1716 habitaculum.
885 1667 1030 1717 Timebant
1050 1666 1215 1717 contamina-

680 1733 702 1783 ri
716 1749 748 1784 ex
763 1734 884 1802 ingressu
901 1737 998 1787 domus
1013 1736 1133 1787 hominis
1143 1737 1214 1788 Gen·

680 1806 745 1868 tilis,
763 1819 789 1858 et
817 1825 871 1858 non
894 1810 1045 1860 timuerunt
1073 1807 1213 1874 inquinari

680 1893 711 1928 ex
727 1881 913 1943 procuratione
934 1880 1030 1929 mortis
1044 1878 1146 1929 Christi
1167 1878 1214 1928 in-

680 1951 809 2014 nocentis,
831 1966 862 2000 cx
883 1966 938 2016 quo
963 1959 1034 2016 patet
1058 1947 1214 2014 superstitio

680 2034 774 2068 eorum
793 2034 869 2078 vana,
889 2020 958 2069 sicut
985 2019 1013 2068 in
1031 2017 1126 2068 multis
1141 2017 1214 2068 aliis.

679 2092 756 2142 Unde
778 2093 969 2158 Augustinus.-
987 2110 1000 2139 u
1021 2092 1045 2142 Ο
1063 2091 1148 2156 impia
1168 2107 1215 2142 cac-

679 2163 744 2213 citas
757 2162 763 2213 l
780 2163 937 2213 Habitaculo
950 2163 1073 2213 videlicet
1084 2163 1215 2213 contami-

679 2244 806 2283 narentur
826 2234 923 2292 alieno,
938 2243 963 2283 et
976 2249 1031 2283 non
1046 2231 1214 2283 contamina·

678 2313 771 2354 rentur
782 2305 881 2354 scelere
894 2302 1024 2369 proprio?
1043 2302 1214 2367 Alienigenae

679 2376 776 2442 judicis
791 2375 917 2442 praetorio
936 2373 1113 2425 contaminari
1136 2375 1213 2426 time-

680 2448 753 2512 bant,
775 2456 801 2497 et
822 2445 912 2497 fratris
933 2445 1084 2495 innocentis
1098 2446 1213 2512 sangui-

657 2521 742 2570 'nem
767 2519 902 2570 effundere
930 2534 983 2568 non
1013 2517 1170 2568 timebant?
1200 2538 1211 2562 a

680 2592 735 2643 haec
749 2590 928 2658 Augustinus.
950 2589 1011 2639 Istis
1029 2598 1093 2638 sunt
1108 2588 1213 2640 similes

651 2697 653 2701 ι
678 2663 726 2729 qui
745 2661 937 2713 conscientiam
958 2675 1084 2725 magnam
1106 2659 1141 2709 de
1155 2660 1213 2710 mi-

680 2733 762 2783 nimis
786 2731 896 2789 faciunt,
924 2740 950 2782 et
976 2729 1062 2780 multo
1088 2733 1213 2795 graviora

679 2806 860 2858 committunt.
880 2805 949 2854 Cum
968 2819 1031 2869 ergo
1047 2803 1124 2853 lesus
1141 2815 1212 2856 esset

678 2879 706 2928 in
733 2876 1003 2944 praetorio,.PilatuS,
1031 2875 1212 2927 observantiis

678 2951 843 3009 Judaeorum,
871 2947 918 3014 qui
947 2948 1060 2997 domum
1086 2947 1144 3011 ejus
1163 2946 1210 2998 in-

679 3019 753 3086 gredi
770 3035 824 3069 non
837 3018 970 3069 audebant
981 3016 1111 3080 deferens,
1122 3019 1214 3069 exivit
1233 3039 1236 3043 ⁴

679 3093 716 3144 ad
743 3107 789 3145 eos
810 3093 904 3158 foras,
933 3090 966 3140 de
993 3088 1129 3155 praetorio.
1150 3091 1211 3156 lpse

679 3164 752 3214 enim
775 3173 831 3214 erat
849 3161 926 3228 quasi
944 3160 1049 3210 medius
1063 3160 1129 3211 hinc
1146 3160 1212 3212 inde

679 3234 843 3291 discurrens,
865 3241 891 3281 et
912 3231 1048 3297 quaerebat
1067 3245 1150 3296 quam
1169 3246 1210 3282 ac-

677 3307 841 3359 cusationem
853 3305 979 3354 adversus
993 3319 1055 3354 eum
1069 3303 1212 3368 injudicio

677 3379 810 3436 afferrent,
830 3391 912 3443 quem
928 3389 1004 3425 reum
1023 3375 1119 3425 mortis
1134 3374 1210 3440 judi-

677 3452 782 3502 cabant.
803 3446 917 3498 Videbat
938 3446 1012 3497 enim
1036 3461 1099 3496 eum
1120 3445 1147 3496 in
1167 3445 1209 3497 si·

679 3536 764 3588 gnum
779 3517 961 3570 damnationis
972 3516 1095 3583 ligatum,
1106 3525 1133 3566 et
1145 3525 1209 3567 atot

677 3594 790 3643 ductum
812 3589 844 3641 ad
856 3589 1048 3652 damnandum,
1064 3597 1090 3638 et
1101 3586 1161 3638 ideo
1175 3587 1209 3638 de

677 3678 757 3715 causa
776 3664 809 3714 ab
823 3662 862 3713 eis
882 3660 1026 3728 quaerebat,
1040 3659 1132 3709 volens
1146 3673 1209 3709 mo·

677 3736 742 3786 dum
758 3746 848 3786 tenere
867 3735 1052 3783 Romanorum
1072 3745 1089 3781 a
1108 3729 1209 3796 quibus

678 3808 778 3861 missus
787 3819 851 3873 erat,
862 3807 962 3875 quibus
973 3804 1140 3858 consuetudo
1153 3811 1210 3855 erat
