2626 4328
129 245 180 296 622

130 364 202 422 bus,
233 362 267 412 ad
292 357 484 429 deponendur'n
514 362 661 411 Dominum

131 435 218 485 Deum
232 444 309 484 tuum
332 435 365 485 de
379 449 466 492 cruce,
483 443 509 484 et
527 431 560 482 ad
584 433 662 499 plan-

131 507 250 572 gendum
280 523 343 558 eum
368 522 429 557 curn
454 521 502 556 sua
525 506 663 556 benedicta

132 577 224 637 Matre,
238 587 264 628 et
275 577 336 627 aliis
347 577 395 643 qui
410 577 446 627 ibi
461 579 579 639 aderant,
592 586 617 626 et
629 578 662 624 ad

132 648 326 713 sepeliendum,
338 659 363 698 et
373 649 424 700 alia
438 649 663 714 faciendumque

131 717 184 785 ipsi
208 719 347 771 faciebant.
371 721 448 771 Unde
468 722 628 771 Ambrosius
655 736 663 769 :

132 808 146 837 n
160 791 229 841 Veni
244 801 270 841 et
285 801 314 842 tu
326 792 368 842 vel
386 808 456 856 sero,
471 795 512 844 vel
525 804 612 853 nocte,
622 795 663 843 vel

131 875 292 927 quacunque
314 863 394 928 hora;
416 879 576 930 quacunque
592 864 662 913 enim

131 933 198 984 hora
222 934 336 996 veneris,
362 936 455 986 Jesum
484 937 606 987 invenies
631 936 664 985 ad

130 1003 332 1069 suscipiendum
351 1018 483 1072 paratum,
502 1023 549 1058 nec
571 1006 664 1057 mino-

130 1088 187 1123 rem
213 1075 299 1125 serius
322 1078 494 1129 venientibus
515 1078 663 1129 mercedem

130 1143 174 1208 pia
188 1145 311 1211 largitate
323 1149 482 1200 solventem.
497 1150 566 1200 Nam
578 1159 604 1200 et
618 1149 664 1215 qui

133 1217 199 1267 hora
223 1230 297 1270 sexta
317 1221 399 1282 venit,
416 1238 469 1272 non
490 1232 529 1272 est
545 1222 666 1273 mercede

134 1285 282 1349 fraudatus,
298 1301 324 1341 et
344 1292 390 1358 qui
414 1292 563 1353 undecima,
578 1291 666 1357 pleni-

129 1358 257 1409 tudinem
280 1363 412 1413 mercedis
436 1363 535 1429 accepit
550 1381 557 1414 ε
573 1383 587 1411 n
611 1363 667 1413 haec

135 1432 302 1485 Ambrosius.
320 1436 394 1486 Deus
410 1451 482 1486 meus
503 1437 576 1500 bone,
591 1433 666 1496 Jesu,

136 1505 248 1554 concede
266 1506 330 1556 mihi
343 1522 493 1572 quanquam
504 1523 555 1573 per
567 1523 667 1558 omnem

136 1573 241 1622 modum
257 1573 387 1626 immerito
401 1585 426 1627 et
440 1577 561 1640 indigno,
583 1583 611 1626 ut
623 1576 669 1642 qni

134 1642 177 1692 liis
191 1657 248 1694 cum
261 1645 355 1696 Matre
369 1651 414 1696 tua
430 1653 455 1697 et
468 1647 533 1698 aliis
549 1648 595 1712 qui
608 1653 669 1696 tunc

135 1713 252 1764 aderant
265 1729 379 1781 corpore
394 1719 528 1782 interesse,
542 1725 568 1770 et
578 1733 610 1769 ea
621 1719 669 1784 fa-

137 1796 196 1834 cere
221 1799 272 1836 non
297 1788 391 1850 merui,
407 1789 488 1854 fideli
509 1797 594 1841 tamen
612 1791 669 1842 lraec

135 1854 227 1905 ecdem
242 1864 327 1907 mente
339 1865 521 1922 pertractans,
542 1861 616 1911 illum
632 1862 670 1912 ad

136 1933 170 1990 te,
187 1929 273 1979 Deum
288 1944 372 1981 metim
383 1948 435 1999 pro
448 1948 488 1984 me
507 1935 667 2001 crucifixum

136 2003 162 2047 et
174 2007 314 2064 mortuum,
335 2004 530 2069 compassionis
542 2006 667 2074 affectum

136 2070 275 2136 experiar,
291 2089 365 2140 quem
378 2077 502 2128 innocens
513 2084 600 2130 mater
612 2085 666 2141 tna,

137 2149 163 2193 et
188 2147 322 2211 poenitens
348 2149 519 2216 Magdalena
548 2153 575 2202 in
608 2153 668 2218 ipso

136 2214 281 2268 Passionis
306 2226 360 2271 tnoe
382 2221 449 2272 hora
471 2230 619 2274 senserunt.
635 2224 669 2274 Et

136 2285 285 2349 sciendum,
308 2293 381 2357 quod
404 2295 528 2360 quamvis
547 2295 596 2347 ista
617 2296 670 2346 de·⁴

137 2356 237 2419 positio
258 2360 368 2412 Domini
384 2365 417 2413 de
432 2381 519 2431 cruce,
537 2382 592 2416 non
606 2365 668 2417 fue·

136 2426 171 2477 rit
189 2429 240 2479 sibi
255 2430 283 2480 in
299 2448 405 2497 poenam
424 2436 488 2502 quia
501 2453 597 2503 corpus
614 2446 669 2488 erat

137 2501 269 2564 exanime,
286 2518 333 2552 nec
350 2504 423 2557 fieret
437 2507 461 2557 ei
478 2507 507 2557 in
524 2519 668 2560 contume-

136 2567 210 2628 liam,
239 2572 285 2651 sed
316 2574 407 2638 potius
433 2577 462 2627 in
486 2580 615 2630 honorem
642 2590 668 2630 et

136 2651 330 2704 reverentiam,
355 2648 503 2709 praesertim
525 2666 588 2700 cum
612 2666 667 2700 non

137 2708 211 2759 lieret
235 2725 250 2761 a
275 2713 377 2764 Judaeis
398 2717 578 2779 saevientibus‚
594 2721 669 2770 seda

137 2779 240 2831 devotis
252 2781 377 2835 fidelibus
394 2802 457 2837 eum
471 2790 588 2840 multum
602 2791 668 2841 dili-

138 2853 274 2916 gentibus,
291 2854 347 2906 imo
363 2857 443 2908 etiam
462 2860 561 2911 ludaeis
575 2871 601 2911 et
617 2861 668 2912 hoc

138 2922 300 2990 dolentibus,
316 2930 388 2993 quod
405 2945 467 2980 cum
482 2941 555 2982 tanta
566 2932 668 2982 solem·

140 2994 223 3046 nitate
236 2997 427 3063 deponebatur,
444 3003 628 3068 condiebatur,
643 3014 669 3055 et

139 3064 331 3131 sepeliebatur;
357 3069 429 3120 istud
454 3081 543 3122 tamen
569 3071 667 3124 facturn

138 3132 325 3212 depositionis,
342 3139 370 3190 in
385 3157 413 3192 se
427 3143 502 3193 valde
516 3143 668 3194 miserabile

139 3205 191 3255 tuit
206 3218 232 3258 et
255 3210 435 3274 lamentabile,
456 3217 528 3282 quod
546 3215 669 3268 videlicet

138 3290 235 3343 corpus
256 3291 336 3334 tantae
358 3287 515 3346 nobilitatis,
537 3289 668 3340 tractaba-

138 3357 182 3398 tur
201 3361 328 3420 tanquam
351 3359 463 3410 cadaver
481 3360 543 3424 vile,
560 3361 622 3412 licet
638 3361 666 3411 in

137 3420 247 3498 veritate
262 3426 373 3477 cadaver
388 3444 443 3478 non
458 3428 547 3491 fuerit,
560 3442 668 3498 propter

135 3487 258 3568 divinum
273 3498 452 3562 suppositum,
466 3500 495 3550 in
505 3517 560 3568 quo
570 3517 668 3569 corpus

138 3560 207 3610 illud
234 3562 437 3630 imputribiliter
451 3571 622 3623 subsistebat.
636 3573 668 3623 Et

138 3629 161 3679 si
181 3647 280 3698 corpus
295 3635 362 3689 illud
377 3656 433 3690 non
450 3642 534 3692 sensit
550 3658 667 3708 poenam,

139 3703 214 3755 beata
228 3716 314 3760 tamen
329 3711 422 3778 Virgo,
441 3728 502 3779 quae
517 3715 555 3764 ibi
569 3716 667 3776 aderat,

138 3788 244 3837 poenam
270 3778 299 3828 in
315 3780 368 3832 hoc
382 3782 450 3834 facto
475 3785 560 3836 sensit
579 3785 669 3838 maxi-

139 3861 220 3900 mam.

419 244 592 298 SECUNDAE
608 243 732 295 PARTIS
746 245 863 296 CAPUT
880 244 959 298 va.

746 377 765 426 4
780 361 946 412 Docnuunrr
960 376 1013 412 nuo
1038 377 1054 411 r.
1074 375 1246 412 nrrosmona

715 447 843 485 consonis
858 433 977 494 Cuntsrt,
995 449 1078 485 ncrus
1090 449 1246 484 courum·
1303 430 1305 435 '

715 518 803 554 riorus
826 520 859 555 ar
883 520 990 555 osirin.
1007 504 1092 554 -Ex
1112 505 1163 554 hoc
1183 503 1248 555 arti·

716 574 776 624 culo
791 575 969 640 depositionis
983 575 1094 625 Domini
1109 574 1144 624 de
1161 589 1246 640 cruce,

717 645 851 696 habentur
866 647 920 696 duo
935 647 1103 697 documenta.
1126 646 1246 696 Primum

716 726 773 776 est,
801 717 873 782 quod
898 715 990 768 fideles
1018 716 1248 767 communicantes

717 785 822 853 Corpus
845 789 956 840 Domini
979 791 1011 840 de
1026 789 1113 850 altari,
1128 789 1249 856 aequipa·

717 867 809 908 rantur
829 858 944 926 illisqui
961 860 1050 925 ipsum
1066 860 1247 929 deposuerunt

717 928 750 980 de
779 944 865 981 cruce.
891 930 1003 981 Perinde
1025 930 1099 981 enim
1123 941 1173 991 est,
1194 930 1247 981 imo

718 999 779 1065 plus
793 1000 895 1050 Christi
913 1001 1018 1066 Corpus
1032 1016 1141 1052 sumere
1156 1001 1190 1052 dc
1207 1016 1248 1051 ara

718 1070 819 1133 altaris,
847 1088 928 1138 quam
954 1074 987 1125 de
1016 1088 1060 1124 ara
1087 1072 1185 1127 crucis.
1210 1071 1248 1123 llli

718 1142 790 1192 enim
812 1154 971 1209 acceperunt
997 1159 1060 1195 eurn
1082 1143 1112 1194 in
1134 1143 1249 1195 brachiis

720 1223 747 1263 et
772 1214 916 1278 manibus;
939 1217 985 1266 sed
1016 1215 1060 1266 isti
1088 1224 1204 1266 sumunt
1223 1214 1249 1264 in

720 1300 766 1335 ore
782 1295 808 1335 et
828 1286 964 1337 cordibus.
978 1315 1009 1324 -
1023 1286 1181 1337 Secundum
1201 1286 1250 1336 do·

719 1369 876 1409 cumentum
893 1370 942 1417 est,
960 1360 1034 1425 quod
1055 1369 1080 1410 et
1097 1374 1148 1409 nos
1163 1358 1250 1409 liben-

719 1438 760 1478 ter
775 1429 905 1480 debemus
920 1429 1060 1480 Christum
1076 1444 1140 1480 cum
1154 1428 1252 1495 loseph

720 1501 753 1551 de
774 1516 850 1552 cruce
865 1503 1006 1567 deponere.
1029 1503 1157 1562 Quandiu
1178 1502 1250 1553 enim

721 1585 841 1639 peccator
860 1576 889 1627 in
911 1577 1024 1644 peccatis
1047 1587 1097 1637 est,
1111 1576 1250 1627 Christum

721 1644 750 1694 in
762 1660 840 1696 cruce
856 1646 1014 1706 distentum,
1030 1657 1166 1712 quantum
1180 1646 1209 1697 in
1224 1661 1252 1697 se

721 1727 768 1780 est,
793 1718 912 1769 vinculat
936 1729 961 1770 et
983 1718 1124 1785 crucifigit,
1150 1729 1254 1786 peccata

721 1787 794 1838 enim
824 1800 913 1840 nostra
937 1801 1001 1841 sunt
1024 1789 1051 1838 in
1074 1804 1155 1840 causa
1183 1789 1253 1857 quod

721 1859 846 1911 Christus
874 1859 1016 1910 crucifixus
1042 1869 1090 1910 est.
1117 1860 1171 1910 Sed
1192 1876 1253 1912 mox

721 1945 784 1980 cum
810 1946 858 1996 per
883 1931 1069 1997 poenitentiam
1103 1932 1135 1981 ad
1165 1932 1251 1984 Deum

722 2001 896 2062 convertitur,
920 2003 1009 2067 ipsum
1034 2003 1067 2053 de
1081 2018 1159 2053 cruce
1173 2002 1253 2055 saliit

721 2083 748 2122 et
775 2073 893 2138 deponit,
920 2085 946 2124 et
969 2073 1040 2124 inter
1068 2073 1180 2125 brachia
1206 2089 1253 2126 sua

721 2158 783 2194 eum
801 2143 904 2209 recipit,
919 2144 990 2195 sicut
1003 2144 1066 2195 fecit
1078 2144 1191 2211 Joseph,
1204 2143 1252 2214 qui

721 2214 749 2264 in
765 2215 926 2280 deponendo
947 2215 1087 2265 Christum
1110 2216 1144 2266 de
1168 2232 1252 2276 cruce,

721 2288 792 2339 intra
811 2289 920 2340 brachia
940 2304 988 2340 sua
1005 2306 1068 2340 eum
1092 2291 1253 2357 complecte-

720 2360 807 2410 batur.
823 2359 900 2410 Unde
912 2360 981 2410 sicut
995 2361 1057 2427 quis
1071 2364 1254 2427 complectens

720 2431 839 2497 aliquem
865 2431 934 2482 inter
960 2431 1077 2492 brachia,
1102 2443 1255 2498 potensest

720 2503 753 2551 de
768 2516 799 2550 eo
813 2501 897 2552 facere
911 2502 1047 2569 quidquid
1060 2506 1126 2567 vult,
1137 2504 1255 2555 maxime

721 2575 743 2625 si
761 2575 828 2625 illud
843 2591 898 2625 non
915 2587 1060 2642 repugnet;
1076 2577 1116 2628 sic
1130 2589 1254 2643 peccator

720 2662 864 2698 conversus
892 2663 938 2712 per
966 2648 1162 2713 poenitentiam,
1184 2666 1255 2701 con·

720 2718 857 2784 stringens
884 2719 938 2781 jam
968 2718 1109 2769 Christum
1137 2721 1256 2773 brachiis

720 2789 831 2848 amoris,
860 2799 956 2854 potens
980 2800 1020 2840 est
1043 2790 1076 2841 de
1103 2806 1135 2842 eo
1163 2793 1256 2844 omnia

721 2873 782 2924 quae
801 2859 916 2908 voluerit
929 2859 1060 2912 obtinere.
1077 2863 1256 2931 Nequaquam

721 2931 795 2981 enim
813 2930 938 2982 Christus
956 2945 1088 3000 repugnat
1104 2935 1257 3000 poenitenti,

722 3003 767 3052 sed
794 3001 910 3067 paratior
935 3014 976 3053 est
1000 3004 1033 3052 ad
1057 3005 1179 3055 dandum
1193 3022 1257 3072 gra·

721 3072 797 3132 tiam,
821 3087 902 3138 quam
926 3072 977 3124 iste
1001 3074 1033 3123 ad
1057 3074 1255 3140 recipiendum.

721 3145 762 3194 Ad
777 3144 999 3194 conformandum
1012 3160 1041 3195 se
1053 3145 1117 3195 huic
1131 3146 1256 3206 articulo,

721 3214 847 3281 recogitet
867 3215 960 3275 homo,
981 3231 1062 3281 quarn
1080 3216 1257 3270 lamentabile

720 3288 820 3339 factum
835 3287 894 3351 fuit,
917 3290 990 3354 quod
1004 3290 1055 3340 tale
1069 3305 1167 3356 corpus
1180 3292 1256 3358 quod

721 3368 776 3409 erat
799 3358 880 3418 Deus,
904 3359 943 3408 sic
965 3359 1125 3410 tractabatur
1141 3360 1175 3410 ad
1191 3377 1257 3413 mo-

721 3431 786 3480 dum
801 3430 945 3489 cadaveris,
960 3440 985 3480 et
999 3431 1072 3498 quod
1087 3447 1189 3483 corona
1200 3433 1257 3498 glo·

721 3501 777 3562 riae,
792 3499 873 3564 jacuit
886 3500 925 3550 sic
942 3501 1039 3566 supina
1055 3512 1080 3552 et
1094 3514 1213 3568 postrata
1227 3504 1257 3555 in

721 3582 790 3623 terra
799 3586 807 3634 ;
822 3571 929 3637 qualem
945 3572 1025 3621 etiam
1040 3573 1180 3638 planctum
1189 3584 1257 3626 tunc

722 3642 798 3693 beata
826 3641 909 3707 Virgo
933 3641 1024 3692 fecerit
1049 3658 1131 3709 super
1155 3660 1257 3712 corpus

720 3713 809 3765 dilecti
827 3724 854 3764 et
871 3713 957 3764 dulcis
972 3713 1034 3764 Filii
1052 3715 1256 3778 sui,ve1alias‚

721 3784 791 3836 sicut
813 3784 915 3836 dederit
935 3785 1086 3836 meditanti.
1111 3788 1189 3853 Jesu,
1208 3787 1258 3854 qni

720 3856 754 3907 de
767 3868 844 3908 cruce
858 3870 909 3906 non
923 3854 999 3907 vivus
1012 3855 1183 3920 descendere,
1204 3857 1257 3910 sed
