2626 4328
103 222 282 287 QUOMODO
298 214 813 271 DOM.APPARUITSEPT.D1301P.
829 214 877 266 AD
894 215 994 267 MARE
1008 215 1126 266 TIBER.
1148 227 1200 281 7²²

84 345 149 396 Non
173 349 263 393 tamen
289 343 476 406 cognoverunt
498 333 619 402 discipul

81 415 153 481 quod
168 414 249 463 Jcsus
273 418 351 462 esset.
379 411 440 460 Non
457 407 561 470 statim,
577 422 617 458 se·

30 498 33 502 ·
81 485 202 536 cundum
237 485 469 550 chrysostomum,
497 479 617 532 ostendit

82 560 160 610 lesus
183 557 313 621 seipsum,
329 566 358 606 ut
378 571 426 621 per
442 554 614 616 miraculum,

82 629 157 695 quod
181 628 303 677 facturus
340 639 410 687 erat,
428 623 617 693 'agnoscerent

81 715 156 750 eum.
177 699 292 749 Attende
311 700 356 749 hic
376 715 436 766 quae
462 708 521 749 acta
543 709 615 758 sunt,

80 771 147 836 quia
160 772 356 835 jucundissima
375 782 447 821 sunt.
475 771 617 830 Quaerebat

82 843 181 902 abeis,
198 844 275 909 quasi
295 844 381 910 pisces
396 859 485 893 emere
509 843 615 902 volens,
634 905 636 910 ,

81 913 106 964 si
131 915 342 979 pulmentarium
369 916 509 975 haberent,
533 914 616 965 idest

82 985 187 1052 aliquid
211 988 283 1051 quod
320 987 434 1053 decoqui
459 998 485 1037 et
509 985 614 1037 comedi

83 1066 184 1122 posset.
209 1058 422 1108 Pulmentarium
450 1067 540 1123 potest
563 1056 616 1106 dici

82 1129 159 1187 illud,
179 1130 252 1193 quod
274 1129 336 1194 pani
358 1130 553 1179 dulcorandum
567 1127 617 1177 ad-

83 1201 215 1268 jungitur,
237 1213 263 1252 et
292 1219 347 1269 quo
371 1203 505 1268 pauis,ut
528 1200 618 1267 magis

82 1274 263 1323 comestibilis
277 1274 321 1332 sit,
334 1274 469 1323 conditur.
486 1273 617 1322 Palmen-

83 1345 184 1395 tarium
208 1358 297 1396 autem
315 1346 359 1397 hic
379 1356 455 1397 vocut
470 1346 567 1411 pisces,
585 1344 617 1394 ad

83 1417 218 1466 edendum
243 1418 337 1467 dulces
356 1427 383 1468 et
396 1417 573 1475 delectabiles,
588 1425 619 1465 ut

84 1487 151 1536 dicit
169 1489 373 1555 Chysostomus.
394 1488 504 1539 Interim
527 1487 620 1536 huma·

83 1557 148 1607 nius
162 1559 293 1623 loquitur,
305 1571 334 1608 ut
348 1559 414 1625 quid
429 1560 533 1609 debens
548 1573 618 1609 eme·

31 1641 33 1645 ·
85 1644 114 1678 re
127 1630 162 1679 ab
177 1631 224 1680 eis.
246 1631 356 1696 Mystice
374 1642 473 1690 autern,
497 1645 513 1680 a
540 1629 619 1680 nobis

83 1700 256 1764 pulmentum
281 1700 348 1765 petit
371 1700 515 1760 Dominus,
528 1710 561 1751 ut
571 1715 617 1750 re-

84 1770 199 1832 ficiatur,
215 1773 288 1837 quod
309 1784 350 1822 est
371 1773 524 1822 obedientia
538 1787 618 1822 man-

84 1845 211 1894 datorum
228 1846 287 1904 Dei,
300 1847 332 1895 ad
345 1861 427 1912 quum
440 1860 536 1896 omnes
547 1845 619 1896 obli·

85 1927 204 1982 gantur,
241 1919 315 1968 unde
357 1933 438 1985 supra
477 1916 619 1983 discipulis

84 1987 189 2043 dixerat
201 2005 207 2037 :
219 1990 301 2056 Meus
314 1991 389 2042 cibus
403 1996 452 2052 est,
471 1996 501 2040 nt
510 1989 619 2056 faciam

85 2058 250 2110 voluntatem
268 2061 336 2126 ejus,
362 2065 407 2128 qni
429 2061 502 2111 misit
527 2074 619 2111 mem..

85 2132 127 2182 Et
147 2136 342 2198 responderunt
359 2135 385 2185 ei
399 2153 407 2185 .·
419 2136 482 2185 Non
490 2150 501 2196 ,·
526 2134 619 2184 crede·

86 2204 155 2253 bant
177 2206 329 2256 enimcum
351 2222 409 2257 esse
431 2216 617 2268 mercatorem,

85 2275 175 2340 pisces
197 2293 287 2328 emere
307 2280 452 2330 volentem.
481 2277 553 2328 Cum
576 2290 619 2326 au-

85 2356 142 2395 tem
167 2348 200 2396 ud
220 2350 378 2405 mandatum
403 2351 461 2415 ejus
482 2348 620 2398 misissent

85 2418 114 2467 in
136 2419 271 2469 dexteram
292 2421 391 2486 navigii
410 2432 474 2484 rete,
487 2421 619 2486 impleve-

85 2499 160 2548 runt,
171 2491 262 2556 etjam
273 2507 324 2542 non
336 2493 461 2542 volebant
474 2491 544 2541 illud
558 2496 619 2540 tro·

86 2563 149 2612 here
157 2578 220 2627 proc
231 2565 400 2614 multitudine
411 2564 527 2630 piscium
534 2579 545 2626 ,·
556 2563 620 2629 quia

85 2633 162 2682 enim
188 2635 343 2685 obedientes
359 2634 477 2694 luerunt,
501 2650 534 2684 ex
554 2635 620 2685 obe-

86 2704 190 2754 dientia
228 2705 346 2756 fructum
376 2705 511 2756 consecuti
545 2715 619 2756 sunt.

87 2775 140 2826 Per
151 2788 253 2841 septem
271 2778 425 2843 piscatores,
436 2780 483 2844 qui
498 2777 543 2827 hic
557 2793 621 2828 enu—

87 2857 242 2906 merantur,
273 2848 433 2898 universitas
457 2848 620 2912 praedicato-

86 2935 149 2969 rum
173 2921 298 2971 Ecclesiae
306 2922 475 2988 designatur,
493 2922 540 2987 qui
561 2921 621 2970 sine

86 2993 190 3044 Christi
205 2995 304 3045 virtute
332 2996 402 3045 nihil
424 2994 569 3060 prendunt,
595 3005 621 3045 ct

87 3063 159 3114 nihil
184 3066 313 3130 proficere
338 3077 463 3133 possunt,
484 3066 549 3132 quia
563 3065 621 3115 sine

87 3135 266 3187 instructione
290 3139 347 3202 ejus
374 3137 506 3198 interiori,
522 3136 620 3186 frustra

85 3206 191 3257 laborat
223 3208 316 3274 lingua
348 3208 538 3274 praedicatoris.
567 3208 621 3258 Sed

86 3292 177 3338 mane,
192 3281 299 3346 quando
313 3280 387 3329 venit
400 3282 445 3330 lua
460 3279 621 3330 illuminans

86 3350 184 3413 corda,
223 3351 283 3416 ipso
312 3351 423 3400 Christo
460 3351 620 3417 principali-

86 3429 128 3469 ter
153 3435 299 3485 operante,
337 3422 447 3486 capiuut
483 3422 621 3488 copiosam

87 3491 293 3542 multitudinem
318 3494 443 3559 piscium,
470 3508 620 3561 perquam

87 3561 211 3627 signatur
250 3564 396 3613 multitudo
432 3562 621 3627 credentium,

86 3646 136 3696 per
158 3633 376 3698 pradicationem
404 3634 623 3698 Apostolorum,

87 3713 115 3753 et
145 3705 271 3756 similiter
306 3705 452 3756 multitudo
490 3704 624 3770 poeniten-

87 3777 178 3839 tium,
205 3796 251 3845 per
285 3780 472 3845 praedicatores
496 3778 566 3829 alios
590 3779 623 3829 ad

669 331 759 397 pisces
776 330 882 398 fugiunt
902 332 969 383 retia
988 332 1080 383 foetida
1100 341 1127 382 et
1140 346 1203 382 cor-

670 415 762 470 rupta,
785 421 833 456 nec
859 406 973 456 libenter
1001 406 1102 456 intrant
1118 420 1158 465 ea,
1176 413 1203 454 et

670 495 779 550 propter
793 485 845 536 hoc
860 486 900 535 illi
924 484 971 553 qui
988 485 1126 550 piscantur
1139 499 1202 534 cum

670 556 769 607 talibus
789 557 901 618 retibus,
921 572 1020 623 paucos
1046 557 1088 606 vel
1112 555 1202 604 nullos

670 627 758 693 pisces
781 629 905 694 capiunt;
935 636 1087 694 sequuntur
1111 637 1201 676 autern

670 699 737 750 retia
759 700 892 752 odorifera
914 710 940 751 et
958 701 1069 755 munda.
1095 708 1120 749 et
1141 698 1201 748 ideo

670 786 733 822 cum
744 773 844 824 talibus
858 774 1001 840 capiuntur
1013 771 1120 823 melius.
1137 771 1203 820 Rete

671 845 790 907 Christi,
817 857 857 898 est
881 848 995 898 verbum
1016 847 1080 904 Dei,
1104 844 1201 910 pisces,

671 927 735 968 sunt
760 933 856 968 omnes
884 929 1048 983 peccatores;
1076 917 1202 974 dextera,

671 989 835 1054 spiritualia;
866 989 993 1052 sinistra,
1033 985 1201 1052 temporalia.

671 1059 724 1110 lste
739 1075 803 1125 ergo
816 1059 863 1126 qui
878 1058 1004 1124 praedicat
1025 1069 1134 1123 propter
1158 1058 1203 1107 lu-

671 1145 746 1180 crum
772 1131 929 1196 temporale,
953 1130 994 1180 vel
1019 1145 1115 1179 vanum
1144 1128 1204 1192 glo·

671 1201 750 1261 riam,
771 1203 889 1267 piscatur
908 1201 941 1251 ad
966 1201 1115 1259 sinistram,
1129 1210 1155 1250 et
1167 1216 1205 1250 re·

672 1275 709 1325 tia
728 1275 820 1326 foetida
848 1275 940 1335 habet,
966 1285 992 1324 et
1019 1274 1079 1324 ideo
1103 1288 1202 1339 parum

672 1347 792 1413 proficit;
817 1347 863 1396 sed
890 1346 937 1413 qui
969 1346 998 1396 in
1025 1346 1149 1395 doctrina
1177 1354 1207 1395 et

671 1419 860 1486 predicatione
884 1419 981 1485 quaerit
1005 1419 1120 1469 salutem
1149 1432 1201 1468 au-

672 1491 817 1554 dientium,
841 1490 887 1540 ille
912 1490 1030 1554 piscatur
1051 1489 1084 1538 ad
1108 1489 1202 1538 dexte-

672 1575 739 1624 ram,
761 1569 788 1610 et
816 1559 882 1609 retia
903 1557 1037 1608 odorifera
1064 1558 1154 1616 habet,
1178 1568 1203 1608 et

672 1631 733 1681 ideo
749 1631 868 1680 multum
887 1628 1008 1695 proficit;
1026 1643 1075 1678 nec
1090 1627 1202 1689 mirum,

672 1704 746 1770 quia,
759 1713 791 1755 ut
807 1703 908 1754 dieitur
920 1703 951 1753 in
963 1703 1034 1752 libro
1043 1699 1204 1752 Proverbio·

672 1791 733 1826 rum
757 1793 765 1827 :
794 1777 860 1826 Vios
875 1789 936 1840 qnae
953 1789 971 1824 a
985 1774 1110 1824 dexteris
1131 1778 1202 1832 sunt,

672 1851 748 1902 norit
779 1850 926 1911 Donrinus,·
958 1863 1099 1914 perversoe
1137 1861 1201 1898 nero

672 1928 743 1984 sunt,
755 1935 815 1988 qnoe
827 1937 845 1971 a
859 1921 981 1971 sinistris
992 1926 1063 1970 sunt.

705 1991 938 2043 teruncium
955 1992 1067 2041 loturus
1087 2004 1114 2038 nr
1127 2003 1204 2038 naco-

672 2079 824 2114 urroscauuo
841 2065 967 2122 cimmo,
982 2075 1139 2118 annuosque
1159 2060 1203 2108 Ps-

672 2150 718 2184 rm
732 2150 763 2185 sa
777 2151 804 2184 ur
818 2151 889 2184 rrius
906 2148 1058 2183 urrraurrs.
1073 2158 1104 2168 -
1119 2132 1203 2180 Joan-

672 2220 721 2254 nes
749 2205 839 2270 itaque
877 2203 1045 2252 considerato
1074 2199 1204 2249 miraculo

672 2277 750 2337 iacto,
765 2276 829 2343 quia
842 2275 910 2326 vidit
932 2274 1112 2338 adimpletum
1133 2271 1205 2321 sicut

672 2350 840 2415 praedixerat,
871 2346 1037 2412 recognoscit
1074 2359 1137 2394 eum
1177 2351 1205 2392 et

672 2420 747 2472 dixit
769 2415 863 2480 Petro,
883 2433 966 2484 quem
985 2431 1040 2481 prae
1065 2415 1126 2464 aliis
1140 2413 1204 2464 dili-

672 2495 768 2560 gebat,
796 2503 823 2543 et
843 2491 925 2541 etiarn
950 2489 1013 2556 quia
1039 2489 1110 2538 inter
1136 2486 1204 2537 alios
1285 2543 1287 2546 Α

673 2565 747 2630 prior
759 2574 815 2614 erat
831 2579 839 2612 :
853 2561 987 2613 Dominus
997 2565 1047 2623 est,
1062 2559 1105 2608 cui
1127 2557 1203 2609 scili-

673 2645 713 2686 cet
734 2645 760 2686 et
784 2635 872 2701 pisces
898 2632 1039 2683 obediunt.
1068 2629 1205 2680 Dominus

673 2708 755 2766 enim,
771 2719 811 2757 est
825 2720 925 2756 nomen
946 2704 1095 2770 potestatis,
1110 2711 1136 2751 et
1157 2715 1205 2766 per

674 2788 831 2845 potestatem
848 2779 875 2829 in
895 2778 1026 2828 miraculo
1036 2774 1153 2842 piscium
1164 2782 1205 2823 est

674 2849 718 2898 hic
731 2849 924 2900 manifestatus.
936 2849 1053 2898 loannes
1067 2845 1126 2911 qui,
1140 2853 1203 2893 tan-

674 2914 756 2988 quim
777 2922 863 2986 virgo,
879 2920 973 2970 ceteris
997 2917 1090 2983 purior
1102 2924 1166 2971 erat,
1179 2924 1205 2965 et

675 2992 851 3058 perspicacior
870 2992 896 3040 in
914 2987 1110 3056 cognoscendo,
1123 2986 1207 3037 citius

674 3063 737 3113 aliis
751 3062 876 3128 cognovit
893 3061 1050 3121 Christum
1066 3057 1131 3124 quia
1150 3072 1204 3121 pu-

674 3135 740 3185 ritas
762 3134 862 3184 mentis
886 3143 913 3182 et
935 3130 1066 3197 corporis,
1086 3129 1205 3179 maxime

674 3206 796 3272 disponit
808 3205 949 3255 hominem
964 3203 996 3253 ad
1020 3201 1205 3267 cognitionem

674 3277 838 3327 divinorum.
855 3275 1008 3326 Secundum
1021 3273 1134 3334 setam,
1159 3285 1206 3321 co-

675 3348 769 3414 gnovit
783 3347 887 3414 primus
900 3345 1048 3396 Dominum
1060 3359 1067 3393 :
1079 3342 1136 3392 sive
1150 3341 1204 3391 mi-

675 3420 766 3469 raculo
787 3419 867 3469 istius
882 3416 1049 3485 piscationis,
1066 3414 1122 3466 sive
1137 3429 1212 3464 sono·

675 3491 843 3556 praecognitae
855 3489 940 3552 vocis,
950 3487 1007 3538 sive
1019 3486 1113 3552 primae
1126 3482 1208 3535 remi-

676 3562 783 3612 niscens
814 3559 982 3626 piscationis.
1014 3559 1067 3610 Ubi
1105 3559 1207 3608 Petrus

677 3634 798 3684 Cantor:
811 3650 824 3678 u
835 3633 886 3681 Per
902 3633 1019 3690 Petrum,
1033 3629 1119 3680 activa
1130 3638 1155 3678 et
1166 3628 1206 3676 la-

676 3706 787 3757 boriosa
799 3705 861 3766 vita,
870 3719 917 3771 per
925 3704 1064 3762 ioannem,
1083 3711 1212 3769 contem-

678 3778 776 3845 plativa
788 3787 814 3827 et
830 3776 922 3843 quieta
933 3774 1109 3841 significatur.
1131 3772 1207 3822 Con-

89 3849 194 3900 bonum
213 3866 414 3902 conversorum.
432 3849 537 3901 Dicitur
550 3851 651 3918 quodi
679 3850 822 3917 emplativa
848 3848 938 3900 actirae
973 3848 1082 3909 Deum,
1109 3857 1196 3909 quem
