2626 4328
224 248 274 299 DE
291 211 400 298 PRIMO
416 243 684 307 COMPLETORIO,
699 244 737 294 IN
758 244 927 296 PASSIONE
942 243 1079 296 DOMINI.
1156 261 1210 312 479

91 379 189 432 parum,
204 363 253 415 sed
262 363 365 430 prolixe
378 373 404 413 et
413 360 548 422 distincte,
559 376 615 411 non

92 437 151 488 sicut
172 436 213 488 illi
228 435 277 503 qui
292 435 450 487 festinanter
466 434 546 484 horas
560 434 617 484 sol-

91 507 181 568 vendo,
197 506 249 558 etsi
271 521 325 556 non
340 505 431 567 verbo,
446 503 515 553 facto
529 512 618 554 tamen

91 575 178 628 dicunt
195 593 202 627 :
218 575 402 642 Expediamus
418 589 469 623 nos
493 573 525 624 de
548 572 617 632 istis,

93 648 149 714 quia
177 648 313 698 habemus
337 645 423 697 facere
452 645 503 711 alia
531 644 618 711 magis

94 719 255 782 necessaria,
289 717 368 784 quasi
404 717 558 768 festinantes
584 716 618 766 ad

52 843 56 855 Ι
94 787 196 838 utiliora
209 796 236 838 et
251 787 362 851 majora.
381 783 416 836 Et
431 785 618 852 videquomo·

95 858 120 909 do
133 858 226 910 statim
238 859 324 910 aderit
337 857 386 908 tibi
400 859 520 924 Angelus
530 857 577 924 qui
593 868 618 907 te

96 929 192 994 adjuvet
213 938 240 979 et
263 939 290 979 te
311 927 450 989 confortet,
476 939 502 979 et
518 927 618 978 oratio-

50 1036 52 1043 .
97 1015 148 1050 nem
175 1010 251 1051 tuam
272 1001 327 1050 Deo
345 1009 495 1065 presentet,
511 1009 619 1065 propter

50 1076 52 1139 j
98 1071 241 1137 exemplum
264 1071 338 1121 enim
363 1082 484 1120 nostrum
501 1070 547 1119 ille
562 1071 619 1119 An-

50 1178 52 1207 ,
99 1141 163 1206 gelus
198 1141 323 1207 apparuit
346 1140 497 1191 'confortans
521 1139 619 1191 Domi-

50 1266 52 1277 ,
99 1227 163 1264 num.
182 1213 217 1264 Et
231 1229 285 1263 non
299 1214 391 1272 semel,
405 1214 451 1263 sed
466 1212 618 1280 frequenter

50 1322 53 1333 .
100 1296 130 1334 est
149 1285 293 1344 orandum,
321 1284 390 1336 sicut
423 1285 480 1351 ipse
501 1284 619 1336 ostendit

101 1355 167 1406 nobis
185 1370 233 1423 per
251 1356 350 1407 trinam
367 1356 516 1407 orationem
533 1371 618 1416 suam,

100 1425 185 1479 docens
214 1439 244 1480 ut
270 1445 326 1479 non
344 1427 509 1490 deficiamus,
532 1429 618 1480 sedin

100 1499 208 1549 orauone
230 1514 444 1565 permaneamus,
464 1501 549 1551 donec
565 1499 619 1550 im-

50 1574 52 1613 Ξ
100 1579 224 1633 patremus
237 1586 267 1621 ea
277 1586 338 1637 quae
353 1573 488 1637 postulare
501 1572 554 1636 jam
564 1588 619 1623 coe·

100 1640 187 1706 pimus.
216 1642 254 1694 Et
273 1653 303 1693 tu
335 1658 381 1693 ora
405 1659 454 1710 pro
484 1644 618 1705 mortuis,

100 1727 138 1776 pro
156 1712 235 1773 vivis,
256 1724 312 1764 tam
334 1714 517 1780 peccatoribus
536 1730 618 1780 quam

99 1781 175 1846 justis.
191 1784 251 1844 Vel,
267 1795 354 1835 oravit
368 1796 417 1844 ter,
437 1796 468 1835 ut
485 1800 512 1836 er
523 1801 573 1836 nos
587 1786 619 1837 de

50 1910 52 1917 ,
99 1856 200 1920 penus
212 1857 357 1923 praeteritis
370 1857 487 1917 veniam,
502 1858 534 1908 de
548 1873 619 1924 prae-

98 1928 211 1980 sentibus
226 1929 454 1987 emendationem,
478 1937 504 1979 et
526 1930 559 1980 de
572 1927 619 1980 fu-

96 2001 156 2052 turis
178 2002 308 2053 cautelam
326 2002 411 2052 aDeo
435 2003 602 2067 postulemus
609 2018 617 2066 ;

97 2071 138 2132 rel,
153 2081 184 2121 ut
210 2072 269 2123 haec
284 2070 344 2132 tria,
363 2071 464 2122 scilicet
479 2088 486 2122 ι
502 2072 618 2132 veniam,

96 2140 200 2204 gratiam
235 2152 261 2192 et
297 2141 420 2207 gloriam,
442 2141 468 2191 in
500 2142 620 2193 oratione

96 2223 222 2279 petamus;
257 2215 309 2278 vel,
341 2225 372 2265 ut
401 2225 492 2266 contra
520 2215 619 2266 trinam

95 2286 322 2353 concupiscentiae,
330 2303 377 2338 seu
396 2287 550 2353 cupiditatis
565 2297 620 2339 ten·

95 2358 217 2408 tationem
229 2358 358 2409 orationis
369 2360 464 2425 clypeo
480 2370 617 2423 tueamur;

95 2430 137 2489 vel,
161 2439 193 2481 ut
210 2431 244 2480 ad
262 2428 434 2491 Trinitatem,
451 2430 553 2481 scilicet
571 2431 620 2480 Pa-

95 2506 167 2560 tren,
182 2510 209 2550 et
225 2499 337 2564 Filium,
354 2510 380 2551 et
394 2501 525 2566 Spiritum
549 2503 620 2552 San-

95 2583 161 2625 ctum
198 2575 353 2627 orationem
387 2575 542 2643 dirigamus.
572 2577 621 2627 Per

95 2641 139 2695 hoc
161 2646 244 2698 etiam
258 2645 349 2696 docuit
371 2662 420 2697 nos
440 2662 515 2698 orare
531 2647 619 2713 perfe-

96 2724 145 2778 cte;
160 2716 227 2782 quia
245 2714 369 2781 perfectio
383 2717 507 2767 consistit
522 2716 549 2766 in
575 2716 620 2767 tri-

97 2783 149 2846 bus,
166 2785 269 2837 scilicet
284 2801 291 2835 ι
307 2785 336 2835 in
355 2786 507 2852 principio,
531 2786 620 2836 medio

98 2866 118 2906 et
138 2855 200 2909 fine.
216 2858 376 2924 Compatere
404 2873 476 2908 nunc
492 2858 619 2923 Domino,

99 2937 120 2977 et
140 2927 276 2979 admirare
299 2927 536 2993 profundissimam
566 2929 621 2980 hu-

101 2998 232 3051 militatem
248 3015 339 3063 suam;
355 2999 419 3066 quia
433 3016 493 3050 curn
510 3000 545 3051 sit
564 3002 620 3052 Deo

101 3068 162 3121 Patri
182 3087 233 3122 suo
251 3071 393 3138 coaequalis
411 3083 437 3123 et
464 3083 620 3134 coaeternus,

101 3152 241 3204 prostratus
279 3152 367 3193 tamen
390 3143 476 3194 Deum
503 3153 569 3203 orat,
595 3154 622 3195 et

101 3221 221 3278 tanquam
248 3212 363 3279 quilibet
383 3213 417 3263 de
440 3215 540 3279 populo
568 3214 621 3264 ho-

102 3285 245 3334 munculus.
271 3284 354 3334 Orare
382 3283 493 3350 quidem
519 3285 621 3336 Patrem

103 3356 221 3407 convenit
236 3355 346 3406 Christo
370 3355 473 3406 ratione
493 3356 622 3406 humani·

103 3427 164 3489 tatis,
178 3428 208 3480 in
220 3444 275 3495 qua
296 3438 335 3479 est
357 3429 446 3479 minor
468 3431 557 3493 Patre;
569 3445 622 3479 non

102 3509 181 3550 autem
198 3501 302 3552 ratione
330 3500 445 3561 deitatis,
470 3501 497 3551 in
512 3516 565 3568 qua
584 3510 624 3552 est

103 3570 204 3635 equalis
220 3571 289 3622 Patri
305 3588 311 3622 ι
326 3571 409 3623 homo
424 3581 499 3636 rogat
510 3573 624 3631 Patrem,

104 3638 144 3703 qui
165 3652 195 3692 ut
208 3642 281 3692 Deus
300 3651 340 3692 est
362 3657 434 3692 unus
456 3643 624 3695 cumPatre.

104 3709 241 3766 Considera
283 3715 362 3766 etiam
404 3714 624 3780 perfectissimam

103 3780 152 3845 ejus
165 3785 354 3847 obedientiam,
375 3786 439 3852 quia
460 3783 532 3834 enim
549 3785 627 3835 Pater

104 3853 232 3924 vultquod
245 3856 385 3919 moriatur,
399 3856 458 3922 ipse
472 3856 541 3906 hanc
558 3855 626 3906 obe·

677 358 807 410 dientiam
849 368 1003 410 reverenter
1034 358 1147 425 suscipit
1184 373 1211 411 et

677 433 840 500 exsequitur.
859 433 927 484 Vide
943 433 1021 485 tertio
1042 432 1208 484 indicibilem

676 507 709 556 ad
723 522 774 557 nos
795 507 940 570 caritatem,
952 517 1006 558 tam
1022 506 1115 567 Patris,
1126 522 1208 573 quam

677 576 753 642 Filii;
781 593 830 644 pro
850 577 929 628 nobis
955 576 1030 628 enirn
1055 577 1111 627 haec
1135 593 1209 629 mors

676 646 806 698 indicitur
824 657 850 699 et
868 647 1027 707 sustinetur,
1040 657 1149 712 propter
1162 647 1207 697 ni-

677 715 758 766 miam
779 716 900 782 ipsorum
925 717 1061 768 caritatem
1075 731 1158 782 quant
1174 717 1207 766 ad

678 802 728 837 nos
744 787 853 838 habent.

712 857 740 910 13
755 860 860 910 ercm
875 860 986 911 Canrsrr
1006 875 1040 910 ar
1057 860 1208 909 Arosroao·

677 945 732 980 nuri
744 947 882 982 noaurrto.
897 960 928 970 -
950 933 1026 983 Vertit
1040 937 1137 994 autem,
1149 940 1210 995 post

678 1003 735 1054 haec
746 1003 879 1060 Dominus
892 1005 979 1065 lesus,
1002 1005 1039 1055 ad
1063 1003 1209 1071 discipulos

677 1089 749 1137 suos,
761 1083 786 1127 et
800 1076 878 1142 quasi
896 1077 1063 1143 compatiens
1076 1076 1124 1140 eis,
1143 1091 1209 1142 pro-

678 1156 735 1210 pter
756 1148 933 1198 tentationem
966 1149 999 1198 de
1023 1148 1153 1214 proximo,
1170 1147 1209 1197 eis

677 1218 882 1279 imminentem,
911 1219 985 1270 dixit
1011 1220 1051 1270 eir
1065 1237 1073 1270 :
1088 1218 1210 1270 Dormire

674 1288 730 1354 jam
750 1296 776 1340 et
794 1291 960 1356 requiescite.
983 1290 1067 1350 Quasi
1088 1290 1208 1339 diceret:

678 1361 774 1410 Parum
791 1361 904 1426 potestis
927 1361 1020 1411 facere.
1040 1359 1091 1420 Qui
1107 1359 1208 1409 ibidem
1223 1412 1226 1421 ¹

676 1431 876 1498 aliquantulum
913 1432 1090 1482 dormierunt.
1129 1430 1209 1480 Jubet

673 1519 723 1555 eos
737 1504 855 1555 dormire
874 1521 881 1554 :
898 1515 928 1556 ut
949 1504 1072 1556 ostendat
1086 1518 1162 1554 suam
1176 1501 1209 1552 ad

678 1589 724 1625 eos
761 1575 995 1641 compassionem,
1015 1575 1079 1641 quia
1108 1575 1209 1640 gravati

678 1655 764 1711 erant;
780 1657 806 1697 et
821 1657 852 1696 ut
866 1657 1023 1713 cognoscant
1042 1661 1119 1696 suam
1129 1643 1210 1694 infir-

678 1715 808 1776 mitatem,
833 1715 898 1782 quia
925 1731 986 1766 cum
1015 1716 1075 1782 ipso
1100 1714 1211 1780 vigilare

679 1805 734 1840 non
748 1798 885 1855 poterant;
903 1799 928 1840 et
942 1797 973 1839 ut
986 1805 1082 1840 somno
1102 1787 1209 1839 recreati

678 1859 770 1927 fugere
791 1870 902 1926 possent
915 1859 949 1911 de
970 1860 1095 1911 manibus
1115 1873 1207 1910 eorum

677 1930 725 1997 qui
740 1931 832 1981 statim
847 1930 987 1981 Christum
1002 1941 1076 1981 erant
1094 1929 1208 1995 capturi3

678 2013 704 2054 et
725 2003 751 2054 in
775 2004 861 2068 figura
875 2005 946 2069 quod
976 2003 1004 2054 in
1020 2002 1143 2070 proximo
1165 2001 1209 2051 in-

678 2074 813 2127 fidelitatis
848 2091 946 2126 somno
972 2087 1048 2127 erant
1072 2073 1209 2142 gravandi.

678 2146 824 2197 Considera
842 2147 871 2196 in
896 2146 1005 2198 Christo
1020 2145 1209 2210 mansuetudi-

678 2233 740 2268 nem
766 2217 848 2283 piam,
883 2229 985 2284 quanto
1013 2218 1087 2269 enim
1124 2215 1210 2280 magis

679 2287 879 2354 appropinquat
910 2288 943 2338 ad
975 2297 1100 2346 mortem,
1135 2293 1209 2335 tanto

680 2359 766 2426 magis
787 2359 911 2410 ostendit.
927 2359 1015 2410 cordis
1029 2358 1071 2408 sui
1086 2355 1211 2407 dulcedi·

679 2447 750 2481 nem.
778 2432 869 2481 Bonus
895 2440 986 2497 pastor
1012 2429 1140 2496 vigilabat
1162 2443 1210 2478 su-

679 2518 726 2568 per
752 2502 873 2553 custodia
893 2501 985 2568 pusilli
1006 2500 1094 2569 gregis
1118 2500 1210 2551 sui.0

678 2575 788 2641 grandis
804 2574 896 2626 amor!
917 2577 985 2627 Vere
1004 2577 1092 2625 bonus
1107 2585 1134 2625 et
1149 2573 1211 2640 pius

679 2658 719 2697 est
738 2645 782 2698 hic
801 2646 905 2712 pastor!
926 2648 994 2698 Vere
1017 2647 1044 2697 in
1058 2647 1143 2713 finem
1166 2645 1210 2695 di-

680 2717 749 2767 lexit
768 2731 822 2779 eos,
838 2733 900 2767 cum
917 2716 945 2767 in
964 2727 1037 2769 tanta
1051 2717 1146 2783 agonia
1159 2730 1211 2781 po-

680 2790 757 2849 situs,
775 2790 823 2840 illo
837 2789 943 2840 modico
959 2800 1079 2855 tempore
1092 2789 1211 2854 quietern

680 2878 773 2913 eorum
799 2861 940 2924 procurat!
973 2863 1034 2911 Non
1064 2861 1102 2912 sic
1131 2858 1212 2909 hodie

681 2933 760 2984 multi
774 2943 894 2999 pastores
910 2932 1021 2991 faciunt,
1036 2931 1084 2997 qui
1095 2927 1212 2979 subditis

680 3003 854 3070 vigilantibus
881 3013 908 3053 et
929 3003 958 3052 in
981 3001 1077 3067 agonia
1098 2998 1210 3063 positis,

680 3073 819 3125 dormiunt
854 3071 970 3124 suaviter
1002 3082 1028 3121 et
1058 3069 1210 3136 quiescunt

680 3146 751 3195 Dum
777 3159 840 3210 ergo
859 3141 964 3194 videbis
982 3140 1129 3207 discipulos
1146 3139 1211 3189 dor-

681 3216 794 3266 mientes
810 3215 840 3264 in
854 3216 928 3265 t'anto
941 3213 1069 3279 periculo,
1084 3221 1109 3262 et
1124 3209 1213 3260 Domi·

682 3303 748 3339 num
777 3285 953 3352 vigilantem,
979 3284 1001 3336 si
1028 3285 1141 3334 devotus
1168 3297 1211 3344 es,

678 3359 766 3409 multa
791 3356 912 3407 invenire
932 3355 1032 3421 poteris
1056 3369 1117 3421 quae
1141 3354 1213 3403 dicas

681 3437 735 3479 tam
750 3427 868 3478 Domino
891 3438 947 3491 tuo,
970 3441 1056 3493 quam
1070 3424 1213 3491 discipulis

681 3498 748 3549 suis.
769 3497 883 3549 Videbat
902 3497 1010 3549 tandem
1031 3511 1046 3546 a
1067 3497 1145 3562 longe
1165 3494 1214 3544 ad·

680 3570 812 3621 versarios
826 3585 891 3621 suos
906 3569 1044 3620 venientes
1064 3584 1126 3618 cum
1146 3565 1214 3618 faci-

682 3641 732 3692 bus
746 3650 773 3691 et
785 3641 877 3701 armis,
895 3655 942 3690 nec
961 3649 1052 3690 tamen
1067 3638 1216 3705 discipulos

682 3711 814 3771 excitavit,
836 3711 888 3762 nisi
912 3727 975 3761 cum
997 3725 1080 3776 prope
1096 3721 1122 3760 et
1137 3709 1214 3776 quasi

683 3784 755 3849 juxta
767 3798 813 3833 eos
823 3783 940 3834 fuerunt.
958 3784 1036 3833 Tunc
1052 3793 1142 3832 autem
1157 3780 1216 3833 evi-

683 3854 770 3920 gilans
782 3853 939 3919 discipulos,
951 3853 1020 3903 dixit
1028 3852 1068 3903 eis
1081 3869 1088 3902 ε
1103 3851 1217 3917 Sufficit,
