2626 4328
343 249 391 301 DE
406 250 530 311 SEXTA,
548 250 584 301 IN
601 248 770 304 PASSlONE
785 254 921 307 DOMINI.

66 366 108 416 nis
122 364 274 432 affectibus
303 367 440 418 sublevari
445 407 453 430 ,
469 375 500 419 et
512 374 601 419 mente
617 370 621 383 '

63 436 91 486 itt
106 435 263 487 ooelestidus
279 440 444 489 conversari.

91 502 109 554 8
131 506 264 556 Donoars
281 508 395 558 Curasti
413 524 558 560 rannerus
571 524 599 559 tu

58 592 155 631 esum.
169 608 204 618 -
218 580 244 630 O
262 596 344 646 quam
371 583 439 633 male
458 583 598 648 provisum

59 650 110 703 tun
138 652 205 704 Jesu
229 653 259 702 in
280 669 329 704 sua
349 655 520 719 minutione;
546 655 599 706 fuit

61 722 133 775 enim
143 722 179 774 in
191 740 242 774 sua
256 724 408 776 minutione
418 726 546 793 usquead
557 741 600 777 su-

60 794 155 847 &trem
177 795 335 856 calefactus,
356 796 468 848 firmiter
490 798 598 864 ligatus,

59 867 199 933 pmfunde
213 870 384 933 vulneratus3
396 871 442 920 sed
454 871 524 921 male
533 886 599 936 pro·

61 946 179 989 matus.
192 939 226 988 ln
252 938 341 989 tribus
363 954 480 1006 namque
505 940 598 1006 provi-

60 1008 138 1059 detur
150 1008 277 1072 minutis,
291 1008 392 1060 scilicet
402 1025 409 1058 τ
419 1011 448 1060 in
463 1009 599 1061 alimoniae

60 1083 236 1144 mundone,
252 1083 280 1132 in
293 1084 383 1149 quieta
395 1083 559 1150 pausatione,
571 1095 598 1135 et

58 1156 87 1206 in
97 1154 222 1207 luminis
238 1157 424 1209 absconsione.
440 1157 493 1208 Sed
511 1157 597 1208 dulcis

59 1224 136 1277 iesus
149 1240 202 1292 pro
218 1226 381 1278 recreatione
394 1228 492 1278 habuit
511 1228 546 1278 fel
571 1238 598 1278 et

58 1304 177 1359 acetum3
188 1311 240 1362 pro
252 1297 353 1362 quiete,
364 1299 531 1349 vexationem
544 1313 599 1348 cor-

59 1366 134 1432 poris
157 1377 185 1417 et
204 1366 378 1418 afflictionem
404 1369 523 1431 animae¹3
548 1384 597 1434 pro

59 1435 176 1488 tminis
200 1439 405 1504 temperatione,
425 1439 597 1504 splendorem

59 1506 254 1559 meridianum.
269 1509 320 1559 ilic
334 1510 409 1570 siste,
425 1511 595 1570 animantes,

58 1579 104 1631 hic
125 1579 203 1644 siste,
219 1579 320 1631 Christi
339 1581 472 1647 sanguine
487 1582 597 1632 redem-

61 1652 267 1718 pazsoceabet
281 1653 385 1704 occisus
399 1653 522 1718 afratre;
535 1671 597 1707 ecce

61 1722 132 1773 lsaac
148 1722 251 1789 ligatus
265 1738 281 1774 a
293 1734 386 1789 pstre3
402 1739 461 1774 ecce
486 1740 595 1792 serpens

61 1808 155 1848 aenms
167 1797 200 1846 in
209 1797 315 1847 deserto
326 1798 478 1850 exaltatusa
487 1801 594 1866 Moyse;

60 1880 121 1918 ecce
143 1882 245 1934 agnus,
270 1867 426 1919 immolatus
449 1868 479 1919 in
501 1871 594 1936 Lege;

61 1954 120 1991 ecce
141 1940 227 2002 Deus,
236 1940 341 1993 occisus
352 1942 385 1992 ab
393 1942 507 1993 homine
517 1960 525 2009 ;
535 1958 595 1994 ecce

59 2013 156 2079 lesus,
180 2012 324 2065 crucifixus
347 2014 376 2065 in
406 2031 506 2080 carne3
536 2031 595 2067 eece

58 2084 116 2137 Rex
149 2094 232 2146 tuus,
263 2101 410 2153 suspensus
444 2087 474 2138 in
497 2103 594 2152 cruce;

59 2170 117 2207 ecoe
131 2155 271 2207 Dominus
290 2167 370 2220 tuus,
400 2158 595 2209 condemnatus

59 2236 147 2278 morte
157 2243 168 2293 ;
193 2242 254 2278 ecce
271 2226 355 2278 homo
376 2228 451 2279 mitis
469 2239 499 2280 et
517 2229 596 2279 inno-

58 2316 128 2364 cens,
134 2300 278 2353 involutus
288 2303 433 2369 sanguina
445 2303 594 2355 eccehomo

57 2371 112 2424 vita
136 2382 204 2434 ma,
229 2374 307 2438 quasi
330 2374 450 2440 pendens
472 2385 534 2426 ante
558 2385 593 2426 te.

56 2443 136 2495 Fixis
148 2443 177 2495 in
195 2444 243 2496 illa
261 2446 373 2496 vulnera
391 2447 486 2512 oculis,
504 2448 592 2498 inter-

56 2528 92 2565 na
114 2514 221 2581 pietate
241 2515 379 2566 considera
396 2516 466 2566 illud
497 2532 593 2583 corpus

59 2592 201 2646 tenerum,
226 2600 325 2652 corpus
356 2587 423 2636 illud
451 2587 591 2652 innocens,

58 2672 158 2725 corpus
176 2657 389 2720 immaculatum,
407 2659 480 2726 gravi
507 2661 592 2712 crucis

58 2727 593 2795 amasionegravirerlacentummtmt-

58 2796 127 2849 teet
140 2798 214 2864 vide,
235 2799 260 2849 si
278 2805 320 2849 est
334 2800 493 2851 dolorsicut
513 2800 591 2852 dolor

57 2867 125 2937 q‘tts.
153 2868 191 2922 Et
218 2870 282 2921 licet
297 2886 353 2921 non
387 2871 497 2938 ignores
521 2872 590 2938 quid

54 2940 123 2993 bunt
147 2942 195 2994 illa
216 2942 310 2994 Passio
337 2942 455 2994 conferat
478 2944 590 3005 mundo,

54 3014 78 3067 si
97 3025 193 3067 tamen
208 3032 263 3084 qua
272 3026 339 3068 sunt
351 3017 381 3067 in
389 3027 419 3067 te
434 3016 549 3083 pietatis,
564 3017 590 3068 si

51 3100 110 3153 qus
132 3086 266 3149 caritstis,
279 3088 302 3138 si
318 3103 372 3154 qua
393 3086 591 3152 compassionis

54 3157 168 3220 viscera,
188 3159 298 3227 pietatis
320 3159 414 3211 affectu
440 3169 591 3224 compatere

58 3238 84 3282 et
96 3230 196 3282 emitte
213 3232 354 3298 lacrymas,
370 3232 455 3281 clama
469 3240 498 3280 et
513 3230 555 3280 dic
582 3246 590 3282 ι

119 3378 215 3432 Flecte
226 3394 319 3431 rennos
329 3378 412 3430 arbor
427 3379 486 3430 alta

120 3451 216 3503 Tenea
226 3452 296 3503 laxa
305 3452 410 3503 viscera

119 3520 251 3588 Etrigor
259 3523 389 3573 lentescat
400 3522 455 3585 ille,

120 3590 205 3653 um
216 3592 291 3644 dedii
301 3593 450 3643 nativitas:

124 3662 164 3713 Ut
171 3663 284 3730 reperiri
293 3664 411 3714 membra
424 3663 513 3730 Regis

120 3732 187 3784 Mitt
197 3733 292 3786 totilas
301 3734 402 3800 stipite.

67 3862 105 3917 &c
131 3868 206 3920 enirn
229 3867 371 3921 crucifixus
397 3876 438 3920 est
457 3867 592 3920 Dominus

1133 261 1185 329 5⁶9

654 368 738 430 lesus,
754 381 782 422 et
802 372 832 422 in
856 391 934 424 cruce
957 386 1091 437 extensus,
1111 381 1185 445 quod

653 442 817 495 dinumerari
852 458 962 512 possent
993 449 1086 500 omnia
1122 467 1187 503 ossa

653 513 724 578 eius,
749 524 775 564 et
800 516 840 566 sic
868 518 1035 583 angustiatus
1066 521 1185 588 undique

652 585 725 650 quod
748 601 776 636 se
801 602 908 638 movere
928 604 983 638 non
1012 599 1110 654 posset,
1132 592 1186 642 nisi

653 655 681 704 in
708 656 804 722 capite.
834 658 864 706 ln
899 659 965 708 hora
995 660 1069 710 enim
1094 669 1126 711 et
1151 662 1183 713 in

652 736 773 793 tempore
791 727 839 777 illo
860 729 942 778 flebili
969 731 1088 795 spatiosa
1099 739 1183 784 ‘terrie

651 797 765 849 latitudo
789 798 841 848 sibi
865 799 1003 860 defecerat,
1026 801 1062 852 ita
1076 812 1110 852 ut
1125 819 1183 853 non

651 867 761 920 haberet
781 869 827 920 ubi
844 881 922 934 caput
941 871 1058 922 miseriis
1081 873 1183 924 fossum

651 939 798 1001 reclinaret,
818 940 865 991 sed
876 941 1035 992 inclinatum
1046 944 1182 1009 depende-

650 1012 704 1064 bat.
731 1013 804 1065 Clavi
826 1014 904 1064 ferrei
933 1016 1069 1066 sustinent
1093 1027 1181 1068 totum

651 1084 757 1149 pondus
773 1085 857 1135 totius
874 1086 994 1151 corporis
1015 1087 1090 1150 eius3
1102 1088 1182 1139 dolo-

649 1169 693 1205 res
708 1156 852 1205 acerrimos
864 1156 967 1218 tolerat,
979 1166 1007 1205 et
1016 1159 1088 1207 ultra
1099 1174 1181 1225 quarn

650 1225 704 1275 dici
725 1227 766 1276 vel
791 1226 900 1291 cogitari
924 1226 1019 1291 possit,
1045 1227 1181 1294 affligitur.

648 1298 718 1350 Vide
733 1315 795 1349 cum
811 1311 914 1365 quanto
930 1300 1029 1359 labore,
1046 1310 1073 1350 et
1091 1301 1185 1352 dolore

650 1367 784 1419 Dominus
803 1380 856 1419 stat
870 1369 898 1418 in
918 1384 1003 1429 cruce,
1015 1379 1040 1419 et
1057 1386 1113 1420 nou
1134 1381 1184 1422 tte-

649 1440 710 1489 dest
727 1449 754 1490 te
767 1439 797 1490 in
814 1440 924 1490 servitio
943 1457 993 1494 suo
1007 1450 1094 1504 stare3
1108 1443 1182 1508 quie,

649 1519 680 1559 ut
699 1509 737 1560 ait
755 1511 857 1561 Petrus
868 1511 1028 1573 Damianus,
1042 1527 1098 1578 quo
1114 1513 1185 1563 labo

650 1582 750 1634 riosius
762 1583 793 1634 in
819 1594 963 1650 conspectu
984 1600 1108 1650 supernae
1131 1601 1187 1636 ma·

649 1654 751 1719 testatis
761 1669 790 1704 se
803 1654 1184 1720 conspicientisquisassistit,

649 1740 681 1775 eo
692 1725 802 1775 suavius
813 1726 981 1775 dulcedinem
996 1725 1096 1776 intimae
1106 1726 1186 1792 quie-

647 1795 685 1846 tis
709 1794 843 1862 acquirit3
865 1805 1019 1861 quantoque
1046 1794 1184 1846 difficilius

649 1866 823 1932 sulcorporis
833 1868 1003 1932 gravedinem
1015 1869 1118 1927 tolerat,
1127 1878 1182 1918 taa-

648 1947 677 1987 to
694 1938 831 2005 copiosius
842 1954 908 1988 eum
930 1939 962 1988 ad
982 1938 1031 1988 uei
1051 1939 1178 1990 meritum

645 2012 726 2062 leuat.
748 2011 805 2062 Stat
826 2012 907 2062 etiam
930 2013 1065 2063 Dominus
1084 2014 1177 2064 nudus

648 2099 769 2150 corpore,
785 2099 816 2134 ac
830 2096 910 2134 vento
919 2095 946 2134 et
957 2085 1051 2150 frigori
1068 2086 1178 2151 exposi-

648 2164 706 2220 tus3
720 2157 766 2207 sed
781 2165 822 2206 est
834 2157 947 2206 vestitus
959 2171 1059 2219 amore,
1073 2167 1099 2206 et
1109 2173 1181 2207 amo-

647 2226 685 2276 ris
703 2228 790 2277 calore
802 2226 987 2276 inflammatus
998 2228 1113 2292 aplanta
1130 2243 1180 2292 pe-

647 2295 690 2346 dis
704 2311 794 2362 usque
810 2297 846 2346 ad
864 2296 1000 2347 verticem.
1016 2300 1039 2346 Α
1053 2298 1129 2360 isera,
1147 2297 1176 2347 in

647 2368 775 2429 dextram,
786 2368 861 2418 intus
873 2368 1025 2418 etenterius
1037 2367 1178 2429 cruciatus,

646 2457 711 2492 crux
725 2441 852 2507 quippea
867 2440 985 2490 cruciatu
1004 2441 1120 2492 dicitnr:
1133 2443 1179 2492 ubi

645 2515 751 2565 dolores
760 2512 885 2563 acerrimi
901 2514 1035 2580 exagitant
1046 2529 1053 2578 ;
1070 2515 1118 2564 ubi
1129 2515 1180 2566 diu

645 2584 755 2644 vivitur,
774 2592 801 2633 et
823 2598 897 2632 mors
918 2585 977 2650 ipsa
1001 2585 1180 2650 protenditur,

646 2668 681 2704 ne
691 2653 768 2702 dolor
779 2651 859 2702 citius
874 2651 998 2716 finiatur;
1011 2655 1084 2720 quod
1095 2670 1181 2719 genus

645 2727 742 2778 mortis
753 2726 783 2777 in
792 2736 899 2778 tantum
911 2727 1088 2777 durissimum
1099 2737 1180 2794 atque

643 2797 835 2864 turpissimum
851 2798 922 2864 apud
936 2799 1041 2848 Judaeos
1065 2807 1131 2858 erat,
1148 2810 1178 2847 ut

645 2886 699 2919 non
718 2869 808 2920 solum
826 2869 885 2935 ipse
908 2869 1095 2934 vituperabilis
1110 2879 1180 2918 esset

641 2938 848 3006 querncrnciiigi
856 2939 1021 3003 contigisset,
1029 2939 1076 2988 sed
1084 2938 1176 2996 etium,

641 3022 698 3062 tota
719 3011 817 3060 domus
844 3010 911 3072 eius,
929 3010 1028 3058 domus
1048 3008 1168 3058 crucifixi
1202 3064 1205 3070 ,

644 3081 832 3148 appellaretur.

666 3170 683 3220 9
697 3154 756 3203 Cuu
767 3165 876 3200 nonme
887 3163 1085 3199 caucrssnscar
1097 3150 1177 3199 Dosti-

642 3238 694 3273 rtus
706 3227 755 3270 3-
767 3221 803 3272 Ut
812 3235 875 3285 ergo
889 3219 1026 3269 Dominus
1040 3235 1055 3270 a
1073 3219 1178 3285 turpis-

642 3295 712 3345 sima
729 3302 754 3343 et
772 3291 917 3341 durissima
933 3300 1020 3340 morte
1038 3306 1090 3340 nos
1108 3291 1179 3342 libe-

641 3375 722 3426 teret,
743 3379 801 3414 non
825 3363 917 3412 solum
940 3361 1102 3421 durissima,
1128 3361 1179 3412 sed

642 3439 724 3489 etiam
735 3435 895 3502 twpissima
909 3445 996 3484 morte
1006 3450 1039 3484 se
1048 3435 1178 3485 conden-

643 3511 701 3562 nari
710 3509 836 3577 permisit
846 3524 855 3571 ·,
866 3517 892 3558 et
909 3517 940 3558 nt
957 3507 1177 3557 maledictionem

641 3599 726 3650 quarn
763 3582 962 3632 innumeremus
999 3587 1180 3644 supportaret,

642 3651 812 3704 maledictam
829 3661 955 3707 mortun,
966 3648 1069 3698 soiliots
1077 3646 1177 3707 αἰπὰ,

549 3782 553 3787 ,
644 3724 770 3790 suscepit,
780 3722 928 3773 secundum
953 3721 1021 3770 illud
1036 3717 1180 3769 :Maledi-

644 3801 703 3847 ctus
720 3793 766 3860 qui
772 3792 872 3859 pendet
879 3791 907 3841 in
917 3791 1001 3856 liguo.
1015 3789 1092 3839 Unde
1102 3789 1179 3852 Apo-

642 3867 731 3918 stolus
744 3865 782 3916 ait
793 3880 802 3914 ⁴.
815 3863 917 3916 Factus
936 3861 1116 3921 maledictum,
1127 3872 1177 3910 stes
