2626 4328
370 117 417 168 DE
432 116 575 176 TERTIA,
592 116 627 165 IN
646 115 816 167 PASSIONE
832 117 968 170 DOMINI.

52 260 59 272 ·
101 240 157 292 nat,
178 245 242 297 quae
253 229 313 280 suis
327 230 429 280 aculeis
446 231 638 281 conscientiam

100 312 225 355 noemam
243 302 314 353 sicut
327 303 413 368 spinae
427 313 560 369 pungunt.
583 304 639 353 llas

99 390 162 441 ergo
177 374 275 440 spinas
293 374 419 425 Christus
443 374 561 438 suscepit
574 389 638 439 por·

100 447 195 496 tendas
209 461 260 510 pro
281 461 381 496 corona
400 445 527 495 victoriae.
544 445 638 495 Solent

99 518 174 568 enlm
190 518 308 568 victores
322 531 398 567 arma
411 517 578 566 devictorum
592 517 638 566 ho
657 532 659 537 ’

101 589 184 639 stium
208 604 260 654 pro
278 589 358 655 signo
379 587 509 638 victoriali
525 597 636 654 gestare,

100 674 126 714 et
147 665 182 713 de
205 664 253 714 lus
280 663 399 729 gloriari.
429 663 512 712 Arme
535 662 659 712 diaboli·

100 747 164 787 sunt
177 746 289 801 peecata
312 745 412 794 nostra,
431 734 531 800 quibus
545 749 637 784 arma·
656 764 659 769 >

100 816 142 857 tur
162 818 263 858 contra
285 823 345 866 nos,
372 821 432 872 qure
448 807 583 857 Domitius
606 806 635 856 in

100 877 231 928 Passione
254 893 305 928 sua
326 878 449 941 abstulit,
474 877 532 943 ipsc
561 878 636 928 enim

98 957 136 998 est
146 951 253 1015 Agnus
265 949 312 1014 qui
319 949 431 998 abstulit
441 956 555 1012 peccata
565 964 635 1000 mutt-

98 1019 133 1069 di.
154 1020 263 1070 Idcirco
291 1019 413 1084 spineam
436 1036 574 1081 coronam,
589 1031 636 1072 ut-

97 1099 158 1155 pote
170 1090 342 1141 victorialem
365 1089 395 1140 in
415 1092 568 1156 suocapite
587 1108 636 1157 ge-

97 1172 165 1213 stare
188 1163 381 1228 dignatusest.
407 1163 438 1213 In
461 1164 513 1213 ista
538 1156 658 1214 corona'

97 1231 186 1284 ridere
200 1235 304 1299 Regem
318 1245 443 1284 nostium
458 1234 636 1285 desiderabile
654 1270 657 1275 ,

97 1303 226 1354 &omni
249 1305 349 1354 enimse
371 1305 490 1368 amanti;
513 1305 586 1355 unde
601 1307 635 1356 ad

98 1373 146 1426 huc
158 1391 265 1440 sponsa
278 1376 309 1425 in
321 1376 452 1438 Canticis,
463 1392 561 1426 omnes
574 1375 636 1426 fide·

96 1445 130 1497 let
143 1449 255 1498 animas
269 1457 369 1509 evocat,
385 1449 479 1498 dicens
494 1465 501 1498 ε
517 1449 636 1515 Egredi-

97 1519 169 1582 nini,
187 1521 265 1586 filim
290 1521 366 1583 Sion,
392 1527 418 1570 et
440 1521 529 1572 videte
543 1537 634 1588 regem

97 1589 267 1642 Salomonem
282 1592 312 1642 ln
333 1592 493 1652 diademate,
517 1609 570 1659 qtoo
584 1609 634 1646 co-

97 1663 204 1713 mitavit
217 1671 306 1713 mater
327 1679 385 1727 me,
411 1665 512 1715 scilicet
526 1683 534 1715 ι
550 1682 633 1731 syna-

97 1747 170 1797 goga,
185 1734 220 1783 ad
241 1735 373 1798 litteram;
396 1737 448 1795 rel,
471 1741 631 1800 materaria,

97 1803 181 1855 idest
197 1805 303 1865 caritas,
323 1816 456 1872 quantum
471 1808 504 1857 ad
522 1818 632 1873 tropum

98 1886 269 1938 metentem.
289 1905 320 1914 -
340 1878 421 1928 aliud
439 1879 631 1929 documentum

97 1957 142 2007 eet,
162 1949 317 1997 secundum
342 1949 532 2014 Theophilum,
554 1960 585 1999 ut
606 1962 632 2000 et

97 2030 144 2067 nos
155 2033 304 2067 sumamus
314 2033 442 2068 coronam
456 2019 587 2083 spineam,
602 2020 631 2070 id

98 2101 133 2139 ert
145 2089 312 2140 festinemus
333 2092 452 2142 coronari
472 2092 527 2142 vita
548 2103 630 2157 arcta,

97 2159 270 2210 abstinentiis
283 2171 307 2210 et
317 2162 432 2226 puritate
441 2163 628 2227 conscientiae5

98 2229 136 2281 he
149 2232 227 2282 enim
242 2243 308 2282 sunt
326 2236 449 2299 quaedam
464 2235 549 2300 spinae
563 2251 629 2300 pro·

98 2311 152 2364 pter
170 2304 357 2353 austeritatem
377 2320 459 2370 quam
475 2305 584 2357 habent.
599 2335 630 2345 -

98 2371 218 2422 'Iertium
233 2373 426 2424 documentum
440 2384 489 2435 est,
500 2387 530 2425 ut
541 2386 567 2426 et
580 2393 630 2428 nos

96 2456 226 2493 conemur
250 2444 371 2495 coronati
395 2445 481 2510 spinis
501 2447 629 2498 tentatio-

96 2528 168 2564 num.
191 2515 330 2574 Quaelibet
351 2515 422 2566 enim
445 2518 557 2568 tentatio
578 2534 629 2569 nos

96 2585 259 2653 impugnans
272 2598 313 2638 est
322 2589 399 2653 quasi
415 2591 537 2654 quaedam
549 2591 628 2656 spina

95 2667 171 2722 caput
179 2657 285 2706 mentis
293 2669 390 2708 nostrae
399 2675 532 2724 pungens,
545 2677 627 2727 quam

96 2725 157 2777 dum
173 2727 261 2777 homo
275 2739 390 2792 superat,
410 2730 488 2794 spina
501 2730 547 2780 illa
559 2731 628 2781 cedit

95 2796 145 2847 sibi
157 2798 192 2847 ad
205 2813 348 2847 coronam.
361 2799 438 2848 Unde
456 2809 525 2864 quot
536 2801 628 2865 spinas

94 2865 276 2915 tentationum
288 2865 371 2915 homo
382 2866 411 2916 in
425 2869 473 2917 hac
486 2868 538 2918 vita
551 2869 628 2919 susti·

94 2944 303 3000 net-etsuperat,
315 2946 355 2986 tot
364 2953 486 3002 gemmas
498 2939 628 3002 pretiosas

94 3007 123 3056 ad
138 3023 269 3058 coronam
288 3023 365 3058 suam
385 3021 531 3075 comparat.
551 3013 626 3075 Jesu,

94 3079 135 3142 qui
148 3080 239 3144 spinis
251 3082 379 3131 coronari
395 3083 575 3147 voluistisac
585 3100 628 3135 me

90 3151 256 3212 nomentio
281 3151 367 3215 spinis
384 3152 425 3202 sic
446 3153 530 3218 <ligne
552 3170 627 3205 com·

90 3222 186 3286 pungi,
208 3227 239 3272 ut
251 3236 269 3271 a
284 3228 309 3272 tc
318 3223 460 3273 mercorio
475 3223 626 3276 coelestibus

91 3293 230 3343 emmoni.

124 3361 157 3413 15
174 3363 272 3413 Derim
281 3380 310 3414 at
324 3381 458 3416 scertaun
469 3383 624 3428 nnunnttus,

93 3447 274 3486 naumurum
298 3454 333 3488 nx
348 3454 382 3488 no
407 3456 441 3490 nr
463 3457 571 3492 orario.
595 3469 625 3480 -

94 3501 262 3572 Prosceptro
270 3524 379 3575 quoque
389 3510 480 3575 regali,
494 3511 627 3562 dederunt

94 3578 250 3629 arundinem
271 3580 298 3630 ln
313 3581 428 3631 dextera
452 3582 518 3648 ejus,
536 3583 624 3632 deho-

96 3657 229 3699 testantes
246 3651 376 3702 arundine
395 3653 541 3713 dexteram,
563 3669 624 3718 quae

95 3718 189 3768 cetum
208 3721 280 3787 regit
292 3731 319 3789 et
332 3732 447 3786 terram3
459 3734 490 3774 et
505 3739 553 3789 per
571 3726 623 3775 hoc

1175 121 1226 186 541

692 229 830 295 signantes
844 247 961 297 regnum
978 233 1051 296 quod
1073 233 1126 283 sibi
1148 249 1231 285 usur-

691 303 764 366 pavit
778 303 891 353 dicendo
904 319 932 353 se
946 304 1056 369 Regem,
1067 304 1099 352 ad
1115 305 1227 355 modum

691 374 833 425 arundinis
842 390 901 426 esse
913 390 1027 426 vacuum
1037 385 1063 424 et
1074 373 1226 437 infirmum,

691 461 720 496 ac
731 446 820 510 ipsum
835 461 918 512 regno
930 461 1061 496 vacuum:
1074 462 1129 496 non
1142 456 1227 498 atten-

691 518 792 577 dentes,
808 518 881 582 quod
905 516 962 582 ipse
982 517 1085 566 dixerat
1110 532 1224 582 regnum

690 604 771 638 suum
787 604 844 638 non
857 604 916 639 esse
933 589 967 638 de
981 589 1032 638 hoc
1049 588 1162 648 mundo,
1178 590 1224 639 sed

689 657 718 707 in
740 658 793 708 alio
816 659 929 718 munde,
946 658 1045 708 scilicet
1059 658 1223 720 eternitatis,

690 728 737 778 ubi
759 744 873 795 regnum
896 739 937 779 est
961 729 1160 781 firmissimum.
1184 731 1224 783 Ex

689 799 741 848 hoc
755 800 867 850 articulo
887 799 1003 850 trahitur
1020 802 1223 862 documentum,

689 871 762 935 quod
784 886 834 920 tros
860 871 995 921 attendere
1015 872 1153 931 debemus
1176 887 1225 924 nos

689 958 721 992 ex
736 943 816 994 nobis
839 959 898 994 esse
911 943 1034 994 infirmos
1058 955 1084 995 et
1104 944 1222 1012 fragiles,

689 1030 718 1063 ac
732 1015 808 1064 omni
828 1015 899 1064 bono
913 1030 1020 1076 vacuos,
1043 1017 1096 1066 nisi
1118 1018 1226 1068 dextera

689 1086 737 1135 Dei
750 1103 799 1136 nos
819 1103 902 1136 manu
916 1097 1019 1151 teneat;
1035 1088 1105 1138 sicut
1119 1089 1225 1141 arundo

689 1160 717 1210 in
728 1176 757 1210 se
771 1162 852 1212 habet
862 1162 1022 1212 vacuitatem
1037 1172 1063 1211 et
1073 1162 1221 1213 imbecilli·

688 1241 780 1290 tatem,
793 1233 839 1281 sed
852 1249 934 1282 manu
950 1232 1052 1282 Christi
1066 1234 1221 1298 apprehen-

689 1319 726 1371 εειι
746 1303 993 1356 firmatur.1dcirco
1013 1322 1085 1372 erge,
1111 1318 1141 1356 ut
1161 1307 1226 1358 dicit

688 1375 825 1439 Hilarius,
846 1376 980 1427 Dominus
1000 1387 1090 1426 noster
1109 1378 1224 1428 arundi-

688 1447 798 1497 nemin
824 1448 932 1497 dextera
956 1458 1046 1498 tenere
1066 1448 1163 1507 voluit,
1192 1460 1223 1499 ut

688 1534 734 1582 per
749 1518 800 1568 hoe
819 1519 972 1568 ostenderet
988 1534 1017 1568 se
1040 1534 1090 1568 nos
1104 1518 1221 1585 fragiles,

686 1605 783 1639 vacuos
803 1599 828 1639 et
843 1589 966 1639 infirmos
981 1605 1063 1639 manu
1080 1600 1180 1654 tenere,
1195 1601 1221 1641 et

686 1663 813 1713 omnibus
826 1663 906 1712 bonis
919 1662 1039 1727 implere.
1055 1664 1131 1723 Item,
1144 1679 1220 1714 arun·

685 1734 721 1782 tio
737 1734 793 1783 sive
806 1735 934 1796 calamus,
951 1744 991 1784 est
1006 1734 1219 1785 instrumentum

685 1806 831 1866 scribendi,
844 1818 870 1857 et
879 1808 988 1867 idcirco,
996 1808 1144 1858 secundum
1154 1809 1221 1860 Hie·

683 1895 835 1946 mnymum,
862 1879 989 1930 Christus
1020 1882 1153 1930 calamum
1188 1881 1216 1931 'tn

685 1966 766 2000 manu
782 1960 873 2001 tenere
888 1951 982 2010 voluit,
1002 1962 1032 2001 ut
1046 1951 1218 2016 sacrilegium

683 2021 836 2070 ludaeorum
860 2020 997 2080 scriberet,
1018 2030 1043 2070 et
1065 2021 1219 2072 ostenderet

683 2106 712 2140 se
724 2091 803 2141 illum
816 2106 882 2148 esse,
895 2090 943 2154 qui
958 2091 1056 2139 electos
1069 2105 1134 2140 suos
1150 2090 1219 2141 scri·

684 2163 757 2211 beret
768 2162 797 2210 in
812 2162 882 2210 libro
894 2161 965 2210 vitae.
979 2162 1055 2221 Jesn,
1071 2160 1116 2225 qui
1137 2175 1220 2212 arun·

682 2236 769 2285 clinem
783 2249 835 2300 pro
856 2240 962 2299 seeptro
984 2233 1012 2283 in
1034 2233 1151 2282 dextera
1171 2234 1220 2285 tibi

681 2306 744 2356 clari
759 2305 877 2366 voluisti,
900 2303 1118 2363 imbecillitatem,
1140 2319 1219 2368 qute-

681 2391 720 2437 s0,
736 2390 821 2425 meam
835 2375 952 2424 dextera
971 2380 1025 2424 tuae
1036 2375 1166 2440 potentio
1177 2376 1218 2427 sic

681 2452 834 2496 sustentare
846 2444 980 2510 dignatio,
993 2452 1123 2511 quatenns
1138 2446 1164 2496 in
1177 2461 1217 2497 me

680 2523 882 2582 regnumtuttm
894 2515 1003 2581 jugiter
1022 2517 1215 2581 conformetur.

716 2588 746 2639 tti
767 2590 838 2640 Tam
853 2605 1003 2639 recusimus
1027 2605 1216 2640 msrnuusnrn

681 2676 707 2709 tr
728 2663 856 2720 Cuntsw,
879 2676 946 2718 Qum
966 2661 1099 2710 sistitur?
1120 2661 1215 2710 -Sic

681 2749 744 2798 ergo
778 2733 830 2783 trie
864 2733 1043 2783 instrumenta
1079 2733 1215 2783 illusionis
1260 2763 1267 2779 .

681 2803 897 2863 introducuntur,
912 2803 1035 2853 scilicet:
1052 2802 1135 2851 vestis
1155 2816 1215 2866 pur-

680 2893 762 2943 purea
787 2887 814 2928 et
839 2878 972 2939 coccineo,
995 2891 1092 2925 corona
1113 2875 1214 2939 spinea,

679 2949 783 2998 arundo
809 2962 900 2998 vacua.
923 2945 1010 2996 Vestis
1030 2945 1146 3009 corpori,
1167 2961 1215 2996 co-

680 3035 744 3069 rona
773 3019 871 3084 capiti,
898 3019 1003 3069 arundo
1033 3032 1081 3082 pto
1113 3027 1216 3082 sceptro

680 3089 772 3139 manui
794 3089 952 3154 imponitur.
974 3088 1015 3138 Ad
1035 3087 1217 3138 litteramlttee

679 3170 743 3210 sunt
769 3161 820 3211 tria
850 3161 950 3226 regalia
976 3159 1096 3226 insignia
1118 3171 1218 3210 contu-

679 3231 791 3282 meliose
810 3242 836 3281 et
858 3231 888 3281 in
913 3231 1078 3282 derisionem
1100 3231 1152 3281 sibi
1169 3231 1219 3281 im·

679 3317 779 3366 pensa,
802 3311 838 3353 ut
872 3317 933 3352 teus
958 3303 1115 3353 ostendatur
1148 3303 1218 3353 laesae

679 3373 833 3437 maiestatis,
856 3389 888 3424 eo
916 3375 990 3440 quod
1016 3391 1132 3441 regnum
1165 3375 1219 3424 vel-

678 3443 714 3492 let
731 3442 784 3492 sibi
796 3452 943 3508 usurpare,
962 3460 1011 3494 nec
1035 3455 1125 3510 posset
1143 3444 1217 3494 obti-

679 3529 751 3565 nere.
766 3515 904 3565 Motalitet
928 3526 1028 3577 autem,
1043 3517 1114 3566 sicut
1135 3515 1217 3567 Chri·

678 3599 736 3637 stus
766 3587 864 3639 illusus
899 3587 951 3640 fuit
983 3590 1146 3654 tripliciter;
1175 3587 1213 3638 sic

678 3656 817 3723 tripliciter
843 3659 934 3708 anima
962 3659 1117 3724 frequenter
1147 3658 1214 3707 illu-

677 3729 751 3781 ditur
785 3739 811 3781 et
845 3747 892 3796 per
916 3741 1055 3796 peccatum
1086 3730 1213 3796 capitur:
