2626 4328
201 242 249 294 DE
264 240 436 292 SECUNDlS
451 240 626 299 vasensis,
643 241 678 291 lN
695 241 863 292 PASSIONE
882 241 1021 292 DOMINI.

61 357 182 408 scientiae
195 358 249 408 Dei
261 359 420 420 absconditi,
436 359 527 408 lancea
539 357 598 408 mi·

60 430 133 480 litari
143 430 300 496 perfossum
313 443 362 497 est,
374 444 403 483 ut
416 443 510 499 pectus
518 442 595 482 tuum

60 516 76 552 a
86 501 178 567 pravis
191 502 399 569 cogitationibus
410 504 596 567 mundaretur,

62 574 225 623 mundatum
241 574 459 635 sanctificaretur,
481 583 508 624 et
526 589 595 623 con·

61 652 213 694 servaretur
226 644 432 695 sanctificatum.
448 645 532 695 Pedes
545 643 595 703 illi,

60 731 182 783 quorum
203 717 349 767 scabellum
374 718 486 768 adorare
509 717 595 767 debe-

62 801 137 849 mus,
160 787 286 851 quoniam
310 794 430 838 sanctrun
455 794 505 851 est,
530 789 599 838 dura

61 856 241 909 umsfixione
254 859 374 909 mansfixi
385 870 459 920 sunt,
472 874 505 910 ne
515 858 597 924 pedes

61 927 103 980 tui
123 925 281 979 festinarent
300 931 333 980 ad
348 931 461 993 malum,
474 930 522 981 sed
532 943 599 979 cur-

61 1008 154 1049 rerent
174 999 249 1050 viam
272 1000 461 1050 mandatorum
475 997 596 1050 Domini.

62 1067 137 1127 Quid
153 1069 250 1152 plura?
265 1070 316 1120 Pro
336 1081 362 1120 te
376 1085 483 1120 carnem
497 1079 524 1120 et
543 1069 599 1119 ani-

62 1153 136 1203 mam
151 1141 245 1206 posuit
264 1151 294 1191 ut
312 1157 410 1207 corpus
423 1152 449 1191 et
467 1141 595 1206 spiritum

61 1210 115 1261 sibi
136 1213 299 1264 vendicaret.
322 1215 423 1264 Totum
438 1224 506 1273 toto,
527 1228 557 1262 se
571 1223 598 1262 te

61 1284 236 1348 comparavit.
253 1285 342 1335 Huic'
336 1286 419 1350 igitur
433 1300 544 1334 ornnem
554 1284 598 1335 vi-

62 1362 118 1403 tam
148 1364 233 1415 tuam,
256 1371 272 1405 o
299 1357 393 1416 homo,
422 1355 512 1418 debes,
531 1356 597 1422 quia

62 1423 146 1474 vitam
160 1440 238 1475 suam
251 1442 299 1492 pro
313 1436 358 1477 tua
371 1427 479 1492 posuit3
492 1436 521 1476 et
532 1442 597 1476 cru·

61 1494 147 1545 cianus
162 1511 268 1546 amaros
289 1497 428 1556 sustinuit,
443 1513 476 1548 ne
486 1507 515 1549 tu
528 1513 599 1563 per-

62 1576 144 1632 petuo
166 1568 325 1620 sustineres.
345 1569 396 1619 Cui
416 1584 480 1618 vero
499 1568 597 1634 justius

61 1638 152 1691 vivam
166 1657 250 1706 quam
267 1642 319 1702 illi,
333 1644 379 1708 qui
393 1643 416 1693 si
432 1659 487 1692 non
503 1656 596 1693 morc-

63 1719 152 1772 retur,
173 1726 224 1777 ego
255 1728 310 1762 non
334 1713 471 1763 viverem?
499 1731 514 1760 n
539 1713 598 1763 haec

63 1781 233 1832 Bernartius.
256 1783 298 1832 Ad
320 1783 372 1833 hoc
395 1784 475 1834 etiam
494 1783 601 1833 lacien-

62 1851 140 1912 dum,
165 1862 192 1902 et
214 1853 335 1903 debitum
360 1854 477 1904 Domino
501 1869 599 1918 repen-

64 1922 206 1988 dendum,
237 1925 309 1975 idem
336 1927 494 1976 Bernartius
520 1925 599 1993 quasi

64 2000 201 2048 monendo
229 1999 269 2049 sic
293 2000 358 2050 dicit
383 2017 390 2050 :
420 2018 434 2046 a
459 2001 483 2050 Ο
505 2001 597 2061 homo,

64 2068 170 2135 respice
217 2071 295 2120 oculo
328 2072 461 2129 mentali,
497 2081 598 2138 quanto

63 2140 290 2191 remunerationis
324 2142 414 2191 debito
446 2141 600 2207 astringaris

62 2213 183 2263 Domino
204 2215 324 2279 patienti.
351 2216 447 2266 Recole
472 2217 600 2266 sudorem

62 2288 254 2353 sanguineum,
278 2288 387 2354 triginta
400 2300 549 2355 argenteos,
564 2288 600 2340 fi-

63 2361 164 2412 ctionis
186 2362 321 2420 osculum,
339 2363 476 2427 alaparum
501 2372 599 2413 contu-

64 2431 196 2492 meliam,
227 2433 395 2499 flagellorum
422 2434 599 2499 instantiam,

64 2503 138 2554 ictus
156 2504 309 2562 arundinis,
321 2519 447 2555 coronam
465 2505 600 2570 spineam,

32 2572 37 2587 '
65 2573 140 2640 sputi
155 2573 283 2633 ludibria,
296 2574 381 2625 crucis
393 2575 543 2641 angariam,
557 2591 600 2641 pa·

65 2643 148 2695 tibuli
163 2645 349 2711 suspendium,
366 2647 459 2696 oculos
473 2646 601 2712 languen-

65 2727 118 2780 tes,
144 2716 201 2766 oris
226 2717 365 2783 pallorem,
389 2716 473 2768 fellita
489 2717 600 2781 cibaria,

66 2800 159 2838 amara
169 2790 273 2854 pocula,
290 2790 412 2855 spongiae
427 2791 600 2856 obsequium,

67 2867 149 2922 caput
159 2858 329 2920 inclinatum,
344 2861 413 2913 latus
425 2859 601 2925 perforatum,

67 2928 149 2979 ulnas
168 2940 304 2991 extensas,
336 2947 432 2980 manus
452 2930 602 2991 transfixas,

66 3000 151 3066 pedes
168 3001 317 3062 confossos,
332 3017 424 3052 vocem
440 3002 602 3051 lamentabi-

66 3074 134 3133 lem,
157 3073 274 3124 latrones
295 3074 459 3132 altrinsecos‚
482 3075 603 3138 garrula-

66 3144 159 3194 tiones
172 3145 316 3205 irrisoriae,
332 3146 440 3195 titulum
455 3144 601 3204 famosum,

67 3215 222 3266 vestimenti
235 3219 344 3275 sortem,
357 3216 522 3280 geminatum
535 3215 604 3264 Cru-

66 3285 162 3354 cifige.
197 3288 270 3347 Quid
296 3287 401 3352 plura?
436 3286 602 3336 vilissimum

67 3358 168 3409 mortis
193 3358 365 3424 supplicium,
390 3367 416 3406 et
439 3358 535 3422 probra
559 3371 602 3406 ne-

64 3430 235 3482 fandissima.
246 3450 259 3477 »
270 3430 410 3480 Etiterum
423 3447 429 3479 :
442 3430 541 3488 avide,
556 3429 603 3478 ho·

66 3518 126 3562 mo,
141 3519 196 3568 quo
210 3517 302 3553 amore
316 3513 341 3550 te
360 3501 454 3551 dilexit
469 3500 604 3550 Dominus

66 3576 143 3625 Deus
159 3588 232 3634 tuus,
252 3586 282 3624 ut
299 3574 412 3638 vestigia
434 3574 490 3637 ejus
505 3586 604 3637 sequa-

66 3646 116 3698 ris».
130 3646 179 3695 Pro
196 3654 221 3696 te
235 3645 333 3711 ligatus
345 3657 394 3702 est,
409 3655 437 3693 ut
449 3654 474 3692 te
487 3641 603 3692 vinculis

66 3727 240 3785 peccatorum
261 3717 418 3766 absolveret.
438 3717 488 3765 Pro
509 3725 535 3764 te
552 3713 602 3764 fla-

66 3791 184 3858 gellatus
196 3802 245 3850 est,
258 3798 288 3840 ut
302 3800 356 3840 tea
369 3788 481 3854 flagellis
495 3796 601 3837 aeternae

67 3863 119 3912 irae
132 3871 246 3911 erueret.
262 3861 315 3910 Pro
329 3869 355 3909 te
366 3859 497 3924 judicatus
507 3867 556 3918 est,
572 3867 604 3906 ut

1131 241 1185 292 625

650 368 676 408 te
686 373 702 408 a
712 359 813 423 judicio
827 368 934 408 oeternae
943 357 1133 408 damnationes
1147 357 1183 407 li-

650 431 762 482 beraret.
776 432 830 481 Pro
840 442 866 481 te
877 441 1019 480 coronatus
1033 440 1074 480 est
1085 431 1184 495 spinis,

649 511 681 552 ut
694 513 720 552 te
733 515 870 570 ¹coronaret
884 503 914 553 in
926 504 1009 554 coelis.
1022 502 1075 552 Pro
1086 513 1114 551 te
1123 504 1183 553 rul-

651 581 760 622 netatus
778 584 818 624 est
833 573 964 632 medicus,
979 583 1010 623 ut
1028 583 1057 622 tu
1071 587 1183 627 sanare-

650 645 688 695 ris
712 656 837 710 aegrotus.
860 647 912 696 Pro
933 656 960 696 te
977 644 1129 703 crucifixus,
1151 655 1184 694 ut

649 727 710 766 tuas
743 716 975 782 concupiscentias
1005 714 1182 780 crucifigeret

652 789 704 838 Pro
713 800 739 839 te
751 799 877 838 mortuus
890 799 939 848 est,
954 799 985 839 ut
1000 799 1026 839 te
1038 803 1054 838 a
1067 788 1185 837 mortuis

649 860 797 911 suscitaret.
811 861 862 910 Pro
873 870 899 910 te
912 861 1034 926 sepultus
1047 871 1098 919 est,
1109 869 1139 909 ut
1154 859 1184 908 in

650 943 676 984 te
686 933 752 984 vitia
762 933 887 998 sepeliret
899 950 906 982 ι
916 953 930 979 n
941 934 999 982 haec
1013 932 1186 982 Bernartius.

650 1007 735 1057 Multa
760 1006 842 1072 igitur
870 1021 919 1070 pro
947 1004 1028 1055 nobis
1054 1003 1184 1054 sustinuit

650 1079 786 1129 Dominus
811 1079 907 1138 lesus,
936 1077 983 1127 sed
1014 1091 1065 1126 nos
1089 1075 1183 1125 miseri

649 1151 683 1199 ad
697 1150 885 1200 confusionem
900 1159 1032 1206 nostram,
1048 1162 1104 1196 uno
1123 1161 1183 1196 set-

651 1237 732 1273 mone
753 1221 906 1287 fatigamur,
917 1235 972 1270 uno
986 1219 1068 1270 verbo
1086 1218 1186 1283 dejici-

650 1309 722 1344 mur.

683 1381 699 1428 7
725 1365 847 1415 Maurum
872 1378 962 1414 vienn
989 1376 1093 1411 coarat
1120 1376 1184 1410 ιιιιιι

652 1436 788 1485 Passionis
803 1451 930 1485 ιιειιοιιιι.
952 1462 981 1471 -
1004 1430 1107 1482 Omnia
1120 1445 1187 1494 ergo

650 1523 712 1574 quae
735 1508 870 1558 Dominus
893 1507 970 1557 lesus
994 1519 1098 1570 passus,
1121 1517 1183 1570 quae

650 1578 720 1628 circa
735 1579 826 1644 ipsum
847 1587 922 1644 gesta
942 1587 1014 1636 sunt,
1035 1585 1126 1624 mente
1141 1589 1184 1624 re·

650 1650 737 1711 volve,
752 1659 780 1699 et
794 1649 935 1730 diligenter
950 1656 1096 1713 pertracta;
1113 1653 1185 1696 etex

651 1720 696 1769 his
715 1731 742 1770 te
765 1720 798 1768 ttd
818 1718 973 1784 patientiam
1001 1717 1029 1767 in
1057 1711 1185 1766 omnibus

651 1791 780 1851 adversis,
793 1807 855 1857 quae
870 1791 976 1857 pateris,
991 1789 1099 1855 accinge
1117 1787 1186 1838 viri-

652 1864 713 1914 liter
726 1872 754 1913 et
765 1879 849 1913 arma.
861 1863 938 1913 Unde
950 1863 1162 1926 Carrsostomas
1176 1876 1190 1908 .-

653 1954 667 1982 ι
689 1936 836 1985 Armemus
856 1933 1037 1998 nosmetipsos
1057 1931 1185 1981 adversus

653 2023 763 2059 omnem
784 2007 914 2066 furorem,
933 2007 1060 2055 adversus
1074 2018 1187 2053 omnem

653 2080 741 2142 iram,
764 2088 790 2129 et
817 2079 839 2128 si
862 2077 1061 2127 inflammatum
1085 2073 1188 2124 videris

653 2167 699 2202 cor
726 2162 813 2208 tuum,
842 2149 920 2214 signa
945 2157 1046 2212 pectus,
1075 2145 1185 2208 impone

653 2237 769 2272 crucem.
795 2219 964 2270 Convitiatus
991 2227 1031 2267 est
1053 2214 1103 2264 tibi
1132 2213 1185 2264 ali-

653 2293 725 2360 quis,
755 2292 892 2342 recordare
917 2288 1040 2340 omnium
1069 2301 1130 2352 quoe
1156 2285 1184 2335 in

654 2364 763 2416 Christo
777 2375 850 2430 gesta
864 2355 1185 2425 sunt3etomn1aexst1n

654 2446 825 2501 tenentur.»
812 2434 919 2484 »Non
945 2430 1034 2481 solum
1064 2430 1186 2493 legamus

653 2507 713 2556 haec
732 2505 834 2565 omnia,
855 2505 946 2554 sedet
965 2511 1055 2551 mente
1068 2497 1188 2548 feramus

654 2592 693 2627 ea.
728 2575 895 2626 Sufficientia
924 2572 998 2624 enim
1022 2580 1086 2622 sunt
1112 2568 1188 2626 haec,

654 2649 781 2700 continue
795 2648 924 2706 revoluta,
943 2645 1095 2696 universam
1116 2642 1188 2692 iram

654 2723 800 2772 destruere.
827 2720 860 2770 Et
884 2718 907 2769 si
931 2715 1133 2773 contumeliam,
1161 2720 1188 2761 et

654 2792 678 2842 si
702 2791 863 2874 injustitiam
893 2789 1041 2855 patiamur,
1066 2785 1190 2834 dicamus

655 2863 806 2914 continuo:
825 2862 889 2912 Non
915 2865 957 2909 est
982 2870 1077 2908 servus
1100 2852 1188 2916 major

654 2934 772 2985 Domino
788 2947 837 2983 suo
873 2934 1016 2995 Propterea
1033 2925 1108 2976 enim
1130 2923 1187 2973 haec

658 3004 750 3054 omnia
764 3001 903 3060 sustinuit,
917 3012 946 3050 ut
967 2997 1114 3048 secundum
1128 2995 1191 3057 ejus

656 3074 779 3125 semitam
796 3071 965 3149 gradiamur,
982 3077 1007 3118 et
1024 3081 1072 3115 nos
1088 3074 1185 3126 contu-

657 3145 752 3195 melias
767 3144 893 3202 feramus,
908 3140 972 3205 quia
987 3136 1105 3187 maxime
1125 3148 1186 3183 con·

655 3216 721 3267 vitia
744 3230 759 3265 a
775 3224 863 3264 mente
877 3211 1015 3276 abjiciunt.
1031 3207 1083 3258 Sed
1097 3218 1188 3256 tamen

656 3289 715 3369 ipse
731 3303 786 3337 non
803 3286 891 3336 solum
907 3283 968 3333 tulit
986 3281 1052 3332 haec
1070 3278 1117 3328 sed
1131 3293 1177 3326 om

657 3359 702 3408 nia
715 3358 770 3423 egit
781 3367 811 3408 ut
822 3357 934 3406 salvaret
947 3369 993 3404 eos
1011 3350 1058 3417 qui
1077 3350 1133 3400 ltaec
1147 3347 1189 3398 fa-

656 3430 768 3480 ciebant.
788 3428 851 3476 Haec
863 3437 889 3477 et
905 3441 955 3474 nos
970 3424 1097 3473 zelemur.
1112 3418 1188 3469 Unde

656 3501 729 3551 idem
743 3498 977 3565 Chrysostomus:
992 3512 1006 3540 a
1022 3491 1098 3541 Nihil
1112 3489 1185 3540 enim

656 3570 763 3622 Deum
757 3579 793 3618 tta
805 3569 952 3634 propitium
965 3564 1037 3624 facit,
1056 3573 1087 3612 ut
1100 3558 1188 3611 inimi·

656 3659 701 3693 cos
715 3656 814 3699 amare,
830 3651 856 3690 et
875 3639 919 3688 his
934 3637 982 3703 qui
1000 3634 1124 3685 officiunt
1138 3631 1187 3680 be-

656 3713 782 3765 nefacere.
804 3713 873 3763 Cum
895 3710 958 3776 quis
979 3706 1070 3768 officit,
1087 3719 1141 3753 non
1155 3700 1187 3750 ad

656 3786 745 3850 ipsum
769 3781 905 3848 respicias,
927 3780 973 3830 sed
996 3778 1028 3828 ad
1052 3791 1114 3827 eum
1140 3770 1188 3838 qui

656 3864 755 3918 movet,
772 3853 872 3904 scilicet
886 3851 1050 3907 daemonem,
1073 3855 1099 3895 et
1119 3843 1188 3893 iram
