<?xml version="1.0" encoding="UTF-8"?>
<!DOCTYPE html PUBLIC "-//W3C//DTD XHTML 1.0 Transitional//EN"
    "http://www.w3.org/TR/xhtml1/DTD/xhtml1-transitional.dtd">
<html xmlns="http://www.w3.org/1999/xhtml" xml:lang="en" lang="en">
 <head>
  <title>
</title>
<meta http-equiv="Content-Type" content="text/html;charset=utf-8" />
  <meta name='ocr-system' content='tesseract 3.04.00' />
  <meta name='ocr-capabilities' content='ocr_page ocr_carea ocr_par ocr_line ocrx_word'/>
</head>
<body>
  <div class='ocr_page' id='page_1' title='image "./vitajesuchristi00rigogoog_0145.png"; bbox 0 0 2626 4328; ppageno 0'>
   <div class='ocr_carea' id='block_1_1' title="bbox 91 253 141 321">
    <p class='ocr_par' dir='ltr' id='par_1_1' title="bbox 91 253 141 321">
     <span class='ocr_line' id='line_1_1' title="bbox 91 253 141 321; baseline -0.04 -16"><span class='ocrx_word' id='word_1_1' title='bbox 91 253 141 321; x_wconf 75' lang='lat'>590</span> 
     </span>
    </p>
   </div>
   <div class='ocr_carea' id='block_1_2' title="bbox 89 367 626 1504">
    <p class='ocr_par' dir='ltr' id='par_1_2' title="bbox 89 367 626 1504">
     <span class='ocr_line' id='line_1_2' title="bbox 89 367 618 429; baseline -0.004 -11"><span class='ocrx_word' id='word_1_2' title='bbox 89 369 151 420; x_wconf 87' lang='lat' dir='ltr'>licet</span> <span class='ocrx_word' id='word_1_3' title='bbox 181 369 277 429; x_wconf 88' lang='lat' dir='ltr'>ferrea,</span> <span class='ocrx_word' id='word_1_4' title='bbox 311 369 419 419; x_wconf 85' lang='lat' dir='ltr'>scindit.</span> <span class='ocrx_word' id='word_1_5' title='bbox 447 367 515 428; x_wconf 91' lang='lat' dir='ltr'>Quis</span> <span class='ocrx_word' id='word_1_6' title='bbox 545 367 618 417; x_wconf 91' lang='lat' dir='ltr'>enim</span> 
     </span>
     <span class='ocr_line' id='line_1_3' title="bbox 89 438 620 507; baseline -0.002 -17"><span class='ocrx_word' id='word_1_7' title='bbox 89 441 149 491; x_wconf 87' lang='lat' dir='ltr'>sine</span> <span class='ocrx_word' id='word_1_8' title='bbox 170 441 290 507; x_wconf 84' lang='lat' dir='ltr'><strong>singultu</strong></span> <span class='ocrx_word' id='word_1_9' title='bbox 306 441 397 492; x_wconf 85' lang='lat' dir='ltr'>audiet</span> <span class='ocrx_word' id='word_1_10' title='bbox 410 456 471 491; x_wconf 91' lang='lat' dir='ltr'>eum</span> <span class='ocrx_word' id='word_1_11' title='bbox 490 438 545 490; x_wconf 87' lang='lat' dir='ltr'>haec</span> <span class='ocrx_word' id='word_1_12' title='bbox 564 453 620 489; x_wconf 88' lang='lat' dir='ltr'>ver·</span> 
     </span>
     <span class='ocr_line' id='line_1_4' title="bbox 90 512 618 574; baseline -0.004 -12"><span class='ocrx_word' id='word_1_13' title='bbox 90 513 122 563; x_wconf 91' lang='lat' dir='ltr'>ba</span> <span class='ocrx_word' id='word_1_14' title='bbox 134 513 284 565; x_wconf 81' lang='lat' dir='ltr'>dicentem?</span> <span class='ocrx_word' id='word_1_15' title='bbox 299 515 360 563; x_wconf 93' lang='lat' dir='ltr'>Non</span> <span class='ocrx_word' id='word_1_16' title='bbox 375 512 443 562; x_wconf 86' lang='lat' dir='ltr'>dixit</span> <span class='ocrx_word' id='word_1_17' title='bbox 457 512 481 562; x_wconf 92' lang='lat' dir='ltr'>ei</span> <span class='ocrx_word' id='word_1_18' title='bbox 497 528 503 561; x_wconf 91' lang='lat'><strong>:</strong></span> <span class='ocrx_word' id='word_1_19' title='bbox 520 513 618 574; x_wconf 88' lang='lat' dir='ltr'>Mater;</span> 
     </span>
     <span class='ocr_line' id='line_1_5' title="bbox 89 583 620 644; baseline -0.004 -11"><span class='ocrx_word' id='word_1_20' title='bbox 89 585 145 644; x_wconf 90' lang='lat' dir='ltr'>sed,</span> <span class='ocrx_word' id='word_1_21' title='bbox 172 585 265 635; x_wconf 86' lang='lat' dir='ltr'>mulier</span> <span class='ocrx_word' id='word_1_22' title='bbox 290 603 298 636; x_wconf 75' lang='grc' dir='ltr'><em>τ</em></span> <span class='ocrx_word' id='word_1_23' title='bbox 322 601 354 635; x_wconf 84' lang='lat' dir='ltr'>ne</span> <span class='ocrx_word' id='word_1_24' title='bbox 380 583 475 634; x_wconf 89' lang='lat' dir='ltr'>Matris</span> <span class='ocrx_word' id='word_1_25' title='bbox 499 583 620 633; x_wconf 91' lang='lat' dir='ltr'>dolorem</span> 
     </span>
     <span class='ocr_line' id='line_1_6' title="bbox 90 655 621 720; baseline -0.004 -15"><span class='ocrx_word' id='word_1_26' title='bbox 90 656 207 720; x_wconf 90' lang='lat' dir='ltr'>amplius</span> <span class='ocrx_word' id='word_1_27' title='bbox 221 655 356 706; x_wconf 84' lang='lat' dir='ltr'>excitaret.</span> <span class='ocrx_word' id='word_1_28' title='bbox 369 655 446 706; x_wconf 90' lang='lat' dir='ltr'><strong>Unde</strong></span> <span class='ocrx_word' id='word_1_29' title='bbox 459 655 621 720; x_wconf 70' lang='lat' dir='ltr'>Chrysorro-</span> 
     </span>
     <span class='ocr_line' id='line_1_7' title="bbox 91 724 621 792; baseline -0.002 -18"><span class='ocrx_word' id='word_1_30' title='bbox 91 740 149 776; x_wconf 88' lang='lat' dir='ltr'>mus</span> <span class='ocrx_word' id='word_1_31' title='bbox 166 727 211 776; x_wconf 93' lang='lat' dir='ltr'>hic</span> <span class='ocrx_word' id='word_1_32' title='bbox 223 727 357 776; x_wconf 90' lang='lat' dir='ltr'>movendo</span> <span class='ocrx_word' id='word_1_33' title='bbox 377 726 566 792; x_wconf 88' lang='lat' dir='ltr'>quaestionem,</span> <span class='ocrx_word' id='word_1_34' title='bbox 582 724 621 774; x_wconf 93' lang='lat' dir='ltr'>sic</span> 
     </span>
     <span class='ocr_line' id='line_1_8' title="bbox 91 795 621 863; baseline -0.002 -19"><span class='ocrx_word' id='word_1_35' title='bbox 91 795 177 846; x_wconf 87' lang='lat' dir='ltr'>dicit:</span> <span class='ocrx_word' id='word_1_36' title='bbox 197 814 211 842; x_wconf 90' lang='lat'>«</span> <span class='ocrx_word' id='word_1_37' title='bbox 228 797 252 846; x_wconf 93' lang='lat'>0</span> <span class='ocrx_word' id='word_1_38' title='bbox 274 796 343 846; x_wconf 93' lang='lat' dir='ltr'>bone</span> <span class='ocrx_word' id='word_1_39' title='bbox 357 797 428 859; x_wconf 87' lang='lat' dir='ltr'>lesu,</span> <span class='ocrx_word' id='word_1_40' title='bbox 444 797 490 863; x_wconf 91' lang='lat' dir='ltr'>qui</span> <span class='ocrx_word' id='word_1_41' title='bbox 509 797 621 845; x_wconf 91' lang='lat' dir='ltr'>Matrem</span> 
     </span>
     <span class='ocr_line' id='line_1_9' title="bbox 91 865 622 932; baseline 0 -17"><span class='ocrx_word' id='word_1_42' title='bbox 91 876 163 915; x_wconf 89' lang='lat' dir='ltr'>tuam</span> <span class='ocrx_word' id='word_1_43' title='bbox 179 865 373 926; x_wconf 82' lang='lat' dir='ltr'>dulcissimam,</span> <span class='ocrx_word' id='word_1_44' title='bbox 386 882 446 932; x_wconf 82' lang='lat' dir='ltr'>quae</span> <span class='ocrx_word' id='word_1_45' title='bbox 460 867 496 916; x_wconf 91' lang='lat' dir='ltr'>ita</span> <span class='ocrx_word' id='word_1_46' title='bbox 510 866 622 931; x_wconf 91' lang='lat' dir='ltr'>diligen-</span> 
     </span>
     <span class='ocr_line' id='line_1_10' title="bbox 90 939 623 998; baseline 0.002 -10"><span class='ocrx_word' id='word_1_47' title='bbox 90 950 130 988; x_wconf 87' lang='lat' dir='ltr'>ter</span> <span class='ocrx_word' id='word_1_48' title='bbox 152 948 178 988; x_wconf 88' lang='lat' dir='ltr'>te</span> <span class='ocrx_word' id='word_1_49' title='bbox 203 939 324 998; x_wconf 89' lang='lat' dir='ltr'>nutrivit,</span> <span class='ocrx_word' id='word_1_50' title='bbox 354 949 504 989; x_wconf 86' lang='lat' dir='ltr'>reverenter</span> <span class='ocrx_word' id='word_1_51' title='bbox 530 949 623 989; x_wconf 86' lang='lat' dir='ltr'>tracta·</span> 
     </span>
     <span class='ocr_line' id='line_1_11' title="bbox 91 1007 622 1069; baseline 0.002 -12"><span class='ocrx_word' id='word_1_52' title='bbox 91 1008 137 1067; x_wconf 88' lang='lat' dir='ltr'>vit,</span> <span class='ocrx_word' id='word_1_53' title='bbox 155 1019 180 1058; x_wconf 88' lang='lat' dir='ltr'>et</span> <span class='ocrx_word' id='word_1_54' title='bbox 192 1007 305 1058; x_wconf 90' lang='lat' dir='ltr'>dulciter</span> <span class='ocrx_word' id='word_1_55' title='bbox 318 1009 434 1069; x_wconf 89' lang='lat' dir='ltr'>iactavit,</span> <span class='ocrx_word' id='word_1_56' title='bbox 449 1010 514 1059; x_wconf 90' lang='lat' dir='ltr'>adeo</span> <span class='ocrx_word' id='word_1_57' title='bbox 529 1009 622 1059; x_wconf 93' lang='lat' dir='ltr'>indul-</span> 
     </span>
     <span class='ocr_line' id='line_1_12' title="bbox 89 1082 622 1149; baseline 0 -16"><span class='ocrx_word' id='word_1_58' title='bbox 89 1083 154 1133; x_wconf 92' lang='lat' dir='ltr'>citer</span> <span class='ocrx_word' id='word_1_59' title='bbox 167 1082 329 1149; x_wconf 80' lang='lat' dir='ltr'>alloqueris?</span> <span class='ocrx_word' id='word_1_60' title='bbox 343 1085 403 1143; x_wconf 88' lang='lat' dir='ltr'>Sed,</span> <span class='ocrx_word' id='word_1_61' title='bbox 417 1095 447 1135; x_wconf 91' lang='lat' dir='ltr'>ut</span> <span class='ocrx_word' id='word_1_62' title='bbox 461 1085 622 1145; x_wconf 88' lang='lat' dir='ltr'>dictumest,</span> 
     </span>
     <span class='ocr_line' id='line_1_13' title="bbox 90 1155 624 1216; baseline 0 -12"><span class='ocrx_word' id='word_1_63' title='bbox 90 1171 145 1204; x_wconf 92' lang='lat' dir='ltr'>non</span> <span class='ocrx_word' id='word_1_64' title='bbox 159 1155 263 1205; x_wconf 89' lang='lat' dir='ltr'>vocavit</span> <span class='ocrx_word' id='word_1_65' title='bbox 276 1170 334 1205; x_wconf 91' lang='lat' dir='ltr'>eam</span> <span class='ocrx_word' id='word_1_66' title='bbox 357 1157 478 1216; x_wconf 91' lang='lat' dir='ltr'>Matrem,</span> <span class='ocrx_word' id='word_1_67' title='bbox 491 1156 537 1205; x_wconf 91' lang='lat' dir='ltr'>sed</span> <span class='ocrx_word' id='word_1_68' title='bbox 550 1171 624 1205; x_wconf 91' lang='lat' dir='ltr'>com-</span> 
     </span>
     <span class='ocr_line' id='line_1_14' title="bbox 90 1225 622 1292; baseline 0.002 -19"><span class='ocrx_word' id='word_1_69' title='bbox 90 1225 165 1274; x_wconf 93' lang='lat' dir='ltr'>muni</span> <span class='ocrx_word' id='word_1_70' title='bbox 199 1225 326 1288; x_wconf 87' lang='lat' dir='ltr'>nomine;</span> <span class='ocrx_word' id='word_1_71' title='bbox 366 1242 400 1276; x_wconf 89' lang='lat' dir='ltr'>ne</span> <span class='ocrx_word' id='word_1_72' title='bbox 428 1242 476 1292; x_wconf 90' lang='lat' dir='ltr'>pro</span> <span class='ocrx_word' id='word_1_73' title='bbox 508 1225 622 1276; x_wconf 87' lang='lat' dir='ltr'>materni</span> 
     </span>
     <span class='ocr_line' id='line_1_15' title="bbox 91 1297 624 1364; baseline 0.006 -19"><span class='ocrx_word' id='word_1_74' title='bbox 91 1297 222 1357; x_wconf 89' lang='lat' dir='ltr'>nominis,</span> <span class='ocrx_word' id='word_1_75' title='bbox 250 1297 273 1348; x_wconf 92' lang='lat' dir='ltr'>si</span> <span class='ocrx_word' id='word_1_76' title='bbox 298 1298 501 1364; x_wconf 75' lang='lat' dir='ltr'>exprimeretur,</span> <span class='ocrx_word' id='word_1_77' title='bbox 526 1311 551 1348; x_wconf 90' lang='lat' dir='ltr'>et</span> <span class='ocrx_word' id='word_1_78' title='bbox 575 1314 624 1348; x_wconf 92' lang='lat' dir='ltr'>ve-</span> 
     </span>
     <span class='ocr_line' id='line_1_16' title="bbox 89 1367 624 1434; baseline 0.004 -18"><span class='ocrx_word' id='word_1_79' title='bbox 89 1367 225 1417; x_wconf 91' lang='lat' dir='ltr'>hementis</span> <span class='ocrx_word' id='word_1_80' title='bbox 249 1368 349 1417; x_wconf 89' lang='lat' dir='ltr'>amoris</span> <span class='ocrx_word' id='word_1_81' title='bbox 377 1369 557 1418; x_wconf 85' lang='lat' dir='ltr'>teneritudine</span> <span class='ocrx_word' id='word_1_82' title='bbox 576 1383 624 1434; x_wconf 90' lang='lat' dir='ltr'>ag-</span> 
     </span>
     <span class='ocr_line' id='line_1_17' title="bbox 91 1439 626 1504; baseline 0.002 -18"><span class='ocrx_word' id='word_1_83' title='bbox 91 1448 243 1502; x_wconf 87' lang='lat' dir='ltr'>gravaretur</span> <span class='ocrx_word' id='word_1_84' title='bbox 260 1439 381 1504; x_wconf 87' lang='lat' dir='ltr'>Virginis</span> <span class='ocrx_word' id='word_1_85' title='bbox 401 1440 518 1498; x_wconf 93' lang='lat' dir='ltr'>animus,</span> <span class='ocrx_word' id='word_1_86' title='bbox 541 1455 569 1488; x_wconf 92' lang='lat' dir='ltr'>ac</span> <span class='ocrx_word' id='word_1_87' title='bbox 589 1439 626 1489; x_wconf 88' lang='lat' dir='ltr'>vi-</span> 
     </span>
    </p>
   </div>
   <div class='ocr_carea' id='block_1_3' title="bbox 90 1517 628 2296">
    <p class='ocr_par' dir='ltr' id='par_1_3' title="bbox 90 1517 627 2012">
     <span class='ocr_line' id='line_1_18' title="bbox 90 1517 625 1578; baseline 0.007 -13"><span class='ocrx_word' id='word_1_88' title='bbox 90 1517 157 1568; x_wconf 93' lang='lat' dir='ltr'>dens</span> <span class='ocrx_word' id='word_1_89' title='bbox 185 1518 248 1567; x_wconf 92' lang='lat' dir='ltr'>Filii</span> <span class='ocrx_word' id='word_1_90' title='bbox 274 1519 440 1578; x_wconf 84' lang='lat' dir='ltr'>Passionem,</span> <span class='ocrx_word' id='word_1_91' title='bbox 463 1529 490 1570; x_wconf 88' lang='lat' dir='ltr'>et</span> <span class='ocrx_word' id='word_1_92' title='bbox 513 1520 625 1570; x_wconf 88' lang='lat' dir='ltr'>audiens</span> 
     </span>
     <span class='ocr_line' id='line_1_19' title="bbox 93 1591 624 1657; baseline 0.006 -18"><span class='ocrx_word' id='word_1_93' title='bbox 93 1591 185 1640; x_wconf 88' lang='lat' dir='ltr'>Matris</span> <span class='ocrx_word' id='word_1_94' title='bbox 223 1606 331 1652; x_wconf 89' lang='lat' dir='ltr'>nornen,</span> <span class='ocrx_word' id='word_1_95' title='bbox 368 1593 468 1642; x_wconf 88' lang='lat' dir='ltr'>doleret</span> <span class='ocrx_word' id='word_1_96' title='bbox 498 1593 624 1657; x_wconf 91' lang='lat' dir='ltr'>amplius.</span> 
     </span>
     <span class='ocr_line' id='line_1_20' title="bbox 94 1662 625 1730; baseline 0.006 -19"><span class='ocrx_word' id='word_1_97' title='bbox 94 1663 169 1712; x_wconf 92' lang='lat' dir='ltr'>Tunc</span> <span class='ocrx_word' id='word_1_98' title='bbox 190 1662 331 1712; x_wconf 90' lang='lat' dir='ltr'>enimnon</span> <span class='ocrx_word' id='word_1_99' title='bbox 344 1673 400 1713; x_wconf 90' lang='lat' dir='ltr'>erat</span> <span class='ocrx_word' id='word_1_100' title='bbox 417 1673 525 1729; x_wconf 92' lang='lat' dir='ltr'>tempus</span> <span class='ocrx_word' id='word_1_101' title='bbox 540 1665 625 1730; x_wconf 85' lang='lat' dir='ltr'>ipsam</span> 
     </span>
     <span class='ocr_line' id='line_1_21' title="bbox 95 1735 626 1802; baseline 0.002 -17"><span class='ocrx_word' id='word_1_102' title='bbox 95 1735 208 1785; x_wconf 89' lang='lat' dir='ltr'>dulciter</span> <span class='ocrx_word' id='word_1_103' title='bbox 226 1736 392 1802; x_wconf 87' lang='lat' dir='ltr'>alloquendi,</span> <span class='ocrx_word' id='word_1_104' title='bbox 408 1752 457 1786; x_wconf 91' lang='lat' dir='ltr'>nec</span> <span class='ocrx_word' id='word_1_105' title='bbox 471 1737 564 1795; x_wconf 83' lang='lat' dir='ltr'>Matris</span> <span class='ocrx_word' id='word_1_106' title='bbox 582 1753 626 1786; x_wconf 93' lang='lat' dir='ltr'>no·</span> 
     </span>
     <span class='ocr_line' id='line_1_22' title="bbox 96 1806 626 1872; baseline 0 -16"><span class='ocrx_word' id='word_1_107' title='bbox 96 1821 158 1856; x_wconf 92' lang='lat' dir='ltr'>men</span> <span class='ocrx_word' id='word_1_108' title='bbox 177 1806 361 1872; x_wconf 84' lang='lat' dir='ltr'>exprimendi;</span> <span class='ocrx_word' id='word_1_109' title='bbox 379 1807 442 1872; x_wconf 90' lang='lat' dir='ltr'>quia</span> <span class='ocrx_word' id='word_1_110' title='bbox 458 1807 480 1856; x_wconf 93' lang='lat' dir='ltr'>si</span> <span class='ocrx_word' id='word_1_111' title='bbox 500 1807 626 1856; x_wconf 91' lang='lat' dir='ltr'>Christus</span> 
     </span>
     <span class='ocr_line' id='line_1_23' title="bbox 95 1875 627 1937; baseline 0.004 -13"><span class='ocrx_word' id='word_1_112' title='bbox 95 1875 201 1925; x_wconf 92' lang='lat' dir='ltr'>dulcius</span> <span class='ocrx_word' id='word_1_113' title='bbox 223 1876 274 1926; x_wconf 91' lang='lat' dir='ltr'>sibi</span> <span class='ocrx_word' id='word_1_114' title='bbox 295 1878 401 1927; x_wconf 89' lang='lat' dir='ltr'>locutus</span> <span class='ocrx_word' id='word_1_115' title='bbox 430 1877 534 1937; x_wconf 89' lang='lat' dir='ltr'>fuisset,</span> <span class='ocrx_word' id='word_1_116' title='bbox 560 1877 627 1926; x_wconf 88' lang='lat' dir='ltr'>forte</span> 
     </span>
     <span class='ocr_line' id='line_1_24' title="bbox 95 1946 469 2012; baseline -0.008 -17"><span class='ocrx_word' id='word_1_117' title='bbox 95 1961 139 1995; x_wconf 92' lang='lat' dir='ltr'>cor</span> <span class='ocrx_word' id='word_1_118' title='bbox 151 1946 273 2011; x_wconf 88' lang='lat' dir='ltr'>Virginis</span> <span class='ocrx_word' id='word_1_119' title='bbox 286 1947 441 2012; x_wconf 84' lang='lat' dir='ltr'>crepuisset.</span> <span class='ocrx_word' id='word_1_120' title='bbox 458 1967 469 1992; x_wconf 87' lang='lat'>»</span> 
     </span>
    </p>

    <p class='ocr_par' dir='ltr' id='par_1_4' title="bbox 92 2017 628 2296">
     <span class='ocr_line' id='line_1_25' title="bbox 127 2017 626 2072; baseline 0.008 -5"><span class='ocrx_word' id='word_1_121' title='bbox 127 2017 159 2068; x_wconf 84' lang='lat'>33</span> <span class='ocrx_word' id='word_1_122' title='bbox 178 2020 274 2069; x_wconf 75' lang='lat' dir='ltr'>Bsnris</span> <span class='ocrx_word' id='word_1_123' title='bbox 299 2023 396 2071; x_wconf 75' lang='lat' dir='ltr'>Mauris</span> <span class='ocrx_word' id='word_1_124' title='bbox 412 2022 535 2072; x_wconf 85' lang='lat' dir='ltr'>Vraorurs</span> <span class='ocrx_word' id='word_1_125' title='bbox 556 2037 626 2071; x_wconf 77' lang='lat' dir='ltr'>nna-</span> 
     </span>
     <span class='ocr_line' id='line_1_26' title="bbox 94 2094 628 2145; baseline 0.006 -5"><span class='ocrx_word' id='word_1_126' title='bbox 94 2107 203 2141; x_wconf 79' lang='lat' dir='ltr'>rmrurr.</span> <span class='ocrx_word' id='word_1_127' title='bbox 226 2121 256 2130; x_wconf 95' lang='lat'>—</span> <span class='ocrx_word' id='word_1_128' title='bbox 280 2095 358 2144; x_wconf 90' lang='lat' dir='ltr'>Stans</span> <span class='ocrx_word' id='word_1_129' title='bbox 372 2103 471 2144; x_wconf 59' lang='lat' dir='ltr'>’autem</span> <span class='ocrx_word' id='word_1_130' title='bbox 493 2094 628 2145; x_wconf 92' lang='lat' dir='ltr'>Dominus</span> 
     </span>
     <span class='ocr_line' id='line_1_27' title="bbox 94 2160 627 2216; baseline 0.006 -5"><span class='ocrx_word' id='word_1_131' title='bbox 94 2163 122 2212; x_wconf 93' lang='lat' dir='ltr'>in</span> <span class='ocrx_word' id='word_1_132' title='bbox 136 2179 213 2214; x_wconf 90' lang='lat' dir='ltr'>cruce</span> <span class='ocrx_word' id='word_1_133' title='bbox 227 2164 322 2215; x_wconf 88' lang='lat' dir='ltr'>faciem</span> <span class='ocrx_word' id='word_1_134' title='bbox 339 2182 432 2216; x_wconf 91' lang='lat' dir='ltr'>versus</span> <span class='ocrx_word' id='word_1_135' title='bbox 454 2160 627 2216; x_wconf 83' lang='lat' dir='ltr'>Occidentem</span> 
     </span>
     <span class='ocr_line' id='line_1_28' title="bbox 92 2238 627 2296; baseline 0.002 -10"><span class='ocrx_word' id='word_1_136' title='bbox 92 2238 206 2296; x_wconf 87' lang='lat' dir='ltr'>tenebat,</span> <span class='ocrx_word' id='word_1_137' title='bbox 222 2238 267 2287; x_wconf 83' lang='lat' dir='ltr'>secl</span> <span class='ocrx_word' id='word_1_138' title='bbox 292 2239 375 2289; x_wconf 91' lang='lat' dir='ltr'>Maria</span> <span class='ocrx_word' id='word_1_139' title='bbox 393 2251 419 2288; x_wconf 90' lang='lat' dir='ltr'>et</span> <span class='ocrx_word' id='word_1_140' title='bbox 436 2241 551 2289; x_wconf 87' lang='lat' dir='ltr'>loannes</span> <span class='ocrx_word' id='word_1_141' title='bbox 565 2254 627 2289; x_wconf 86' lang='lat' dir='ltr'>ver-</span> 
     </span>
    </p>
   </div>
   <div class='ocr_carea' id='block_1_4' title="bbox 10 2308 634 2450">
    <p class='ocr_par' dir='ltr' id='par_1_5' title="bbox 10 2308 634 2450">
     <span class='ocr_line' id='line_1_29' title="bbox 10 2308 627 2360; baseline 0.01 -8"><span class='ocrx_word' id='word_1_142' title='bbox 10 2345 13 2352; x_wconf 95' lang='lat'>.</span> <span class='ocrx_word' id='word_1_143' title='bbox 94 2321 140 2356; x_wconf 92' lang='lat' dir='ltr'>sus</span> <span class='ocrx_word' id='word_1_144' title='bbox 167 2308 306 2358; x_wconf 86' lang='lat' dir='ltr'>Orientem</span> <span class='ocrx_word' id='word_1_145' title='bbox 337 2311 369 2359; x_wconf 91' lang='lat' dir='ltr'>ad</span> <span class='ocrx_word' id='word_1_146' title='bbox 399 2309 500 2360; x_wconf 91' lang='lat' dir='ltr'>Christi</span> <span class='ocrx_word' id='word_1_147' title='bbox 531 2309 627 2360; x_wconf 87' lang='lat' dir='ltr'>faciem</span> 
     </span>
     <span class='ocr_line' id='line_1_30' title="bbox 95 2381 634 2450; baseline 0.006 -21"><span class='ocrx_word' id='word_1_148' title='bbox 95 2381 267 2447; x_wconf 89' lang='lat' dir='ltr'>respicientes</span> <span class='ocrx_word' id='word_1_149' title='bbox 291 2383 389 2450; x_wconf 78' lang='lat' dir='ltr'>jugiter</span> <span class='ocrx_word' id='word_1_150' title='bbox 412 2385 541 2449; x_wconf 86' lang='lat' dir='ltr'>lacrymas</span> <span class='ocrx_word' id='word_1_151' title='bbox 561 2381 634 2432; x_wconf 31' lang='lat' dir='ltr'>fun-⁴</span> 
     </span>
    </p>
   </div>
   <div class='ocr_carea' id='block_1_5' title="bbox 93 2452 629 3935">
    <p class='ocr_par' dir='ltr' id='par_1_6' title="bbox 93 2452 629 3935">
     <span class='ocr_line' id='line_1_31' title="bbox 94 2452 628 2520; baseline 0.007 -20"><span class='ocrx_word' id='word_1_152' title='bbox 94 2452 202 2503; x_wconf 90' lang='lat' dir='ltr'>debant.</span> <span class='ocrx_word' id='word_1_153' title='bbox 224 2455 413 2520; x_wconf 88' lang='lat' dir='ltr'>Contemplare</span> <span class='ocrx_word' id='word_1_154' title='bbox 436 2466 461 2505; x_wconf 91' lang='lat' dir='ltr'>et</span> <span class='ocrx_word' id='word_1_155' title='bbox 484 2465 513 2505; x_wconf 92' lang='lat' dir='ltr'>tu</span> <span class='ocrx_word' id='word_1_156' title='bbox 530 2455 628 2504; x_wconf 92' lang='lat' dir='ltr'>Domi-</span> 
     </span>
     <span class='ocr_line' id='line_1_32' title="bbox 93 2525 628 2584; baseline 0.009 -14"><span class='ocrx_word' id='word_1_157' title='bbox 93 2538 159 2571; x_wconf 90' lang='lat' dir='ltr'>num</span> <span class='ocrx_word' id='word_1_158' title='bbox 178 2533 264 2584; x_wconf 88' lang='lat' dir='ltr'>tuum,</span> <span class='ocrx_word' id='word_1_159' title='bbox 292 2535 322 2574; x_wconf 92' lang='lat' dir='ltr'>ut</span> <span class='ocrx_word' id='word_1_160' title='bbox 344 2525 476 2575; x_wconf 91' lang='lat' dir='ltr'>movearis</span> <span class='ocrx_word' id='word_1_161' title='bbox 498 2526 529 2575; x_wconf 90' lang='lat' dir='ltr'>ad</span> <span class='ocrx_word' id='word_1_162' title='bbox 551 2541 628 2574; x_wconf 92' lang='lat' dir='ltr'>com·</span> 
     </span>
     <span class='ocr_line' id='line_1_33' title="bbox 94 2594 629 2658; baseline 0.006 -16"><span class='ocrx_word' id='word_1_163' title='bbox 94 2594 258 2658; x_wconf 88' lang='lat' dir='ltr'>patiendum.</span> <span class='ocrx_word' id='word_1_164' title='bbox 280 2595 358 2645; x_wconf 90' lang='lat' dir='ltr'>Unde</span> <span class='ocrx_word' id='word_1_165' title='bbox 372 2597 515 2646; x_wconf 72' lang='lat' dir='ltr'>anselmus</span> <span class='ocrx_word' id='word_1_166' title='bbox 531 2613 539 2646; x_wconf 92' lang='grc'>.·</span> <span class='ocrx_word' id='word_1_167' title='bbox 557 2614 570 2642; x_wconf 78' lang='lat' dir='ltr'>a</span> <span class='ocrx_word' id='word_1_168' title='bbox 593 2597 629 2645; x_wconf 78' lang='lat' dir='ltr'>At</span> 
     </span>
     <span class='ocr_line' id='line_1_34' title="bbox 93 2663 627 2721; baseline 0.007 -10"><span class='ocrx_word' id='word_1_169' title='bbox 93 2672 133 2721; x_wconf 93' lang='lat' dir='ltr'>tu,</span> <span class='ocrx_word' id='word_1_170' title='bbox 149 2678 211 2712; x_wconf 88' lang='lat' dir='ltr'>cum</span> <span class='ocrx_word' id='word_1_171' title='bbox 226 2665 308 2713; x_wconf 90' lang='lat' dir='ltr'>Matre</span> <span class='ocrx_word' id='word_1_172' title='bbox 328 2663 353 2714; x_wconf 82' lang='lat' dir='ltr'>et</span> <span class='ocrx_word' id='word_1_173' title='bbox 368 2667 468 2715; x_wconf 87' lang='lat' dir='ltr'>Joanne</span> <span class='ocrx_word' id='word_1_174' title='bbox 485 2668 579 2715; x_wconf 90' lang='lat' dir='ltr'>accede</span> <span class='ocrx_word' id='word_1_175' title='bbox 595 2665 627 2714; x_wconf 92' lang='lat' dir='ltr'>ad</span> 
     </span>
     <span class='ocr_line' id='line_1_35' title="bbox 95 2736 628 2801; baseline 0.006 -17"><span class='ocrx_word' id='word_1_176' title='bbox 95 2750 211 2795; x_wconf 89' lang='lat' dir='ltr'>crucem,</span> <span class='ocrx_word' id='word_1_177' title='bbox 234 2746 259 2785; x_wconf 92' lang='lat' dir='ltr'>et</span> <span class='ocrx_word' id='word_1_178' title='bbox 282 2736 421 2800; x_wconf 84' lang='lat' dir='ltr'>perfusum</span> <span class='ocrx_word' id='word_1_179' title='bbox 446 2738 547 2801; x_wconf 87' lang='lat' dir='ltr'>pallore</span> <span class='ocrx_word' id='word_1_180' title='bbox 566 2739 628 2787; x_wconf 91' lang='lat' dir='ltr'>vul·</span> 
     </span>
     <span class='ocr_line' id='line_1_36' title="bbox 95 2807 627 2868; baseline 0.002 -11"><span class='ocrx_word' id='word_1_181' title='bbox 95 2817 155 2857; x_wconf 92' lang='lat' dir='ltr'>tum</span> <span class='ocrx_word' id='word_1_182' title='bbox 179 2809 241 2857; x_wconf 93' lang='lat' dir='ltr'>Jesu</span> <span class='ocrx_word' id='word_1_183' title='bbox 264 2823 390 2858; x_wconf 81' lang='lat' dir='ltr'>cominus</span> <span class='ocrx_word' id='word_1_184' title='bbox 416 2807 529 2858; x_wconf 91' lang='lat' dir='ltr'>intuere.</span> <span class='ocrx_word' id='word_1_185' title='bbox 555 2809 627 2868; x_wconf 90' lang='lat' dir='ltr'>Quid</span> 
     </span>
     <span class='ocr_line' id='line_1_37' title="bbox 96 2879 627 2946; baseline 0.002 -17"><span class='ocrx_word' id='word_1_186' title='bbox 96 2879 177 2946; x_wconf 76' lang='lat' dir='ltr'>ergo?</span> <span class='ocrx_word' id='word_1_187' title='bbox 192 2881 235 2930; x_wconf 91' lang='lat' dir='ltr'>Tu</span> <span class='ocrx_word' id='word_1_188' title='bbox 250 2880 306 2931; x_wconf 92' lang='lat' dir='ltr'>sine</span> <span class='ocrx_word' id='word_1_189' title='bbox 327 2880 451 2946; x_wconf 88' lang='lat' dir='ltr'>lacrymis</span> <span class='ocrx_word' id='word_1_190' title='bbox 471 2881 627 2930; x_wconf 89' lang='lat' dir='ltr'>amantissi-</span> 
     </span>
     <span class='ocr_line' id='line_1_38' title="bbox 97 2952 626 3019; baseline 0.004 -19"><span class='ocrx_word' id='word_1_191' title='bbox 97 2966 147 3001; x_wconf 90' lang='lat' dir='ltr'>mae</span> <span class='ocrx_word' id='word_1_192' title='bbox 160 2952 285 3003; x_wconf 86' lang='lat' dir='ltr'>Dominae</span> <span class='ocrx_word' id='word_1_193' title='bbox 299 2964 352 3003; x_wconf 85' lang='lat' dir='ltr'>tuae</span> <span class='ocrx_word' id='word_1_194' title='bbox 366 2954 497 3019; x_wconf 89' lang='lat' dir='ltr'>lacrymas</span> <span class='ocrx_word' id='word_1_195' title='bbox 507 2952 626 3003; x_wconf 75' lang='lat' dir='ltr'>videbis?</span> 
     </span>
     <span class='ocr_line' id='line_1_39' title="bbox 96 3024 627 3090; baseline 0.006 -17"><span class='ocrx_word' id='word_1_196' title='bbox 96 3024 139 3074; x_wconf 88' lang='lat' dir='ltr'>Tu</span> <span class='ocrx_word' id='word_1_197' title='bbox 166 3025 243 3077; x_wconf 89' lang='lat' dir='ltr'>siccis</span> <span class='ocrx_word' id='word_1_198' title='bbox 270 3043 362 3078; x_wconf 87' lang='lat' dir='ltr'>manes</span> <span class='ocrx_word' id='word_1_199' title='bbox 387 3027 489 3089; x_wconf 90' lang='lat' dir='ltr'>oculis,</span> <span class='ocrx_word' id='word_1_200' title='bbox 516 3036 543 3075; x_wconf 87' lang='lat' dir='ltr'>et</span> <span class='ocrx_word' id='word_1_201' title='bbox 569 3027 627 3090; x_wconf 87' lang='lat' dir='ltr'>ejus</span> 
     </span>
     <span class='ocr_line' id='line_1_40' title="bbox 96 3095 627 3164; baseline 0.008 -21"><span class='ocrx_word' id='word_1_202' title='bbox 96 3095 214 3146; x_wconf 91' lang='lat' dir='ltr'>animam</span> <span class='ocrx_word' id='word_1_203' title='bbox 245 3098 418 3164; x_wconf 87' lang='lat' dir='ltr'>pertransibit</span> <span class='ocrx_word' id='word_1_204' title='bbox 443 3097 547 3162; x_wconf 88' lang='lat' dir='ltr'>gladius</span> <span class='ocrx_word' id='word_1_205' title='bbox 575 3097 627 3147; x_wconf 92' lang='lat' dir='ltr'>do-</span> 
     </span>
     <span class='ocr_line' id='line_1_41' title="bbox 96 3165 627 3234; baseline 0.011 -23"><span class='ocrx_word' id='word_1_206' title='bbox 96 3165 177 3216; x_wconf 90' lang='lat' dir='ltr'>loris?</span> <span class='ocrx_word' id='word_1_207' title='bbox 199 3168 241 3217; x_wconf 91' lang='lat' dir='ltr'>Tu</span> <span class='ocrx_word' id='word_1_208' title='bbox 256 3169 315 3218; x_wconf 90' lang='lat' dir='ltr'>sine</span> <span class='ocrx_word' id='word_1_209' title='bbox 333 3169 453 3234; x_wconf 87' lang='lat' dir='ltr'>singultu</span> <span class='ocrx_word' id='word_1_210' title='bbox 475 3167 568 3218; x_wconf 90' lang='lat' dir='ltr'>audies</span> <span class='ocrx_word' id='word_1_211' title='bbox 589 3167 627 3217; x_wconf 94' lang='lat' dir='ltr'>di·</span> 
     </span>
     <span class='ocr_line' id='line_1_42' title="bbox 96 3238 626 3301; baseline 0.006 -17"><span class='ocrx_word' id='word_1_212' title='bbox 96 3246 201 3287; x_wconf 89' lang='lat' dir='ltr'>centem</span> <span class='ocrx_word' id='word_1_213' title='bbox 223 3240 299 3289; x_wconf 91' lang='lat' dir='ltr'>Matri</span> <span class='ocrx_word' id='word_1_214' title='bbox 323 3257 329 3289; x_wconf 71' lang='grc' dir='ltr'><strong><em>ι</em></strong></span> <span class='ocrx_word' id='word_1_215' title='bbox 349 3240 460 3301; x_wconf 85' lang='lat' dir='ltr'>Mulier,</span> <span class='ocrx_word' id='word_1_216' title='bbox 476 3253 534 3288; x_wconf 90' lang='lat' dir='ltr'>ecce</span> <span class='ocrx_word' id='word_1_217' title='bbox 550 3238 626 3301; x_wconf 80' lang='lat' dir='ltr'>filius</span> 
     </span>
     <span class='ocr_line' id='line_1_43' title="bbox 95 3311 625 3372; baseline 0.002 -18"><span class='ocrx_word' id='word_1_218' title='bbox 95 3312 158 3358; x_wconf 86' lang='lat' dir='ltr'>tuus</span> <span class='ocrx_word' id='word_1_219' title='bbox 162 3327 172 3372; x_wconf 91' lang='lat'>,·</span> <span class='ocrx_word' id='word_1_220' title='bbox 187 3319 212 3360; x_wconf 91' lang='lat' dir='ltr'>et</span> <span class='ocrx_word' id='word_1_221' title='bbox 226 3311 320 3360; x_wconf 81' lang='lat' dir='ltr'>loanni</span> <span class='ocrx_word' id='word_1_222' title='bbox 335 3328 342 3360; x_wconf 75' lang='grc' dir='ltr'><strong>ι</strong></span> <span class='ocrx_word' id='word_1_223' title='bbox 359 3311 429 3360; x_wconf 86' lang='lat' dir='ltr'>Ecce</span> <span class='ocrx_word' id='word_1_224' title='bbox 443 3315 527 3359; x_wconf 82' lang='lat' dir='ltr'>mater</span> <span class='ocrx_word' id='word_1_225' title='bbox 540 3315 596 3358; x_wconf 80' lang='lat' dir='ltr'>trra.</span> <span class='ocrx_word' id='word_1_226' title='bbox 611 3327 625 3355; x_wconf 76' lang='lat' dir='ltr'>n</span> 
     </span>
     <span class='ocr_line' id='line_1_44' title="bbox 96 3378 627 3444; baseline 0 -17"><span class='ocrx_word' id='word_1_227' title='bbox 96 3379 129 3427; x_wconf 84' lang='lat' dir='ltr'>Et</span> <span class='ocrx_word' id='word_1_228' title='bbox 148 3378 245 3430; x_wconf 85' lang='lat' dir='ltr'>iterum</span> <span class='ocrx_word' id='word_1_229' title='bbox 268 3398 275 3431; x_wconf 75' lang='grc' dir='ltr'>ε</span> <span class='ocrx_word' id='word_1_230' title='bbox 299 3400 311 3426; x_wconf 78' lang='lat' dir='ltr'>a</span> <span class='ocrx_word' id='word_1_231' title='bbox 326 3381 438 3443; x_wconf 80' lang='lat' dir='ltr'>Mulier,</span> <span class='ocrx_word' id='word_1_232' title='bbox 455 3379 553 3444; x_wconf 89' lang='lat' dir='ltr'>inquit,</span> <span class='ocrx_word' id='word_1_233' title='bbox 568 3392 627 3428; x_wconf 88' lang='lat' dir='ltr'>eece</span> 
     </span>
     <span class='ocr_line' id='line_1_45' title="bbox 95 3448 625 3506; baseline -0.004 -8"><span class='ocrx_word' id='word_1_234' title='bbox 95 3449 168 3506; x_wconf 75' lang='lat' dir='ltr'>filius</span> <span class='ocrx_word' id='word_1_235' title='bbox 195 3452 280 3501; x_wconf 79' lang='lat' dir='ltr'>tuus?</span> <span class='ocrx_word' id='word_1_236' title='bbox 305 3452 328 3502; x_wconf 96' lang='lat' dir='ltr'>O</span> <span class='ocrx_word' id='word_1_237' title='bbox 356 3448 548 3501; x_wconf 87' lang='lat' dir='ltr'>commutatio!</span> <span class='ocrx_word' id='word_1_238' title='bbox 572 3448 625 3497; x_wconf 90' lang='lat' dir='ltr'>Pro</span> 
     </span>
     <span class='ocr_line' id='line_1_46' title="bbox 96 3522 626 3586; baseline -0.008 -13"><span class='ocrx_word' id='word_1_239' title='bbox 96 3533 196 3574; x_wconf 86' lang='lat' dir='ltr'>aeterno</span> <span class='ocrx_word' id='word_1_240' title='bbox 214 3535 240 3574; x_wconf 92' lang='lat' dir='ltr'>et</span> <span class='ocrx_word' id='word_1_241' title='bbox 254 3522 470 3574; x_wconf 87' lang='lat' dir='ltr'>incommutabili</span> <span class='ocrx_word' id='word_1_242' title='bbox 489 3522 553 3581; x_wconf 90' lang='lat' dir='ltr'>Deo,</span> <span class='ocrx_word' id='word_1_243' title='bbox 572 3535 626 3586; x_wconf 92' lang='lat' dir='ltr'>pu-</span> 
     </span>
     <span class='ocr_line' id='line_1_47' title="bbox 94 3591 624 3661; baseline -0.011 -17"><span class='ocrx_word' id='word_1_244' title='bbox 94 3611 155 3644; x_wconf 92' lang='lat' dir='ltr'>rum</span> <span class='ocrx_word' id='word_1_245' title='bbox 186 3605 212 3646; x_wconf 94' lang='lat' dir='ltr'>et</span> <span class='ocrx_word' id='word_1_246' title='bbox 237 3595 437 3661; x_wconf 83' lang='lat' dir='ltr'>corruptibilem</span> <span class='ocrx_word' id='word_1_247' title='bbox 466 3591 624 3654; x_wconf 81' lang='lat' dir='ltr'>hominem3</span> 
     </span>
     <span class='ocr_line' id='line_1_48' title="bbox 96 3665 625 3734; baseline -0.011 -16"><span class='ocrx_word' id='word_1_248' title='bbox 96 3685 143 3734; x_wconf 92' lang='lat' dir='ltr'>pro</span> <span class='ocrx_word' id='word_1_249' title='bbox 159 3668 272 3720; x_wconf 89' lang='lat' dir='ltr'>naturali</span> <span class='ocrx_word' id='word_1_250' title='bbox 287 3679 312 3718; x_wconf 94' lang='lat' dir='ltr'>et</span> <span class='ocrx_word' id='word_1_251' title='bbox 330 3669 410 3718; x_wconf 88' lang='lat' dir='ltr'>unico</span> <span class='ocrx_word' id='word_1_252' title='bbox 424 3665 503 3724; x_wconf 89' lang='lat' dir='ltr'>Filio,</span> <span class='ocrx_word' id='word_1_253' title='bbox 517 3679 625 3714; x_wconf 88' lang='lat' dir='ltr'>servum</span> 
     </span>
     <span class='ocr_line' id='line_1_49' title="bbox 97 3734 624 3808; baseline -0.013 -17"><span class='ocrx_word' id='word_1_254' title='bbox 97 3741 198 3808; x_wconf 90' lang='lat' dir='ltr'>accepit</span> <span class='ocrx_word' id='word_1_255' title='bbox 218 3741 245 3792; x_wconf 95' lang='lat' dir='ltr'>in</span> <span class='ocrx_word' id='word_1_256' title='bbox 264 3740 359 3791; x_wconf 88' lang='lat' dir='ltr'>filium.</span> <span class='ocrx_word' id='word_1_257' title='bbox 381 3740 405 3789; x_wconf 93' lang='lat' dir='ltr'>O</span> <span class='ocrx_word' id='word_1_258' title='bbox 425 3738 549 3796; x_wconf 90' lang='lat' dir='ltr'>Domina,</span> <span class='ocrx_word' id='word_1_259' title='bbox 565 3734 624 3801; x_wconf 91' lang='lat' dir='ltr'>qui,</span> 
     </span>
     <span class='ocr_line' id='line_1_50' title="bbox 96 3807 624 3878; baseline -0.013 -17"><span class='ocrx_word' id='word_1_260' title='bbox 96 3828 198 3877; x_wconf 86' lang='lat' dir='ltr'>precor,</span> <span class='ocrx_word' id='word_1_261' title='bbox 214 3812 344 3878; x_wconf 90' lang='lat' dir='ltr'>cogitatus</span> <span class='ocrx_word' id='word_1_262' title='bbox 358 3811 385 3860; x_wconf 91' lang='lat' dir='ltr'>in</span> <span class='ocrx_word' id='word_1_263' title='bbox 402 3819 428 3859; x_wconf 89' lang='lat' dir='ltr'>te</span> <span class='ocrx_word' id='word_1_264' title='bbox 440 3807 624 3864; x_wconf 87' lang='lat' dir='ltr'>succedebant,</span> 
     </span>
     <span class='ocr_line' id='line_1_51' title="bbox 96 3879 625 3935; baseline -0.015 -2"><span class='ocrx_word' id='word_1_265' title='bbox 96 3900 158 3934; x_wconf 78' lang='lat' dir='ltr'>cum</span> <span class='ocrx_word' id='word_1_266' title='bbox 174 3894 227 3935; x_wconf 92' lang='lat' dir='ltr'>tam</span> <span class='ocrx_word' id='word_1_267' title='bbox 244 3879 457 3934; x_wconf 83' lang='lat' dir='ltr'>inaestimabilem</span> <span class='ocrx_word' id='word_1_268' title='bbox 473 3886 625 3927; x_wconf 85' lang='lat' dir='ltr'>commuta-</span> 
     </span>
    </p>
   </div>
   <div class='ocr_carea' id='block_1_6' title="bbox 347 249 938 304">
    <p class='ocr_par' dir='ltr' id='par_1_7' title="bbox 347 249 938 304">
     <span class='ocr_line' id='line_1_52' title="bbox 347 249 938 304; baseline -0.002 -1"><span class='ocrx_word' id='word_1_269' title='bbox 347 281 349 285; x_wconf 58' lang='lat'>&gt;</span> <span class='ocrx_word' id='word_1_270' title='bbox 383 251 557 304; x_wconf 83' lang='lat' dir='ltr'>SECUNDAE</span> <span class='ocrx_word' id='word_1_271' title='bbox 573 249 699 300; x_wconf 83' lang='lat' dir='ltr'>PARTIS</span> <span class='ocrx_word' id='word_1_272' title='bbox 714 249 831 302; x_wconf 86' lang='lat' dir='ltr'>CAPUT</span> <span class='ocrx_word' id='word_1_273' title='bbox 848 252 938 304; x_wconf 83' lang='lat' dir='ltr'>Lxlil.</span> 
     </span>
    </p>
   </div>
   <div class='ocr_carea' id='block_1_7' title="bbox 673 367 1217 3932">
    <p class='ocr_par' dir='ltr' id='par_1_8' title="bbox 673 367 1217 3932">
     <span class='ocr_line' id='line_1_53' title="bbox 673 367 1202 434; baseline 0.002 -18"><span class='ocrx_word' id='word_1_274' title='bbox 673 367 776 417; x_wconf 90' lang='lat' dir='ltr'>tionem</span> <span class='ocrx_word' id='word_1_275' title='bbox 791 368 825 418; x_wconf 91' lang='lat' dir='ltr'>ab</span> <span class='ocrx_word' id='word_1_276' title='bbox 840 367 898 432; x_wconf 91' lang='lat' dir='ltr'>ipso</span> <span class='ocrx_word' id='word_1_277' title='bbox 917 383 999 434; x_wconf 88' lang='lat' dir='ltr'>quem</span> <span class='ocrx_word' id='word_1_278' title='bbox 1016 381 1097 433; x_wconf 88' lang='lat' dir='ltr'>super</span> <span class='ocrx_word' id='word_1_279' title='bbox 1114 367 1202 418; x_wconf 83' lang='lat' dir='ltr'>omnia</span> 
     </span>
     <span class='ocr_line' id='line_1_54' title="bbox 673 437 1202 504; baseline 0.004 -16"><span class='ocrx_word' id='word_1_280' title='bbox 673 438 812 504; x_wconf 85' lang='lat' dir='ltr'>diligebas,</span> <span class='ocrx_word' id='word_1_281' title='bbox 834 438 884 488; x_wconf 88' lang='lat' dir='ltr'>tibi</span> <span class='ocrx_word' id='word_1_282' title='bbox 905 437 962 489; x_wconf 84' lang='lat' dir='ltr'>fieri</span> <span class='ocrx_word' id='word_1_283' title='bbox 983 438 1124 489; x_wconf 84' lang='lat' dir='ltr'>audiebas?</span> <span class='ocrx_word' id='word_1_284' title='bbox 1137 440 1202 491; x_wconf 88' lang='lat' dir='ltr'>Vere</span> 
     </span>
     <span class='ocr_line' id='line_1_55' title="bbox 673 509 1202 576; baseline 0 -16"><span class='ocrx_word' id='word_1_285' title='bbox 673 521 746 560; x_wconf 90' lang='lat' dir='ltr'>tuam</span> <span class='ocrx_word' id='word_1_286' title='bbox 768 511 887 560; x_wconf 87' lang='lat' dir='ltr'>animam</span> <span class='ocrx_word' id='word_1_287' title='bbox 911 510 1082 576; x_wconf 87' lang='lat' dir='ltr'>pertransivit</span> <span class='ocrx_word' id='word_1_288' title='bbox 1102 509 1202 576; x_wconf 87' lang='lat' dir='ltr'>gladius</span> 
     </span>
     <span class='ocr_line' id='line_1_56' title="bbox 674 583 1203 648; baseline 0.004 -16"><span class='ocrx_word' id='word_1_289' title='bbox 674 584 784 643; x_wconf 90' lang='lat' dir='ltr'>doloris,</span> <span class='ocrx_word' id='word_1_290' title='bbox 795 583 926 648; x_wconf 90' lang='lat' dir='ltr'>quoniam</span> <span class='ocrx_word' id='word_1_291' title='bbox 936 583 987 633; x_wconf 91' lang='lat' dir='ltr'>tibi</span> <span class='ocrx_word' id='word_1_292' title='bbox 997 583 1115 633; x_wconf 88' lang='lat' dir='ltr'>amarior</span> <span class='ocrx_word' id='word_1_293' title='bbox 1128 583 1203 634; x_wconf 84' lang='lat' dir='ltr'>exsti-</span> 
     </span>
     <span class='ocr_line' id='line_1_57' title="bbox 674 655 1204 721; baseline 0 -15"><span class='ocrx_word' id='word_1_294' title='bbox 674 655 707 706; x_wconf 90' lang='lat' dir='ltr'>tit</span> <span class='ocrx_word' id='word_1_295' title='bbox 718 657 846 706; x_wconf 88' lang='lat' dir='ltr'>omnibus</span> <span class='ocrx_word' id='word_1_296' title='bbox 866 656 1006 706; x_wconf 92' lang='lat' dir='ltr'>doloribus</span> <span class='ocrx_word' id='word_1_297' title='bbox 1020 656 1138 721; x_wconf 90' lang='lat' dir='ltr'>cujusvis</span> <span class='ocrx_word' id='word_1_298' title='bbox 1152 671 1204 708; x_wconf 87' lang='lat' dir='ltr'>cor·</span> 
     </span>
     <span class='ocr_line' id='line_1_58' title="bbox 674 728 1202 795; baseline 0 -17"><span class='ocrx_word' id='word_1_299' title='bbox 674 745 761 794; x_wconf 86' lang='lat' dir='ltr'>poreae</span> <span class='ocrx_word' id='word_1_300' title='bbox 792 730 934 795; x_wconf 89' lang='lat' dir='ltr'>passionis.</span> <span class='ocrx_word' id='word_1_301' title='bbox 949 729 1106 795; x_wconf 82' lang='lat' dir='ltr'>&#39;Quidquid</span> <span class='ocrx_word' id='word_1_302' title='bbox 1134 728 1202 780; x_wconf 90' lang='lat' dir='ltr'>enim</span> 
     </span>
     <span class='ocr_line' id='line_1_59' title="bbox 674 799 1204 867; baseline 0 -17"><span class='ocrx_word' id='word_1_303' title='bbox 674 800 838 850; x_wconf 88' lang='lat' dir='ltr'>crudelitatis</span> <span class='ocrx_word' id='word_1_304' title='bbox 865 801 995 851; x_wconf 88' lang='lat' dir='ltr'>inflictum</span> <span class='ocrx_word' id='word_1_305' title='bbox 1022 810 1062 850; x_wconf 92' lang='lat' dir='ltr'>est</span> <span class='ocrx_word' id='word_1_306' title='bbox 1086 799 1204 867; x_wconf 90' lang='lat' dir='ltr'>corpori-</span> 
     </span>
     <span class='ocr_line' id='line_1_60' title="bbox 674 869 1206 937; baseline 0.004 -17"><span class='ocrx_word' id='word_1_307' title='bbox 674 872 725 920; x_wconf 92' lang='lat' dir='ltr'>bus</span> <span class='ocrx_word' id='word_1_308' title='bbox 741 871 896 937; x_wconf 88' lang='lat' dir='ltr'>Martyrum,</span> <span class='ocrx_word' id='word_1_309' title='bbox 913 872 969 922; x_wconf 93' lang='lat' dir='ltr'>leve</span> <span class='ocrx_word' id='word_1_310' title='bbox 983 870 1043 931; x_wconf 88' lang='lat' dir='ltr'>luit,</span> <span class='ocrx_word' id='word_1_311' title='bbox 1059 880 1105 921; x_wconf 91' lang='lat' dir='ltr'>aut</span> <span class='ocrx_word' id='word_1_312' title='bbox 1119 869 1206 937; x_wconf 89' lang='lat' dir='ltr'>potius</span> 
     </span>
     <span class='ocr_line' id='line_1_61' title="bbox 676 942 1207 1010; baseline 0.004 -18"><span class='ocrx_word' id='word_1_313' title='bbox 676 942 754 1002; x_wconf 89' lang='lat' dir='ltr'>nihil,</span> <span class='ocrx_word' id='word_1_314' title='bbox 770 943 968 1008; x_wconf 91' lang='lat' dir='ltr'>comparatione</span> <span class='ocrx_word' id='word_1_315' title='bbox 986 943 1071 1008; x_wconf 90' lang='lat' dir='ltr'>ipsius</span> <span class='ocrx_word' id='word_1_316' title='bbox 1083 952 1137 993; x_wconf 83' lang='lat' dir='ltr'>tuae</span> <span class='ocrx_word' id='word_1_317' title='bbox 1149 958 1207 1010; x_wconf 91' lang='lat' dir='ltr'>pas·</span> 
     </span>
     <span class='ocr_line' id='line_1_62' title="bbox 675 1013 1208 1079; baseline 0 -16"><span class='ocrx_word' id='word_1_318' title='bbox 675 1029 770 1073; x_wconf 87' lang='lat' dir='ltr'>sionis,</span> <span class='ocrx_word' id='word_1_319' title='bbox 787 1029 847 1079; x_wconf 80' lang='lat' dir='ltr'>quce</span> <span class='ocrx_word' id='word_1_320' title='bbox 868 1015 999 1064; x_wconf 85' lang='lat' dir='ltr'>nimirum</span> <span class='ocrx_word' id='word_1_321' title='bbox 1020 1029 1069 1064; x_wconf 93' lang='lat' dir='ltr'>sua</span> <span class='ocrx_word' id='word_1_322' title='bbox 1091 1013 1208 1064; x_wconf 91' lang='lat' dir='ltr'>immen-</span> 
     </span>
     <span class='ocr_line' id='line_1_63' title="bbox 676 1082 1209 1148; baseline 0 -14"><span class='ocrx_word' id='word_1_323' title='bbox 676 1083 754 1134; x_wconf 91' lang='lat' dir='ltr'>sitate</span> <span class='ocrx_word' id='word_1_324' title='bbox 777 1082 909 1134; x_wconf 85' lang='lat' dir='ltr'>transfixit</span> <span class='ocrx_word' id='word_1_325' title='bbox 933 1083 1079 1148; x_wconf 89' lang='lat' dir='ltr'>penetralia</span> <span class='ocrx_word' id='word_1_326' title='bbox 1106 1083 1145 1134; x_wconf 91' lang='lat' dir='ltr'>tui</span> <span class='ocrx_word' id='word_1_327' title='bbox 1169 1083 1209 1134; x_wconf 87' lang='lat' dir='ltr'>be·</span> 
     </span>
     <span class='ocr_line' id='line_1_64' title="bbox 679 1155 1209 1222; baseline -0.002 -17"><span class='ocrx_word' id='word_1_328' title='bbox 679 1155 835 1222; x_wconf 84' lang='lat' dir='ltr'>nignissimi</span> <span class='ocrx_word' id='word_1_329' title='bbox 848 1155 954 1206; x_wconf 89' lang='lat' dir='ltr'>cordis:</span> <span class='ocrx_word' id='word_1_330' title='bbox 967 1174 980 1202; x_wconf 77' lang='lat' dir='ltr'>u</span> <span class='ocrx_word' id='word_1_331' title='bbox 993 1156 1050 1205; x_wconf 86' lang='lat' dir='ltr'>haec</span> <span class='ocrx_word' id='word_1_332' title='bbox 1059 1155 1209 1206; x_wconf 85' lang='lat' dir='ltr'>Anselmus.</span> 
     </span>
     <span class='ocr_line' id='line_1_65' title="bbox 677 1227 1209 1294; baseline 0.002 -17"><span class='ocrx_word' id='word_1_333' title='bbox 677 1229 755 1278; x_wconf 88' lang='lat' dir='ltr'>Unde</span> <span class='ocrx_word' id='word_1_334' title='bbox 774 1238 800 1278; x_wconf 94' lang='lat' dir='ltr'>et</span> <span class='ocrx_word' id='word_1_335' title='bbox 815 1228 985 1294; x_wconf 84' lang='lat' dir='ltr'>Augustinus</span> <span class='ocrx_word' id='word_1_336' title='bbox 1001 1246 1009 1278; x_wconf 91' lang='lat'>.·</span> <span class='ocrx_word' id='word_1_337' title='bbox 1030 1227 1139 1277; x_wconf 82' lang='lat' dir='ltr'>«Matri</span> <span class='ocrx_word' id='word_1_338' title='bbox 1155 1228 1209 1278; x_wconf 93' lang='lat' dir='ltr'>Do-</span> 
     </span>
     <span class='ocr_line' id='line_1_66' title="bbox 678 1297 1210 1362; baseline 0.002 -14"><span class='ocrx_word' id='word_1_339' title='bbox 678 1300 769 1350; x_wconf 93' lang='lat' dir='ltr'>minus</span> <span class='ocrx_word' id='word_1_340' title='bbox 785 1300 813 1349; x_wconf 90' lang='lat' dir='ltr'>in</span> <span class='ocrx_word' id='word_1_341' title='bbox 830 1315 905 1349; x_wconf 90' lang='lat' dir='ltr'>cruce</span> <span class='ocrx_word' id='word_1_342' title='bbox 927 1299 980 1362; x_wconf 89' lang='lat' dir='ltr'>jam</span> <span class='ocrx_word' id='word_1_343' title='bbox 1001 1298 1107 1358; x_wconf 85' lang='lat' dir='ltr'>anxius,</span> <span class='ocrx_word' id='word_1_344' title='bbox 1127 1297 1210 1349; x_wconf 85' lang='lat' dir='ltr'>oculis</span> 
     </span>
     <span class='ocr_line' id='line_1_67' title="bbox 678 1371 1208 1434; baseline -0.006 -12"><span class='ocrx_word' id='word_1_345' title='bbox 678 1383 704 1422; x_wconf 89' lang='lat' dir='ltr'>et</span> <span class='ocrx_word' id='word_1_346' title='bbox 724 1374 801 1422; x_wconf 90' lang='lat' dir='ltr'>vultu</span> <span class='ocrx_word' id='word_1_347' title='bbox 820 1387 952 1434; x_wconf 92' lang='lat' dir='ltr'>annuens,</span> <span class='ocrx_word' id='word_1_348' title='bbox 973 1373 1005 1422; x_wconf 88' lang='lat' dir='ltr'>de</span> <span class='ocrx_word' id='word_1_349' title='bbox 1025 1373 1129 1422; x_wconf 92' lang='lat' dir='ltr'>Joanne</span> <span class='ocrx_word' id='word_1_350' title='bbox 1149 1371 1208 1421; x_wconf 88' lang='lat' dir='ltr'>ait:</span> 
     </span>
     <span class='ocr_line' id='line_1_68' title="bbox 678 1443 1212 1508; baseline -0.004 -15"><span class='ocrx_word' id='word_1_351' title='bbox 678 1443 790 1504; x_wconf 84' lang='lat' dir='ltr'>Mulier,</span> <span class='ocrx_word' id='word_1_352' title='bbox 807 1443 952 1508; x_wconf 87' lang='lat' dir='ltr'>eccefilius</span> <span class='ocrx_word' id='word_1_353' title='bbox 969 1449 1039 1492; x_wconf 82' lang='lat' dir='ltr'>tuus.</span> <span class='ocrx_word' id='word_1_354' title='bbox 1056 1443 1125 1492; x_wconf 90' lang='lat' dir='ltr'>Eece</span> <span class='ocrx_word' id='word_1_355' title='bbox 1138 1443 1212 1492; x_wconf 88' lang='lat' dir='ltr'>loan—</span> 
     </span>
     <span class='ocr_line' id='line_1_69' title="bbox 680 1513 1211 1579; baseline -0.002 -16"><span class='ocrx_word' id='word_1_356' title='bbox 680 1529 736 1574; x_wconf 89' lang='lat' dir='ltr'>nes,</span> <span class='ocrx_word' id='word_1_357' title='bbox 756 1514 802 1579; x_wconf 91' lang='lat' dir='ltr'>qui</span> <span class='ocrx_word' id='word_1_358' title='bbox 824 1523 864 1563; x_wconf 91' lang='lat' dir='ltr'>est</span> <span class='ocrx_word' id='word_1_359' title='bbox 884 1529 968 1577; x_wconf 88' lang='lat' dir='ltr'>nepos</span> <span class='ocrx_word' id='word_1_360' title='bbox 989 1522 1062 1576; x_wconf 91' lang='lat' dir='ltr'>tuus,</span> <span class='ocrx_word' id='word_1_361' title='bbox 1075 1513 1109 1562; x_wconf 89' lang='lat' dir='ltr'>de</span> <span class='ocrx_word' id='word_1_362' title='bbox 1126 1521 1211 1562; x_wconf 89' lang='lat' dir='ltr'>cetero</span> 
     </span>
     <span class='ocr_line' id='line_1_70' title="bbox 679 1581 1211 1649; baseline -0.002 -16"><span class='ocrx_word' id='word_1_363' title='bbox 679 1584 846 1649; x_wconf 92' lang='lat' dir='ltr'>reputabitur</span> <span class='ocrx_word' id='word_1_364' title='bbox 871 1584 921 1632; x_wconf 92' lang='lat' dir='ltr'>tibi</span> <span class='ocrx_word' id='word_1_365' title='bbox 951 1581 1042 1642; x_wconf 87' lang='lat' dir='ltr'>filius,</span> <span class='ocrx_word' id='word_1_366' title='bbox 1067 1592 1093 1632; x_wconf 93' lang='lat' dir='ltr'>et</span> <span class='ocrx_word' id='word_1_367' title='bbox 1122 1598 1211 1632; x_wconf 86' lang='lat' dir='ltr'>curam</span> 
     </span>
     <span class='ocr_line' id='line_1_71' title="bbox 680 1651 1211 1712; baseline -0.004 -10"><span class='ocrx_word' id='word_1_368' title='bbox 680 1653 790 1702; x_wconf 89' lang='lat' dir='ltr'>habebit</span> <span class='ocrx_word' id='word_1_369' title='bbox 812 1653 861 1712; x_wconf 88' lang='lat' dir='ltr'>tui,</span> <span class='ocrx_word' id='word_1_370' title='bbox 884 1664 909 1703; x_wconf 91' lang='lat' dir='ltr'>et</span> <span class='ocrx_word' id='word_1_371' title='bbox 940 1653 989 1702; x_wconf 90' lang='lat' dir='ltr'>erit</span> <span class='ocrx_word' id='word_1_372' title='bbox 1013 1654 1140 1703; x_wconf 88' lang='lat' dir='ltr'>solatium</span> <span class='ocrx_word' id='word_1_373' title='bbox 1163 1651 1211 1702; x_wconf 90' lang='lat' dir='ltr'>tibi</span> 
     </span>
     <span class='ocr_line' id='line_1_72' title="bbox 679 1723 1212 1774; baseline 0 -1"><span class='ocrx_word' id='word_1_374' title='bbox 679 1724 876 1774; x_wconf 87' lang='lat' dir='ltr'>fidelissimum.</span> <span class='ocrx_word' id='word_1_375' title='bbox 901 1725 965 1773; x_wconf 91' lang='lat' dir='ltr'>lnde</span> <span class='ocrx_word' id='word_1_376' title='bbox 991 1723 1107 1774; x_wconf 88' lang='lat' dir='ltr'>intuitus</span> <span class='ocrx_word' id='word_1_377' title='bbox 1130 1724 1212 1774; x_wconf 79' lang='lat' dir='ltr'>loan-</span> 
     </span>
     <span class='ocr_line' id='line_1_73' title="bbox 680 1795 1213 1855; baseline -0.004 -10"><span class='ocrx_word' id='word_1_378' title='bbox 680 1811 751 1855; x_wconf 91' lang='lat' dir='ltr'>nem,</span> <span class='ocrx_word' id='word_1_379' title='bbox 763 1795 831 1845; x_wconf 82' lang='lat' dir='ltr'>dixit</span> <span class='ocrx_word' id='word_1_380' title='bbox 844 1811 850 1844; x_wconf 92' lang='lat'>:</span> <span class='ocrx_word' id='word_1_381' title='bbox 863 1795 934 1845; x_wconf 86' lang='lat' dir='ltr'>Ecce</span> <span class='ocrx_word' id='word_1_382' title='bbox 948 1802 1034 1845; x_wconf 83' lang='lat' dir='ltr'>mater·</span> <span class='ocrx_word' id='word_1_383' title='bbox 1047 1801 1103 1845; x_wconf 81' lang='lat' dir='ltr'>tua.</span> <span class='ocrx_word' id='word_1_384' title='bbox 1117 1795 1148 1846; x_wconf 90' lang='lat' dir='ltr'>Ei</span> <span class='ocrx_word' id='word_1_385' title='bbox 1164 1810 1213 1844; x_wconf 91' lang='lat' dir='ltr'>ser-</span> 
     </span>
     <span class='ocr_line' id='line_1_74' title="bbox 679 1863 1213 1935; baseline -0.004 -20"><span class='ocrx_word' id='word_1_386' title='bbox 679 1866 744 1926; x_wconf 88' lang='lat' dir='ltr'>vias,</span> <span class='ocrx_word' id='word_1_387' title='bbox 760 1877 786 1916; x_wconf 93' lang='lat' dir='ltr'>et</span> <span class='ocrx_word' id='word_1_388' title='bbox 800 1880 891 1935; x_wconf 84' lang='lat' dir='ltr'>curam</span> <span class='ocrx_word' id='word_1_389' title='bbox 907 1865 981 1915; x_wconf 92' lang='lat' dir='ltr'>illius</span> <span class='ocrx_word' id='word_1_390' title='bbox 995 1866 1074 1929; x_wconf 88' lang='lat' dir='ltr'>habe,</span> <span class='ocrx_word' id='word_1_391' title='bbox 1090 1881 1149 1916; x_wconf 89' lang='lat' dir='ltr'>eam</span> <span class='ocrx_word' id='word_1_392' title='bbox 1164 1863 1213 1914; x_wconf 92' lang='lat' dir='ltr'>tibi</span> 
     </span>
     <span class='ocr_line' id='line_1_75' title="bbox 680 1938 1213 2003; baseline -0.002 -17"><span class='ocrx_word' id='word_1_393' title='bbox 680 1939 854 1999; x_wconf 74' lang='lat' dir='ltr'>commendo,</span> <span class='ocrx_word' id='word_1_394' title='bbox 872 1938 977 2003; x_wconf 89' lang='lat' dir='ltr'>suscipe</span> <span class='ocrx_word' id='word_1_395' title='bbox 997 1946 1112 1986; x_wconf 90' lang='lat' dir='ltr'>matrem</span> <span class='ocrx_word' id='word_1_396' title='bbox 1130 1948 1213 1996; x_wconf 90' lang='lat' dir='ltr'>tuam,</span> 
     </span>
     <span class='ocr_line' id='line_1_76' title="bbox 681 2010 1213 2076; baseline 0.002 -17"><span class='ocrx_word' id='word_1_397' title='bbox 681 2012 736 2060; x_wconf 91' lang='lat' dir='ltr'>imo</span> <span class='ocrx_word' id='word_1_398' title='bbox 751 2010 837 2076; x_wconf 90' lang='lat' dir='ltr'>magis</span> <span class='ocrx_word' id='word_1_399' title='bbox 857 2011 963 2075; x_wconf 93' lang='lat' dir='ltr'>suscipe</span> <span class='ocrx_word' id='word_1_400' title='bbox 982 2012 1096 2059; x_wconf 87' lang='lat' dir='ltr'>Matrem</span> <span class='ocrx_word' id='word_1_401' title='bbox 1116 2025 1213 2060; x_wconf 87' lang='lat' dir='ltr'>meam.</span> 
     </span>
     <span class='ocr_line' id='line_1_77' title="bbox 681 2081 1214 2145; baseline -0.002 -13"><span class='ocrx_word' id='word_1_402' title='bbox 681 2083 751 2132; x_wconf 88' lang='lat' dir='ltr'>Dum</span> <span class='ocrx_word' id='word_1_403' title='bbox 773 2083 830 2132; x_wconf 83' lang='lat' dir='ltr'>haec</span> <span class='ocrx_word' id='word_1_404' title='bbox 856 2099 938 2145; x_wconf 87' lang='lat' dir='ltr'>pauca</span> <span class='ocrx_word' id='word_1_405' title='bbox 958 2082 1067 2142; x_wconf 91' lang='lat' dir='ltr'>diceret,</span> <span class='ocrx_word' id='word_1_406' title='bbox 1090 2081 1131 2131; x_wconf 90' lang='lat' dir='ltr'>illi</span> <span class='ocrx_word' id='word_1_407' title='bbox 1160 2082 1214 2131; x_wconf 92' lang='lat' dir='ltr'>duo</span> 
     </span>
     <span class='ocr_line' id='line_1_78' title="bbox 680 2153 1214 2218; baseline -0.002 -16"><span class='ocrx_word' id='word_1_408' title='bbox 680 2153 770 2203; x_wconf 90' lang='lat' dir='ltr'>dilecti</span> <span class='ocrx_word' id='word_1_409' title='bbox 786 2153 917 2218; x_wconf 88' lang='lat' dir='ltr'>lacrymas</span> <span class='ocrx_word' id='word_1_410' title='bbox 932 2153 1043 2202; x_wconf 87' lang='lat' dir='ltr'>fundere</span> <span class='ocrx_word' id='word_1_411' title='bbox 1056 2167 1110 2201; x_wconf 91' lang='lat' dir='ltr'>non</span> <span class='ocrx_word' id='word_1_412' title='bbox 1124 2167 1214 2202; x_wconf 89' lang='lat' dir='ltr'>cessa-</span> 
     </span>
     <span class='ocr_line' id='line_1_79' title="bbox 681 2224 1214 2290; baseline -0.004 -15"><span class='ocrx_word' id='word_1_413' title='bbox 681 2227 754 2275; x_wconf 91' lang='lat' dir='ltr'>bant.</span> <span class='ocrx_word' id='word_1_414' title='bbox 771 2225 905 2274; x_wconf 90' lang='lat' dir='ltr'>Tacebant</span> <span class='ocrx_word' id='word_1_415' title='bbox 922 2225 1002 2274; x_wconf 93' lang='lat' dir='ltr'>ambo</span> <span class='ocrx_word' id='word_1_416' title='bbox 1020 2224 1059 2274; x_wconf 92' lang='lat' dir='ltr'>illi</span> <span class='ocrx_word' id='word_1_417' title='bbox 1075 2225 1214 2290; x_wconf 89' lang='lat' dir='ltr'>Martyres,</span> 
     </span>
     <span class='ocr_line' id='line_1_80' title="bbox 680 2298 1215 2365; baseline -0.004 -16"><span class='ocrx_word' id='word_1_418' title='bbox 680 2309 706 2349; x_wconf 87' lang='lat' dir='ltr'>et</span> <span class='ocrx_word' id='word_1_419' title='bbox 723 2315 776 2365; x_wconf 85' lang='lat' dir='ltr'>prae</span> <span class='ocrx_word' id='word_1_420' title='bbox 788 2299 873 2348; x_wconf 92' lang='lat' dir='ltr'>nimio</span> <span class='ocrx_word' id='word_1_421' title='bbox 887 2299 978 2347; x_wconf 90' lang='lat' dir='ltr'>dolore</span> <span class='ocrx_word' id='word_1_422' title='bbox 998 2298 1073 2364; x_wconf 92' lang='lat' dir='ltr'>loqui</span> <span class='ocrx_word' id='word_1_423' title='bbox 1093 2313 1149 2348; x_wconf 95' lang='lat' dir='ltr'>non</span> <span class='ocrx_word' id='word_1_424' title='bbox 1164 2312 1215 2362; x_wconf 90' lang='lat' dir='ltr'>po-</span> 
     </span>
     <span class='ocr_line' id='line_1_81' title="bbox 680 2369 1215 2435; baseline -0.006 -14"><span class='ocrx_word' id='word_1_425' title='bbox 680 2380 776 2421; x_wconf 90' lang='lat' dir='ltr'>terant.</span> <span class='ocrx_word' id='word_1_426' title='bbox 794 2370 839 2420; x_wconf 93' lang='lat' dir='ltr'>lsti</span> <span class='ocrx_word' id='word_1_427' title='bbox 856 2371 910 2420; x_wconf 94' lang='lat' dir='ltr'>duo</span> <span class='ocrx_word' id='word_1_428' title='bbox 930 2369 1048 2435; x_wconf 89' lang='lat' dir='ltr'>virgines</span> <span class='ocrx_word' id='word_1_429' title='bbox 1068 2369 1215 2419; x_wconf 91' lang='lat' dir='ltr'>audiebant</span> 
     </span>
     <span class='ocr_line' id='line_1_82' title="bbox 681 2445 1216 2510; baseline -0.004 -16"><span class='ocrx_word' id='word_1_430' title='bbox 681 2445 821 2495; x_wconf 90' lang='lat' dir='ltr'>Christum</span> <span class='ocrx_word' id='word_1_431' title='bbox 835 2461 899 2495; x_wconf 90' lang='lat' dir='ltr'>voce</span> <span class='ocrx_word' id='word_1_432' title='bbox 922 2445 1076 2510; x_wconf 87' lang='lat' dir='ltr'>loquentem</span> <span class='ocrx_word' id='word_1_433' title='bbox 1093 2452 1176 2503; x_wconf 85' lang='lat' dir='ltr'>tanta,</span> <span class='ocrx_word' id='word_1_434' title='bbox 1191 2452 1216 2493; x_wconf 92' lang='lat' dir='ltr'>et</span> 
     </span>
     <span class='ocr_line' id='line_1_83' title="bbox 681 2516 1216 2584; baseline -0.006 -16"><span class='ocrx_word' id='word_1_435' title='bbox 681 2519 771 2583; x_wconf 89' lang='lat' dir='ltr'>ipsum</span> <span class='ocrx_word' id='word_1_436' title='bbox 794 2519 921 2568; x_wconf 88' lang='lat' dir='ltr'>videbant</span> <span class='ocrx_word' id='word_1_437' title='bbox 944 2516 1073 2584; x_wconf 89' lang='lat' dir='ltr'>paulatim</span> <span class='ocrx_word' id='word_1_438' title='bbox 1096 2516 1216 2566; x_wconf 91' lang='lat' dir='ltr'>morien·</span> 
     </span>
     <span class='ocr_line' id='line_1_84' title="bbox 680 2586 1216 2652; baseline -0.002 -14"><span class='ocrx_word' id='word_1_439' title='bbox 680 2598 744 2639; x_wconf 90' lang='lat' dir='ltr'>tem.</span> <span class='ocrx_word' id='word_1_440' title='bbox 770 2591 867 2639; x_wconf 78' lang='lat' dir='ltr'>Amare</span> <span class='ocrx_word' id='word_1_441' title='bbox 895 2589 1002 2645; x_wconf 90' lang='lat' dir='ltr'>flebant,</span> <span class='ocrx_word' id='word_1_442' title='bbox 1029 2586 1093 2652; x_wconf 87' lang='lat' dir='ltr'>quia</span> <span class='ocrx_word' id='word_1_443' title='bbox 1128 2601 1216 2637; x_wconf 84' lang='lat' dir='ltr'>amare</span> 
     </span>
     <span class='ocr_line' id='line_1_85' title="bbox 681 2656 1217 2724; baseline -0.004 -16"><span class='ocrx_word' id='word_1_444' title='bbox 681 2660 815 2718; x_wconf 88' lang='lat' dir='ltr'>dolebant,</span> <span class='ocrx_word' id='word_1_445' title='bbox 828 2675 889 2709; x_wconf 90' lang='lat' dir='ltr'>nam</span> <span class='ocrx_word' id='word_1_446' title='bbox 905 2658 1010 2724; x_wconf 89' lang='lat' dir='ltr'>gladius</span> <span class='ocrx_word' id='word_1_447' title='bbox 1023 2656 1126 2707; x_wconf 92' lang='lat' dir='ltr'>doloris</span> <span class='ocrx_word' id='word_1_448' title='bbox 1141 2657 1217 2708; x_wconf 90' lang='lat' dir='ltr'>Chri·</span> 
     </span>
     <span class='ocr_line' id='line_1_86' title="bbox 681 2728 1215 2794; baseline 0 -16"><span class='ocrx_word' id='word_1_449' title='bbox 681 2730 715 2779; x_wconf 89' lang='lat' dir='ltr'>sti</span> <span class='ocrx_word' id='word_1_450' title='bbox 742 2730 846 2780; x_wconf 86' lang='lat' dir='ltr'>animas</span> <span class='ocrx_word' id='word_1_451' title='bbox 868 2741 1046 2794; x_wconf 91' lang='lat' dir='ltr'>utrorumque</span> <span class='ocrx_word' id='word_1_452' title='bbox 1068 2728 1215 2789; x_wconf 61' lang='lat' dir='ltr'>transibat,</span> 
     </span>
     <span class='ocr_line' id='line_1_87' title="bbox 681 2799 1216 2866; baseline -0.004 -16"><span class='ocrx_word' id='word_1_453' title='bbox 681 2816 742 2866; x_wconf 88' lang='lat' dir='ltr'>quae</span> <span class='ocrx_word' id='word_1_454' title='bbox 763 2801 849 2866; x_wconf 88' lang='lat' dir='ltr'>magis</span> <span class='ocrx_word' id='word_1_455' title='bbox 867 2801 981 2859; x_wconf 91' lang='lat' dir='ltr'>amabat,</span> <span class='ocrx_word' id='word_1_456' title='bbox 998 2799 1116 2850; x_wconf 90' lang='lat' dir='ltr'>severior</span> <span class='ocrx_word' id='word_1_457' title='bbox 1136 2799 1216 2850; x_wconf 86' lang='lat' dir='ltr'>fiebat</span> 
     </span>
     <span class='ocr_line' id='line_1_88' title="bbox 681 2871 1216 2921; baseline -0.002 0"><span class='ocrx_word' id='word_1_458' title='bbox 681 2873 709 2921; x_wconf 91' lang='lat' dir='ltr'>in</span> <span class='ocrx_word' id='word_1_459' title='bbox 730 2873 822 2920; x_wconf 89' lang='lat' dir='ltr'>Matre.</span> <span class='ocrx_word' id='word_1_460' title='bbox 843 2890 856 2917; x_wconf 79' lang='lat' dir='ltr'>n</span> <span class='ocrx_word' id='word_1_461' title='bbox 878 2872 909 2920; x_wconf 83' lang='lat' dir='ltr'>Et</span> <span class='ocrx_word' id='word_1_462' title='bbox 924 2871 1044 2921; x_wconf 92' lang='lat' dir='ltr'>iterum:</span> <span class='ocrx_word' id='word_1_463' title='bbox 1066 2889 1080 2916; x_wconf 78' lang='lat' dir='ltr'>a</span> <span class='ocrx_word' id='word_1_464' title='bbox 1099 2871 1216 2920; x_wconf 89' lang='lat' dir='ltr'>Eructa-</span> 
     </span>
     <span class='ocr_line' id='line_1_89' title="bbox 680 2941 1215 3000; baseline -0.006 -8"><span class='ocrx_word' id='word_1_465' title='bbox 680 2943 718 2992; x_wconf 95' lang='lat' dir='ltr'>vit</span> <span class='ocrx_word' id='word_1_466' title='bbox 739 2941 819 2991; x_wconf 91' lang='lat' dir='ltr'>etiam</span> <span class='ocrx_word' id='word_1_467' title='bbox 835 2957 864 2991; x_wconf 93' lang='lat' dir='ltr'>os</span> <span class='ocrx_word' id='word_1_468' title='bbox 880 2952 958 2990; x_wconf 90' lang='lat' dir='ltr'>tuum</span> <span class='ocrx_word' id='word_1_469' title='bbox 973 2942 1085 2992; x_wconf 91' lang='lat' dir='ltr'>verbum</span> <span class='ocrx_word' id='word_1_470' title='bbox 1101 2941 1215 3000; x_wconf 91' lang='lat' dir='ltr'>bonum,</span> 
     </span>
     <span class='ocr_line' id='line_1_90' title="bbox 680 3010 1216 3077; baseline -0.007 -14"><span class='ocrx_word' id='word_1_471' title='bbox 680 3029 740 3063; x_wconf 88' lang='lat' dir='ltr'>cum</span> <span class='ocrx_word' id='word_1_472' title='bbox 762 3012 863 3062; x_wconf 89' lang='lat' dir='ltr'>diceres</span> <span class='ocrx_word' id='word_1_473' title='bbox 889 3029 895 3062; x_wconf 76' lang='grc' dir='ltr'>ι</span> <span class='ocrx_word' id='word_1_474' title='bbox 917 3010 1029 3073; x_wconf 84' lang='lat' dir='ltr'>Mulier,</span> <span class='ocrx_word' id='word_1_475' title='bbox 1058 3025 1117 3062; x_wconf 85' lang='lat' dir='ltr'>ecce</span> <span class='ocrx_word' id='word_1_476' title='bbox 1135 3010 1216 3077; x_wconf 80' lang='lat' dir='ltr'>filius</span> 
     </span>
     <span class='ocr_line' id='line_1_91' title="bbox 680 3081 1215 3141; baseline -0.007 -8"><span class='ocrx_word' id='word_1_477' title='bbox 680 3091 750 3134; x_wconf 79' lang='lat' dir='ltr'>ttius.</span> <span class='ocrx_word' id='word_1_478' title='bbox 766 3083 873 3133; x_wconf 88' lang='lat' dir='ltr'>Cruciat</span> <span class='ocrx_word' id='word_1_479' title='bbox 887 3093 921 3141; x_wconf 89' lang='lat' dir='ltr'>te,</span> <span class='ocrx_word' id='word_1_480' title='bbox 937 3081 1051 3131; x_wconf 90' lang='lat' dir='ltr'>Domine</span> <span class='ocrx_word' id='word_1_481' title='bbox 1064 3083 1136 3140; x_wconf 87' lang='lat' dir='ltr'>lesu,</span> <span class='ocrx_word' id='word_1_482' title='bbox 1151 3095 1215 3130; x_wconf 84' lang='lat' dir='ltr'>crux</span> 
     </span>
     <span class='ocr_line' id='line_1_92' title="bbox 679 3153 1214 3215; baseline -0.009 -9"><span class='ocrx_word' id='word_1_483' title='bbox 679 3168 734 3214; x_wconf 90' lang='lat' dir='ltr'>tua,</span> <span class='ocrx_word' id='word_1_484' title='bbox 759 3155 805 3205; x_wconf 92' lang='lat' dir='ltr'>sed</span> <span class='ocrx_word' id='word_1_485' title='bbox 835 3171 889 3204; x_wconf 91' lang='lat' dir='ltr'>non</span> <span class='ocrx_word' id='word_1_486' title='bbox 917 3153 1009 3203; x_wconf 90' lang='lat' dir='ltr'>minus</span> <span class='ocrx_word' id='word_1_487' title='bbox 1039 3153 1125 3202; x_wconf 87' lang='lat' dir='ltr'>Mater</span> <span class='ocrx_word' id='word_1_488' title='bbox 1150 3161 1214 3215; x_wconf 65' lang='grc' dir='ltr'>ωας</span> 
     </span>
     <span class='ocr_line' id='line_1_93' title="bbox 680 3221 1215 3285; baseline -0.009 -10"><span class='ocrx_word' id='word_1_489' title='bbox 680 3226 781 3275; x_wconf 90' lang='lat' dir='ltr'>cruciat</span> <span class='ocrx_word' id='word_1_490' title='bbox 801 3225 877 3273; x_wconf 90' lang='lat' dir='ltr'>dolor</span> <span class='ocrx_word' id='word_1_491' title='bbox 894 3234 964 3285; x_wconf 85' lang='lat' dir='ltr'>tuus,</span> <span class='ocrx_word' id='word_1_492' title='bbox 980 3224 1025 3273; x_wconf 83' lang='lat' dir='ltr'>sed</span> <span class='ocrx_word' id='word_1_493' title='bbox 1043 3239 1099 3272; x_wconf 88' lang='lat' dir='ltr'>non</span> <span class='ocrx_word' id='word_1_494' title='bbox 1124 3221 1215 3270; x_wconf 86' lang='lat' dir='ltr'>minus</span> 
     </span>
     <span class='ocr_line' id='line_1_94' title="bbox 679 3291 1216 3358; baseline -0.009 -13"><span class='ocrx_word' id='word_1_495' title='bbox 679 3296 756 3345; x_wconf 89' lang='lat' dir='ltr'>dolor</span> <span class='ocrx_word' id='word_1_496' title='bbox 768 3295 832 3358; x_wconf 88' lang='lat' dir='ltr'>ejus.</span> <span class='ocrx_word' id='word_1_497' title='bbox 851 3295 911 3342; x_wconf 92' lang='lat' dir='ltr'>Non</span> <span class='ocrx_word' id='word_1_498' title='bbox 932 3304 972 3342; x_wconf 91' lang='lat' dir='ltr'>cst</span> <span class='ocrx_word' id='word_1_499' title='bbox 988 3293 1087 3342; x_wconf 89' lang='lat' dir='ltr'>mirum</span> <span class='ocrx_word' id='word_1_500' title='bbox 1103 3291 1126 3341; x_wconf 94' lang='lat' dir='ltr'>si</span> <span class='ocrx_word' id='word_1_501' title='bbox 1141 3292 1216 3340; x_wconf 92' lang='lat' dir='ltr'>doles</span> 
     </span>
     <span class='ocr_line' id='line_1_95' title="bbox 679 3365 1216 3430; baseline -0.009 -12"><span class='ocrx_word' id='word_1_502' title='bbox 679 3379 705 3418; x_wconf 90' lang='lat' dir='ltr'>et</span> <span class='ocrx_word' id='word_1_503' title='bbox 724 3367 858 3424; x_wconf 90' lang='lat' dir='ltr'>condoles,</span> <span class='ocrx_word' id='word_1_504' title='bbox 875 3365 897 3414; x_wconf 91' lang='lat' dir='ltr'>si</span> <span class='ocrx_word' id='word_1_505' title='bbox 913 3365 1010 3430; x_wconf 89' lang='lat' dir='ltr'>pateris</span> <span class='ocrx_word' id='word_1_506' title='bbox 1029 3375 1054 3414; x_wconf 92' lang='lat' dir='ltr'>et</span> <span class='ocrx_word' id='word_1_507' title='bbox 1076 3372 1216 3428; x_wconf 90' lang='lat' dir='ltr'>compate-</span> 
     </span>
     <span class='ocr_line' id='line_1_96' title="bbox 679 3434 1216 3500; baseline -0.011 -12"><span class='ocrx_word' id='word_1_508' title='bbox 679 3439 725 3500; x_wconf 90' lang='lat' dir='ltr'>ris,</span> <span class='ocrx_word' id='word_1_509' title='bbox 741 3438 811 3486; x_wconf 93' lang='lat' dir='ltr'>bone</span> <span class='ocrx_word' id='word_1_510' title='bbox 832 3435 893 3496; x_wconf 88' lang='lat' dir='ltr'>Fili,</span> <span class='ocrx_word' id='word_1_511' title='bbox 912 3437 940 3484; x_wconf 91' lang='lat' dir='ltr'>in</span> <span class='ocrx_word' id='word_1_512' title='bbox 960 3434 1126 3485; x_wconf 89' lang='lat' dir='ltr'>desolatione</span> <span class='ocrx_word' id='word_1_513' title='bbox 1154 3434 1216 3482; x_wconf 91' lang='lat' dir='ltr'>Ma-</span> 
     </span>
     <span class='ocr_line' id='line_1_97' title="bbox 679 3505 1217 3572; baseline -0.013 -12"><span class='ocrx_word' id='word_1_514' title='bbox 679 3510 737 3568; x_wconf 90' lang='lat' dir='ltr'>tris,</span> <span class='ocrx_word' id='word_1_515' title='bbox 753 3508 779 3557; x_wconf 93' lang='lat' dir='ltr'>in</span> <span class='ocrx_word' id='word_1_516' title='bbox 794 3507 961 3572; x_wconf 86' lang='lat' dir='ltr'>separatione</span> <span class='ocrx_word' id='word_1_517' title='bbox 977 3506 1080 3563; x_wconf 69' lang='lat' dir='ltr'>Matris</span> <span class='ocrx_word' id='word_1_518' title='bbox 1095 3505 1124 3554; x_wconf 91' lang='lat' dir='ltr'>in</span> <span class='ocrx_word' id='word_1_519' title='bbox 1142 3520 1217 3554; x_wconf 92' lang='lat' dir='ltr'>com·</span> 
     </span>
     <span class='ocr_line' id='line_1_98' title="bbox 679 3577 1216 3644; baseline -0.013 -12"><span class='ocrx_word' id='word_1_520' title='bbox 679 3581 850 3632; x_wconf 75' lang='lat' dir='ltr'>mandatione</span> <span class='ocrx_word' id='word_1_521' title='bbox 861 3579 962 3629; x_wconf 87' lang='lat' dir='ltr'>Matris.</span> <span class='ocrx_word' id='word_1_522' title='bbox 979 3580 1125 3644; x_wconf 89' lang='lat' dir='ltr'>Nunquam</span> <span class='ocrx_word' id='word_1_523' title='bbox 1139 3577 1216 3627; x_wconf 86' lang='lat' dir='ltr'>enim</span> 
     </span>
     <span class='ocr_line' id='line_1_99' title="bbox 679 3651 1213 3714; baseline -0.013 -7"><span class='ocrx_word' id='word_1_524' title='bbox 679 3667 704 3707; x_wconf 92' lang='lat' dir='ltr'>te</span> <span class='ocrx_word' id='word_1_525' title='bbox 725 3655 841 3706; x_wconf 89' lang='lat' dir='ltr'>deseruit</span> <span class='ocrx_word' id='word_1_526' title='bbox 858 3671 864 3703; x_wconf 78' lang='lat' dir='ltr'><em>z</em></span> <span class='ocrx_word' id='word_1_527' title='bbox 884 3671 938 3703; x_wconf 94' lang='lat' dir='ltr'>non</span> <span class='ocrx_word' id='word_1_528' title='bbox 962 3654 989 3702; x_wconf 95' lang='lat' dir='ltr'>in</span> <span class='ocrx_word' id='word_1_529' title='bbox 1012 3651 1136 3714; x_wconf 89' lang='lat' dir='ltr'>infantia,</span> <span class='ocrx_word' id='word_1_530' title='bbox 1157 3667 1213 3702; x_wconf 91' lang='lat' dir='ltr'>non</span> 
     </span>
     <span class='ocr_line' id='line_1_100' title="bbox 680 3722 1215 3787; baseline -0.011 -10"><span class='ocrx_word' id='word_1_531' title='bbox 680 3729 707 3778; x_wconf 93' lang='lat' dir='ltr'>in</span> <span class='ocrx_word' id='word_1_532' title='bbox 728 3725 916 3787; x_wconf 87' lang='lat' dir='ltr'>adolescentia,</span> <span class='ocrx_word' id='word_1_533' title='bbox 939 3740 993 3773; x_wconf 89' lang='lat' dir='ltr'>non</span> <span class='ocrx_word' id='word_1_534' title='bbox 1017 3723 1045 3772; x_wconf 91' lang='lat' dir='ltr'>in</span> <span class='ocrx_word' id='word_1_535' title='bbox 1068 3722 1215 3786; x_wconf 81' lang='lat' dir='ltr'>juventute,</span> 
     </span>
     <span class='ocr_line' id='line_1_101' title="bbox 680 3793 1214 3859; baseline -0.015 -11"><span class='ocrx_word' id='word_1_536' title='bbox 680 3814 736 3848; x_wconf 94' lang='lat' dir='ltr'>non</span> <span class='ocrx_word' id='word_1_537' title='bbox 770 3798 797 3847; x_wconf 92' lang='lat' dir='ltr'>in</span> <span class='ocrx_word' id='word_1_538' title='bbox 829 3795 954 3845; x_wconf 90' lang='lat' dir='ltr'>Passione</span> <span class='ocrx_word' id='word_1_539' title='bbox 983 3803 1037 3844; x_wconf 89' lang='lat' dir='ltr'>tua.</span> <span class='ocrx_word' id='word_1_540' title='bbox 1068 3793 1214 3859; x_wconf 90' lang='lat' dir='ltr'>Nunquam</span> 
     </span>
     <span class='ocr_line' id='line_1_102' title="bbox 680 3864 1214 3932; baseline -0.013 -13"><span class='ocrx_word' id='word_1_541' title='bbox 680 3867 765 3920; x_wconf 81' lang='lat' dir='ltr'>defuit</span> <span class='ocrx_word' id='word_1_542' title='bbox 789 3868 837 3918; x_wconf 92' lang='lat' dir='ltr'>tibi</span> <span class='ocrx_word' id='word_1_543' title='bbox 860 3868 915 3932; x_wconf 81' lang='lat' dir='ltr'>ejus</span> <span class='ocrx_word' id='word_1_544' title='bbox 934 3865 1075 3929; x_wconf 87' lang='lat' dir='ltr'>solatium;</span> <span class='ocrx_word' id='word_1_545' title='bbox 1097 3864 1144 3913; x_wconf 89' lang='lat' dir='ltr'>sed</span> <span class='ocrx_word' id='word_1_546' title='bbox 1166 3877 1214 3912; x_wconf 88' lang='lat' dir='ltr'>nec</span> 
     </span>
    </p>
   </div>
   <div class='ocr_carea' id='block_1_8' title="bbox 0 0 1325 4328">
    <p class='ocr_par' dir='ltr' id='par_1_9' title="bbox 0 0 1325 4328">
     <span class='ocr_line' id='line_1_103' title="bbox 0 0 1325 4328; baseline 0 0"><span class='ocrx_word' id='word_1_547' title='bbox 0 0 1325 4328; x_wconf 95' lang='lat' dir='ltr'> </span> 
     </span>
    </p>
   </div>
  </div>
 </body>
</html>
