2626 4328
128 231 306 290 QUOMODO
316 230 403 282 DOM.
414 231 541 281 APPAR.
558 230 679 282 DISCIP.
692 231 861 297 INCLUSIS‚
872 234 987 286 THOM.
998 234 1109 286 PRAES.
1145 251 1197 302 719

79 353 178 407 tomus,
201 345 284 410 ‘quod
319 345 454 396 cicatrices
493 345 609 395 suntin

80 416 190 465 Christo
210 431 290 482 super
313 415 388 466 radio
414 416 479 466 solis
494 416 610 466 lucidio-

81 502 133 537 res.
156 487 233 537 Unde
259 488 349 548 etiam,
378 489 525 538 secundum
550 490 610 538 Au-

79 561 226 625 gustinum,
242 560 270 609 in
285 560 333 610 illo
348 576 429 626 regno
443 560 610 625 apparebunt

81 630 108 680 in
125 631 284 696 corporibus
305 632 444 682 beatorum
460 633 609 697 Martyrum

77 701 214 751 cicatrices
223 702 375 762 vulnerum,
390 717 450 768 quae
464 718 511 768 pro
528 701 610 753 Chri-

79 774 114 824 sti
129 775 241 825 nomine
255 777 422 840 pertulerunt
440 793 447 825 ε
462 776 530 827 sicut
551 776 611 827 stel-

78 847 103 896 la
118 845 237 906 incaelo,
255 847 324 897 sicut
345 847 412 912 lapis
432 849 565 913 pretiosus
580 849 609 898 in

77 919 188 978 annulo,
206 918 275 968 sicut
289 917 340 968 llos
354 919 382 968 in
395 919 495 984 stipite,
509 930 535 970 et
554 919 609 969 sic-

77 999 107 1039 ut
122 990 222 1038 rubens
241 990 316 1040 color
336 990 362 1039 in
376 1007 444 1041 rosa.
459 992 519 1041 Non
533 991 608 1041 enirn

76 1058 236 1110 deformitas
250 1060 277 1109 in
298 1061 346 1120 eis,
359 1062 404 1111 sed
417 1062 536 1128 dignitas
548 1062 608 1123 erit,

77 1139 104 1181 et
128 1132 251 1196 quadam
277 1133 402 1198 quamvis
428 1133 456 1182 in
487 1149 608 1199 corpore,

78 1219 134 1253 non
150 1205 278 1270 corporis,
295 1207 341 1256 sed
362 1206 471 1256 virtutis
485 1205 609 1271 pulchri-

77 1279 144 1327 tudo
166 1275 294 1343 fulgebit;
323 1295 371 1329 nec
393 1277 453 1328 ideo
471 1288 562 1327 tamen
585 1277 607 1327 si

78 1350 243 1416 Martyribus
259 1350 349 1416 aliqua
369 1360 506 1415 amputata
518 1358 543 1399 et
559 1348 608 1398 ab·

77 1422 130 1471 lata
144 1433 208 1471 sunt
225 1423 355 1482 membra,
371 1421 428 1471 sine
440 1421 507 1486 ipsis
524 1428 610 1470 r'nem·

77 1492 135 1543 bris
153 1504 231 1542 erunt
251 1493 280 1542 in
309 1491 504 1543 resurrectione
532 1505 608 1540 mor·

76 1573 205 1622 tuorum,
240 1565 286 1614 sed
323 1564 369 1614 ubi
408 1564 548 1627 membra,
578 1569 609 1613 ut

75 1634 284 1698 praeciderentur
313 1650 439 1700 percussa
461 1644 544 1695 sunt,
566 1633 607 1684 vel

74 1714 155 1762 secta,
170 1705 207 1755 ibi
222 1706 369 1768 cicatrices,
384 1704 430 1754 sed
445 1715 534 1754 tamen
551 1703 607 1753 eis-

74 1775 138 1825 dem
157 1777 285 1826 membris
301 1775 422 1834 redditis,
438 1790 493 1824 non
513 1774 607 1839 perdi-

74 1846 119 1909 tis,
130 1850 306 1913 apparebunt.

107 1917 123 1967 6
155 1920 315 1970 Berranrrrs
354 1919 453 1969 Dorum
488 1933 527 1969 src
554 1931 608 1966 cuir

75 1989 174 2039 Trroran
209 2006 398 2040 rnrrrernarrrcra
429 2003 549 2038 norurrs.
576 2015 607 2024 -

73 2062 209 2128 Conspice
224 2081 296 2114 nunc
310 2064 469 2124 Dominum,
483 2070 508 2112 et
522 2060 608 2111 consi-

666 347 730 397 dera
748 347 857 399 solitam
878 349 965 416 ipsius
990 351 1196 417 benignitatem,

665 416 844 470 humilitatem
863 431 889 472 et
907 437 1027 472 amorem
1039 421 1195 481 ferventem,

664 490 802 552 quomodo
823 491 947 542 videlicet
967 502 1100 542 monstrat
1117 492 1196 541 Tho-

665 573 715 608 mae
730 568 755 608 et
778 560 839 610 aliis
862 561 1002 627 discipulis
1023 563 1143 622 vulnera,
1166 572 1196 613 ut

664 629 740 679 tollat
753 645 861 680 omnem
876 633 1068 684 obscuritatem
1086 633 1120 683 de
1133 647 1195 682 cor·
1262 672 1265 677 ⁴

664 697 745 748 dibus
763 715 867 760 eorum,
893 702 924 751 ad
953 703 1075 769 ipsorum
1096 713 1122 752 et
1143 717 1196 752 no-

664 779 750 820 stram
774 771 928 825 utilitatem.
948 777 1005 825 Stat
1026 775 1109 841 igitur
1133 790 1194 824 cum

664 840 703 891 eis
714 856 761 906 per
779 841 898 908 aliquam
915 846 1058 906 morulam,
1081 847 1195 911 loquens

663 910 697 960 de
710 927 794 978 regno
808 913 856 963 Dei
874 916 1068 978 consolatoria;
1084 925 1156 965 stant
1170 924 1196 965 et

664 983 715 1049 ipsi
733 1001 794 1035 cum
805 999 842 1036 ‘eo
859 986 886 1036 in
912 988 1005 1039 laetitia
1019 1004 1126 1054 magna,
1142 1003 1194 1038 au-

663 1054 767 1106 dientes
782 1057 828 1107 illa
847 1058 927 1107 verba
953 1060 1064 1119 excelsa,
1079 1070 1105 1110 et
1121 1059 1194 1125 aspi-

663 1127 765 1179 cientes
777 1129 872 1181 faciem
889 1133 945 1195 ejus
963 1134 1069 1197 plenam
1085 1132 1193 1199 gaudio,

663 1215 692 1249 ac
712 1201 808 1251 decore
831 1213 857 1252 et
872 1203 964 1268 gratia.
985 1205 1100 1254 Attende
1126 1203 1194 1252 bene

662 1286 707 1321 eos
730 1273 897 1324 familiariter
924 1275 1095 1324 circumcirca
1116 1282 1195 1323 stan-

663 1354 712 1395 tes.
728 1346 775 1396 Sta
789 1356 815 1396 et
837 1359 865 1396 tu
887 1357 1046 1407 reverenter,
1072 1354 1098 1396 et
1118 1360 1194 1395 vere-

663 1418 759 1478 cunde,
781 1418 827 1468 sed
852 1419 1033 1485 gaudenter,a
1053 1418 1193 1483 longera-

663 1505 736 1550 men,
751 1490 790 1541 sic
804 1490 871 1542 forte
892 1490 1078 1541 misericordia
1101 1498 1194 1540 motus

662 1561 740 1613 faciat
765 1573 790 1615 te
816 1563 904 1614 vocari
927 1565 990 1614 licet
1014 1562 1191 1613 immeritum.

662 1634 782 1685 Tandem
794 1635 859 1686 dicit
869 1636 907 1685 eis
920 1635 993 1702 quod
1009 1634 1037 1684 in
1052 1634 1192 1684 Galilaeam

661 1705 768 1767 vadant,
789 1717 814 1757 et
836 1706 962 1774 quodibi
987 1705 1026 1756 eis
1045 1703 1192 1771 apparebit,

662 1776 731 1827 sicut
753 1777 932 1843 promiserat,
959 1787 984 1827 et
1009 1773 1194 1826 benedictione

661 1848 731 1909 data,
745 1848 870 1899 discessit
886 1847 982 1899 abeis.
999 1846 1053 1913 Ipsi
1072 1862 1135 1897 vero
1150 1861 1194 1896 re·

663 1930 831 1980 manserunt,
846 1931 877 1970 ut
889 1919 974 1986 prius,
989 1919 1023 1969 de
1038 1919 1097 1984 ipso
1113 1915 1193 1966 fame-

661 1988 705 2038 lici
718 1999 744 2039 et
757 1991 900 2055 sitibundi,
915 1991 961 2041 sed
974 1989 1123 2054 plurimum
1133 2002 1194 2036 con·

661 2059 759 2112 fortati.
817 2091 820 2096 ·

555 2293 690 2344 ORATIO
763 2298 765 2302 ⁴

106 2463 222 2514 Domine
238 2465 300 2515 Jesu
317 2465 434 2525 Christe,
457 2465 506 2531 qui
527 2465 641 2515 Thomae
665 2462 798 2515 dubitanti
819 2463 877 2514 loca
894 2463 1031 2513 clavorum
1045 2473 1071 2514 et
1094 2462 1191 2513 lanceae

72 2535 231 2596 ostendisti,
252 2545 279 2586 et
290 2553 352 2587 eum
367 2552 413 2602 per
431 2536 508 2600 digiti
529 2547 555 2586 et
566 2551 664 2586 manus
678 2536 887 2597 immissionem,
900 2536 933 2586 ab
947 2551 1040 2587 errore·
1050 2535 1190 2596 revocasti,

71 2607 107 2656 da
121 2607 190 2656 milri
203 2618 232 2657 ut
241 2618 350 2658 tuorum
366 2608 508 2658 vulnerum
522 2617 547 2656 et
559 2607 697 2658 Passionis
706 2623 813 2675 semper
823 2607 858 2658 ha
877 2622 926 2658 ens
938 2608 1106 2667 memoriam,
1122 2605 1192 2672 digi-

72 2687 170 2728 tumet
187 2693 308 2738 manum,
322 2679 372 2728 hoc
394 2690 435 2728 est
458 2678 592 2744 quidquid
612 2679 783 2730 discretionis
802 2690 828 2730 et
840 2679 929 2746 operis
943 2679 971 2729 in
986 2695 1029 2730 me
1043 2678 1134 2738 fuerit,
1146 2688 1191 2727 to-

72 2760 132 2800 tum
150 2750 179 2799 in
195 2753 333 2804 servitium
349 2764 426 2803 tuum
449 2753 555 2802 mittam
569 2761 596 2803 et
616 2753 781 2820 expendam;
806 2763 833 2804 et
856 2769 916 2803 cum
931 2752 1038 2802 Thema
1053 2751 1191 2811 confitear,

72 2822 139 2887 quia
151 2832 180 2871 tu
192 2839 220 2875 es
233 2824 363 2875 Dominus
379 2839 461 2885 meur,
477 2824 523 2890 qui
537 2840 580 2875 me
594 2824 726 2892 sanguine
739 2835 786 2876 tuo
798 2825 966 2890 comparasti,
979 2833 1004 2873 et
1019 2824 1094 2872 Deus
1108 2833 1191 2880 meus,

71 2893 121 2958 qui
136 2909 180 2944 me
194 2895 297 2956 creasti,
312 2906 341 2946 ut
356 2896 430 2962 quod
444 2898 477 2945 de
490 2895 657 2946 credentium
674 2898 759 2959 salute
782 2895 872 2946 futura
883 2896 908 2945 ei
923 2893 1080 2960 predixisti,
1098 2890 1126 2939 in
1149 2903 1193 2939 me

73 2981 179 3016 merear
193 2967 318 3032 experiri,
331 2979 365 3029 et,
382 2979 407 3018 te
418 2968 556 3032 largiente,
569 2969 661 3019 beatus
675 2969 745 3034 apud
758 2977 784 3019 te
793 2967 917 3019 inveniri.
929 2969 1027 3020 rimen-⁴

524 3406 713 3532 &aaa
