2626 4328
90 315 141 365 528
395 309 570 363 SECUNDAE
582 308 712 359 „PARTIS
728 308 845 359 CAPUT
866 309 935 359 LXI.

89 428 203 479 lusionis
241 430 372 495 portando
401 438 503 478 vestem
529 427 618 477 albam
673 425 774 477 Christi
794 436 870 476 eraut
884 424 989 476 inimici
1014 424 1067 475 sibi
1085 425 1208 479 invicem

90 500 177 560 rediit,
203 511 229 551 et
250 500 365 551 Herodis
396 515 558 550 consensum
586 500 620 549 de
672 507 698 549 et
726 498 884 558 discordes,
914 498 961 547 sed
994 506 1059 562 ¹post
1089 499 1208 548 mortem

89 589 138 624 sua
154 590 217 624 nece
231 589 321 624 secum
335 572 441 624 detulit.
463 571 515 623 Hic
530 582 621 623 autem
673 570 774 622 Christi
798 570 860 621 facti
874 581 938 621 sunt
952 569 1031 618 amici
1048 578 1076 619 et
1096 584 1210 619 concur-

91 659 238 695 consensus
251 644 373 710 apparuit
394 644 470 711 signo
483 654 509 694 et
526 644 596 695 iacto
612 659 619 692 ε
673 644 721 694 des
739 642 773 692 'in
787 642 843 692 fide
855 643 925 707 ejus,
940 641 1003 708 quia
1017 641 1075 707 ipse
1087 646 1130 691 est
1141 655 1209 707 pax

92 715 170 782 signo
190 717 310 782 quidem,
328 717 357 766 in
371 718 453 768 vestis
473 718 540 767 albae
559 717 621 767 illu·
675 719 785 776 nostra,
804 712 855 777 qui
874 711 948 778 fecit
975 718 1089 776 utraque
1115 726 1207 761 unum.

91 785 182 850 sione,
198 786 275 847 facto,
302 787 329 837 in
344 787 469 838 amicitiae
484 787 621 838 confoede-
659 778 751 837 ⁸Unde
768 785 927 836 Ambrosius
942 803 949 835 ι
966 786 1022 834 «ln
1037 795 1102 851 typo
1124 783 1208 857 etiam

92 857 202 917 ratione,
230 873 293 907 nam
313 864 340 908 et
360 859 434 924 sacti
458 865 521 910 sunt
540 857 623 909 amici
676 855 790 906 Herodis
811 865 889 920 atque
904 854 989 912 Pilati,
1002 854 1066 920 quia
1079 853 1161 920 amici
1175 868 1208 902 ex

93 929 218 981 Herodes
242 937 267 981 et
291 932 401 983 Pilatus
427 933 454 984 in
477 935 538 999 ipsa
560 934 621 995 die,
676 925 796 977 inimicis
806 941 857 992 .per
868 927 959 976 lesum
980 924 1121 975 Christum
1145 922 1208 974 facti

93 1012 202 1065 propter
227 1013 349 1053 mutuam
374 1004 550 1054 reverentiam
570 1004 623 1054 sibi
676 1007 748 1057 sunt,
763 997 849 1063 plebis
869 997 948 1047 lsrael
965 1007 991 1046 et
1008 994 1101 1062 populi
1114 994 1208 1045 Genii·

94 1071 210 1121 invicem
228 1071 333 1124 factam.
349 1075 435 1124 Antea
452 1075 550 1140 quippe
569 1075 624 1125 iui-

93 1141 157 1191 mici
174 1149 251 1192 erant
264 1144 301 1194 ad
315 1144 433 1203 invicm,
449 1154 557 1211 propter
574 1160 625 1195 ne·

94 1226 151 1261 cem
175 1213 358 1275 Galilaeorum,
381 1214 428 1280 qui
455 1215 488 1265 de
504 1214 625 1266 Herodis

94 1285 271 1350 praepositura
309 1297 335 1337 et
364 1287 488 1338 dominio
527 1298 623 1351 erant,

93 1373 163 1423 quos
175 1358 277 1410 Pilatus
291 1360 425 1411 occiderat
437 1361 552 1412 miscens
560 1377 626 1412 san-

95 1426 204 1493 guinem
222 1444 316 1479 eorum
331 1445 393 1479 cum
412 1431 550 1481 sacrificiis
564 1447 625 1498 qute

95 1496 261 1562 offerebant;
276 1499 322 1549 sed
337 1517 409 1550 nunc
422 1518 504 1567 super
514 1503 626 1552 hoere-

96 1567 254 1617 conciltatus
267 1579 308 1618 est
319 1570 420 1620 Pilatus
434 1572 545 1633 Herodi,
561 1574 627 1640 quia

96 1655 146 1704 pro
160 1640 340 1693 bono'habuit
360 1644 479 1695 Herodes
491 1647 565 1712 quod
581 1647 626 1696 Pi-

97 1711 167 1761 latus
191 1712 244 1763 sibi
260 1715 399 1776 detulerat,
420 1718 552 1768 mittendo
573 1719 626 1769 sibi

97 1782 247 1844 hominem,
258 1803 340 1852 quem
351 1789 409 1854 ipse
419 1790 508 1841 videre
524 1791 572 1841 diu
582 1792 627 1840 de-

97 1851 267 1907 sideraverat.
291 1858 340 1908 .Sic
365 1860 444 1909 multi
474 1860 628 1927 frequenter

97 1923 177 1974 amici
203 1936 230 1976 et
253 1929 397 1979 concordes
418 1930 448 1979 in
466 1934 629 1982 condemna-

97 1994 171 2045 tione
187 1997 228 2047 vel
254 2011 417 2050 nocumento
434 2002 628 2054 innocentium

96 2062 175 2125 fiunt,
190 2067 238 2132 qui
261 2079 339 2119 autea
355 2071 539 2124 sibirinuicem
557 2089 629 2123 con-

97 2137 172 2186 trarii
186 2138 304 2191 fuerunt.
320 2142 383 2192 Haec
408 2155 497 2194 autem
512 2145 630 2196 amicitia

96 2206 177 2260 Pilati
189 2222 215 2262 et
224 2213 340 2264 Herodis
350 2214 408 2266 fuit
431 2217 542 2282 signum
554 2218 628 2284 quod

96 2281 181 2332 ludaei
209 2293 235 2334 et
259 2284 377 2337 Gentiles
407 2288 581 2339 convenirent
592 2288 628 2338 in

95 2355 284 2416 ¹persecutione
307 2359 535 2412 Christianorum.
550 2361 629 2412 Unde

100 2423 177 2474 Beda
192 2444 200 2476 :
218 2428 302 2479 «·Hoc
323 2429 549 2483 nefandissimum
575 2433 630 2483 He-

98 2494 174 2543 rodis
195 2506 221 2545 et
238 2498 315 2549 Pilati
341 2500 437 2566 foedus,
453 2503 526 2570 quod
537 2503 569 2553 in
582 2518 629 2552 oc-

100 2560 214 2613 c'i'dendo
228 2566 336 2618 Christo
349 2571 517 2637 pepigerunt,
538 2574 631 2623 hacte-

100 2648 153 2683 nus
181 2650 274 2687 eorum
296 2640 369 2690 velut
394 2642 555 2693 hereditario
573 2643 631 2707 jure

100 2717 265 2756 successores
272 2709 436 2771 custodiunt,
447 2713 555 2776 quando
560 2714 632 2762 Gen·

100 2774 161 2827 tiles
176 2787 202 2827 et
210 2779 293 2830 Judaei
303 2781 374 2832 sicut
381 2799 481 2849 genere
490 2783 632 2850 etreligio-

97 2866 145 2911 ne,
162 2851 199 2901 ita
210 2853 291 2904 etiam
306 2867 396 2906 mente
419 2857 590 2922 dissidentes,
603 2858 631 2906 in

101 2922 265 2975 Christianis
297 2937 388 2978 tamen
424 2929 630 2996 ,persequendis

102 2993 258 3060 Christique
279 2997 308 3048 in
337 2998 376 3049 eis
390 2997 448 3051 fide
459 3002 631 3067 specimenda,

101 3071 273 3121 consentiunt
298 3088 305 3122 ε
331 3073 418 3124 »baec
430 3075 520 3125 Beda.
543 3075 632 3124 Potest

102 3141 183 3192 etiam
198 3146 255 3195 haec
266 3146 385 3198 amicitia
395 3147 429 3196 in
446 3149 522 3198 bono
536 3148 631 3213 accipi,

99 3222 128 3262 et
142 3231 189 3279 per
202 3219 371 3269 concordiam
389 3218 507 3269 Herodis
522 3227 551 3269 et
566 3218 631 3270 Pila·

102 3285 132 3345 ti,
145 3289 393 3356 concordiapopuli
407 3292 509 3341 ludaici
519 3302 549 3343 et
564 3293 632 3344 Gen·

98 3355 158 3407 tilis
172 3358 329 3424 significari.
349 3362 515 3412 Sicut-enim
522 3363 632 3414 Pilatus

102 3429 192 3495 primo
206 3432 383 3483 misitJesum
395 3437 430 3484 ad
444 3436 591 3498 Herodem,
606 3446 632 3486 et

103 3501 222 3552 Herodes
238 3513 330 3569 postea
352 3507 376 3556 ei
389 3508 507 3571 remisit;
517 3509 562 3559 :sic
576 3524 632 3560 ver-

96 3572 169 3623 bum
183 3575 279 3625 salutis
290 3576 381 3641 primo
401 3578 632 3645 recepit,pnpulus

102 3646 228 3707 Gentilis,
243 3657 269 3697 et
287 3649 458 3700 annuntiavit
470 3649 632 3714 Judaeis.;·in

101 3715 155 3767 fine
171 3729 263 3768 autem
281 3719 380 3769 mundi
408 3721 505 3771 iterum
523 3722 632 3772 Judoeus

101 3789 220 3841 remittet
240 3792 272 3842 ad
299 3793 442 3854 Gentilem,
459 3795 567 3859 quando
586 3809 633 3858 per

101 3860 190 3912 Eliam
206 3874 231 3913 et
249 3864 360 3913 Henoch
374 3865 452 3914 multi
471 3875 632 3915 converten-

102 3941 155 3984 tur.
176 3933 221 3986 Isti
247 3935 301 3985 dno
319 3935 412 4001 populi
433 3946 495 3986 ante
517 3946 632 3988 mortem
651 3962 653 3967 ·

676 1068 710 1118 lis
725 1068 809 1134 ligura
824 1079 952 1127 servatur,
968 1069 1040 1133 quod
1055 1083 1102 1134 per
1114 1065 1210 1117 Domi-

678 1143 705 1191 ni
729 1141 882 1190 Passionem
897 1140 1039 1205 utriusque
1064 1138 1099 1189 sit
1115 1137 1209 1188 futura

676 1212 827 1270 concordia,
840 1211 884 1261 ita
898 1221 988 1261 tamen
1012 1220 1042 1260 ut
1062 1207 1141 1275 prius
1157 1223 1209 1281 pn·

678 1284 758 1348 pulus
772 1283 912 1333 nationum
926 1281 1011 1348 capiat
1024 1281 1072 1331 Dei
1085 1280 1209 1337 verbum,

677 1363 703 1403 et
716 1353 892 1419 adpopulum
908 1354 1062 1403 Judaeorum
1077 1348 1141 1400 fidei
1154 1363 1211 1399 suae

678 1426 849 1476 devotionem
888 1425 1053 1475 transmittat
1077 1440 1084 1473 ε
1110 1441 1126 1469 n
1154 1421 1212 1471 haec

678 1498 846 1549 Ambrosius.
862 1499 886 1548 Ο
899 1507 998 1563 quanta
1021 1493 1164 1546 humilitas
1184 1504 1212 1545 ct

678 1569 807 1634 patientia
827 1568 938 1617 Domini
963 1569 1034 1627 JesU,
1050 1564 1097 1633 qui
1121 1566 1156 1616 de
1182 1578 1213 1615 se

679 1641 757 1707 quasi
781 1643 814 1692 de
832 1641 905 1692 fatuo
933 1639 1104 1708 permittebat
1123 1638 1212 1689 mulos

678 1713 779 1775 ludere,
798 1713 905 1764 mittere
929 1729 957 1764 se
975 1723 1001 1762 et
1021 1712 1166 1772 remittere,
1184 1719 1213 1761 et

680 1785 753 1850 quod
768 1785 892 1836 volebant
909 1785 1009 1836 facere!
1032 1784 1107 1833 Hanc
1120 1790 1211 1832 autem

680 1854 840 1906 missionem
861 1857 919 1921 ipse
938 1855 1074 1905 Dominus
1091 1852 1152 1903 fieri
1165 1867 1212 1902 vo·

680 1929 732 1980 luit
757 1931 790 1979 ad
817 1931 945 1994 majorem
968 1939 997 1978 et
1016 1926 1212 1978 evidentiorem

680 2017 736 2052 suae
760 2001 925 2052 innocentiae
935 2045 939 2055 ,
949 1999 1147 2050 ostensionem.
1168 1998 1213 2047 ln·

680 2084 754 2124 tuere
768 2090 829 2124 eum
841 2091 913 2125 nunc
928 2075 1005 2136 bene,
1022 2073 1088 2122 dum
1100 2070 1215 2122 'ducitur

681 2156 707 2197 et
718 2147 862 2207 reducitur,
873 2146 991 2196 demisso
1009 2145 1087 2195 vultu
1103 2153 1131 2194 et
1143 2157 1214 2194 vere·

681 2219 769 2268 eunde
794 2217 985 2280 incedentem,
1023 2225 1053 2266 et
1088 2214 1214 2265 omnium

682 2289 819 2349 clamores,
845 2288 960 2339 convitia
974 2298 1005 2338 et
1019 2285 1216 2337 subsannatio-

683 2377 731 2412 nes
749 2361 926 2421 audientem,
947 2371 978 2410 ·et
995 2359 1064 2410 forte
1091 2358 1214 2424 lapidum

682 2433 882 2498 persecutiones
910 2442 937 2482 et
976 2428 1216 2480 immunditiarum

681 2507 882 2572 suscipientem.
901 2506 941 2556 -Et
968 2505 1056 2571 cogita
1076 2501 1216 2570 quomodo

683 2580 797 2631 habebat
820 2580 886 2630 ¹illos
916 2581 1002 2645 ¹pedes
1026 2575 1216 2629 sanctissimus

682 2653 839 2711 confractos,
858 2655 923 2720 quia
937 2668 1002 2704 cum
1015 2648 1216 2718 *magnaiesti-

684 2727 791 2776 natione
825 2729 960 2778 duxerunt
993 2737 1018 2777 et
1042 2725 1216 2776 reduxerunt

681 2812 761 2856 eum„
786 2798 867 2848 nudis
892 2799 1004 2864 pedibus
1033 2796 1214 2847 incedentem.

684 2869 791 2918 intuere
804 2869 885 2919 etiam
903 2872 1015 2919 Matrem
1032 2879 1058 2919 et
1072 2881 1137 2917 suos
1152 2879 1215 2915 cum

684 2937 815 2989 indicibili
833 2955 948 2990 moerore
970 2956 985 2990 a
1004 2940 1083 3004 longe
1099 2950 1216 3002 sequen-

683 3017 765 3060 teset
783 3010 834 3060 ista
849 3012 979 3073 uidentes,
994 3021 1022 3061 et
1033 3007 1122 3073 cogita
1131 3020 1215 3072 quam

680 3078 798 3131 libenter
811 3092 840 3131 tu
854 3084 1000 3147 juvareset
1018 3081 1164 3132 associares
1171 3075 1217 3127 sic

684 3150 775 3202 tristes
785 3163 813 3203 et
827 3156 957 3204 dolentes.

715 3242 749 3276 no
766 3228 952 3276 Docunauruu
970 3241 1004 3275 ax
1024 3241 1075 3275 stac
1090 3240 1218 3275 emouer-

685 3312 819 3356 srirrous,
838 3312 919 3347 ierus
936 3310 1216 3348 consonusriours-nr

680 3386 792 3420 marro.
807 3396 838 3406 -
854 3369 959 3419 Euhoe
974 3368 1218 3419 articulohabetur

685 3442 886 3500 documentum,
902 3442 975 3506 quod
989 3450 1090 3490 tantam
1103 3439 1219 3489 *timna

686 3512 730 3561 bet
743 3521 840 3561 uatum
857 3513 930 3575 boni,
948 3511 1021 3578 quod
1037 3520 1159 3576 respectu
1169 3509 1217 3561 sui

685 3581 847 3632 consederat
868 3583 950 3632 etiam
966 3582 1070 3632 malos.
1091 3579 1218 3631 Inimici—

685 3652 723 3703 tia
760 3653 832 3702 enim
867 3663 988 3719 respectu
1026 3651 1107 3712 boni,
1140 3651 1218 3718 ,petit

679 3723 830 3774 amicitiam
848 3725 918 3775 inter
931 3725 1025 3774 malos.
1048 3725 1109 3774 Non
1123 3724 1218 3775 timeat

685 3811 748 3861 ergo
764 3797 850 3861 justus
864 3795 1001 3846 si·viderit
1015 3797 1101 3846 malos
1125 3805 1218 3846 contre

684 3881 714 3916 se
737 3866 868 3932 colligari;
896 3866 959 3932 quia
987 3867 1037 3916 hoc
1062 3876 1176 3917 testatur
1188 3866 1219 3917 in

685 3951 717 3988 eo
740 3936 845 4002 aliquid
871 3953 929 3987 esse
953 3936 1032 3997 boni,
1055 3949 1082 3991 et
1105 3952 1154 4002 pet
1165 3937 1219 3988 hoc
