2626 4328
312 201 359 253 DE
375 202 581 261 MATUTlNiS,
599 199 634 250 ΙΝ
653 200 827 252 hassione
839 201 977 253 DOMINI.

78 317 219 384 quosdam
233 319 262 367 in
275 317 328 367 hoc
340 317 521 368 commendat.
539 316 619 377 Quod

83 403 139 439 non
152 390 245 438 solum
266 388 452 454 accipiendum
470 389 556 439 estad
571 388 620 438 lit-

82 469 180 520 teram,
203 459 276 510 sicut
297 459 327 508 in
342 459 480 524 proposito
495 459 621 510 Christus

81 530 118 580 ad
134 529 254 580 litteram
271 544 355 580 caesus
375 528 428 578 fuit
450 528 478 578 in
507 527 619 592 iaciem3

77 602 227 654 sedetiam
241 602 362 668 mystice,
380 601 453 667 quia,
469 601 539 651 sicut
556 601 621 651 dicit

83 676 189 727 Glossa
212 675 325 735 ibidem,
348 675 485 725 infaciem
500 674 619 738 caeditur,

80 746 114 796 in
136 745 214 809 cuius
235 761 268 795 os
282 746 380 810 injuria
394 745 537 811 irrogatur.
550 745 619 794 Nam

82 827 110 867 et
132 817 188 866 isto
210 817 292 867 modo
317 817 443 867 Christus
466 817 494 866 in
520 816 617 867 faciem

82 906 172 941 cresus
194 889 255 950 ruit,
272 906 323 955 pro
342 901 445 957 quanto
462 891 559 946 multas
574 889 619 939 in·

82 961 178 1026 jurias,
202 971 227 1012 et
242 961 405 1027 improperia
428 961 451 1011 ei
476 962 504 1010 in
525 959 619 1011 faciem

82 1032 253 1094 objecerunt.
268 1032 342 1081 Sicut
355 1046 417 1097 ergo
429 1031 562 1080 Dominus
574 1046 620 1079 no-

82 1113 140 1154 ster
156 1103 191 1152 ab
210 1103 338 1152 omnibus
352 1103 452 1153 talibus
465 1101 621 1168 increpatio

83 1175 178 1236 nibus,
193 1175 378 1241 blasphemiis,
400 1174 620 1240 percussionibus

81 1258 111 1298 et
140 1247 239 1313 sputis,
264 1247 359 1297 faciem
383 1263 523 1312 nunquam
544 1261 619 1296 aver-

81 1318 128 1378 tit,
147 1317 275 1384 quinimo
298 1317 448 1367 voluntarie
471 1317 504 1366 ad
527 1315 620 1366 omnia

80 1388 131 1438 illa
161 1387 257 1438 faciem
284 1403 363 1439 suam
391 1388 432 1438 eis
462 1402 512 1452 pro
541 1385 619 1436 nobis

81 1459 201 1522 oburlit;
223 1459 262 1508 sic
280 1469 307 1509 et
328 1474 387 1519 nos,
414 1473 477 1508 casu
494 1457 620 1522 ingruen-

82 1540 119 1588 te,
142 1528 277 1579 sustinere
312 1529 414 1578 similia
438 1543 487 1593 pro
507 1527 618 1576 Christo

81 1615 140 1650 non
162 1612 328 1649 recusemus.
345 1626 375 1636 -·
390 1597 544 1648 Secundum
565 1596 618 1646 do-

81 1680 241 1720 cumentum
273 1679 322 1730 est,
353 1678 384 1718 ut
414 1683 558 1718 caveamus
585 1681 618 1716 ne

83 1753 112 1792 et
135 1757 189 1792 nos
211 1742 310 1793 demus
335 1744 439 1808 palmas
463 1741 492 1790 in
522 1740 618 1791 faciem

79 1813 199 1875 Christi,
222 1813 298 1878 quia,
313 1814 462 1864 secundum
480 1811 617 1877 Augusti-

83 1898 156 1945 aum,
171 1883 213 1933 illi
229 1885 331 1949 palmas
350 1884 377 1934 in
396 1882 491 1933 faciem
514 1881 617 1932 Christi

81 1953 161 2013 dant,
185 1954 234 2020 qui
259 1953 371 2020 perfidia
395 1953 484 2002 caecati
509 1952 617 2002 eumin

82 2043 191 2078 caruem
205 2043 261 2078 non
276 2027 382 2079 venisse
396 2026 543 2089 affirmant,
556 2036 618 2076 tan-

80 2115 168 2165 quam
181 2099 352 2165 praesentiam
366 2101 422 2164 eius
437 2098 618 2149 exterminan-

83 2183 127 2222 tes
148 2182 177 2222 et
189 2173 366 2237 repellentes;
383 2172 458 2232 item,
476 2172 505 2221 in
520 2171 617 2222 faciem

81 2242 187 2294 Christi
202 2243 244 2293 illi
262 2243 411 2294 sacerdotes
426 2244 527 2307 palatas
542 2243 616 2301 dant,

81 2315 130 2380 qui
152 2314 266 2380 pollutis
281 2314 408 2366 amnibus
418 2314 523 2379 Corpus
539 2310 618 2363 Chri·

81 2388 118 2437 sti
142 2397 258 2452 tangunt
281 2398 307 2438 et
337 2397 520 2450 contrectant3
540 2386 615 2449 item,

82 2457 181 2508 imiern
194 2457 294 2508 Christi
308 2458 394 2523 alapis
403 2455 555 2517 contundit,
568 2456 616 2521 qui

83 2528 241 2593 proximum
264 2527 291 2577 in
317 2528 459 2592 praesentia
477 2542 526 2577 sua
550 2542 618 2576 con-

81 2599 184 2649 fundit.
204 2597 247 2648 Ad
270 2597 495 2658 conformandum
507 2612 538 2648 se
553 2596 618 2647 huic

79 2669 207 2729 articulo,
243 2670 372 2735 recogitet
400 2670 485 2719 homo
510 2669 617 2735 quoties

80 2741 140 2806 ipse
152 2739 302 2805 imaginem
315 2741 363 2791 Dei
379 2741 409 2790 in
418 2756 448 2791 se
458 2740 614 2803 offenderit;

79 2823 109 2863 ct
122 2820 234 2876 paratus
252 2813 289 2861 sit
312 2813 460 2862 secundum
475 2826 614 2877 pracpara-

81 2884 187 2934 tionem
209 2883 304 2943 animi,
320 2899 369 2949 pro
393 2883 504 2934 Christo
526 2883 618 2934 liben-

82 2955 206 3006 tcrvellc
232 2955 261 3005 in
282 2955 377 3006 faciem
391 2957 468 3018 caedi,
492 2973 547 3006 non
570 2972 617 3006 so-

83 3032 140 3080 lum
158 3031 311 3095 verbaliter,
335 3032 385 3081 sed
407 3031 490 3082 etiam
512 3030 618 3081 realiter

81 3115 147 3151 casu
162 3110 326 3165 opportuno.
341 3102 418 3164 ltem,
429 3100 558 3166 recogitet
572 3114 617 3151 sa-

80 3171 186 3230 cerdos,
202 3171 311 3236 quoties
330 3187 428 3222 manue
448 3187 509 3222 suas
528 3171 617 3236 polle

83 3253 125 3292 tas
138 3241 168 3291 in
183 3240 280 3292 faciem
293 3242 397 3293 Christi
410 3241 539 3308 iniecerit,
555 3243 618 3294 Gor-

80 3327 231 3379 passuum
249 3313 362 3380 indigne
376 3316 524 3366 tractando.
539 3315 616 3376 Jesu,

80 3387 126 3453 qui
160 3388 323 3439 Judoeorum
355 3390 480 3440 manibus
510 3389 615 3455 faciem

77 3463 154 3506 rm
167 3457 400 3521 speciosissimam
413 3459 483 3510 eaedi
498 3458 618 3522 rolmsd,

78 3526 115 3576 da
128 3526 194 3577 nati
209 3526 341 3593 imaginis
354 3535 409 3580 tua
421 3529 527 3595 sociem
536 3529 618 3579 irtam

77 3610 183 3662 seraper
205 3598 349 3662 illibatam,
366 3598 534 3665 illaesamque
552 3612 618 3651 coen

79 3681 211 3732 aer-eme,
245 3684 276 3720 ne
312 3669 421 3736 quando
446 3670 618 3736 iniquitatum

79 3754 200 3792 mamam
221 3742 365 3794 aderatis
383 3743 509 3795 matribus
532 3742 617 3794 viole-

1152 202 1203 254 505

708 316 738 366 15
760 317 952 369 Pnoruarnum
973 334 1122 379 axrnrrrro,
1137 335 1207 378 Qun-

673 403 744 438 ruoa
757 404 916 439 uocuuaura
932 405 965 440 ax
981 406 1023 453 al,
1044 405 1128 440 nanus
1139 405 1208 441 cou-

674 475 851 510 aorurnmours
877 476 910 511 ar
932 476 1039 511 ornato.
1052 461 1133 510 -Et
1155 461 1209 512 mi·

673 529 754 578 histri
765 529 857 594 alapis
868 545 926 581 eum
941 531 1086 593 caedebant,
1103 531 1155 581 hoc
1169 541 1211 583 est

673 600 701 649 in
726 601 849 652 maxillas
871 618 936 653 eum
957 603 1151 668 percutiebant.
1167 603 1209 655 De

673 686 728 736 quo
744 672 847 736 poteris
865 674 1001 733 meditari,
1015 674 1086 724 sicut
1099 673 1208 725 dictum

673 753 714 792 est
743 759 825 807 supra
850 746 883 795 de
912 746 1087 812 alapizutione
1115 761 1206 797 coram

672 817 752 866 Anna
773 817 905 868 Pontifioe
925 819 1000 869 facta.
1026 819 1208 870 Percutientea

672 898 762 938 autem
778 904 842 939 eum
856 890 882 939 in
896 891 992 956 capite,
1006 891 1208 956 interrogabant

672 975 745 1018 cum,
773 958 891 1012 dicentes
905 979 913 1012 ε
929 962 1096 1028 Prophetiqc
1120 962 1205 1026 nobit,

673 1029 788 1091 Christe,
809 1029 870 1095 quie
890 1037 931 1080 est
950 1032 995 1096 qui
1010 1038 1033 1080 te
1043 1031 1207 1097 percussit?

672 1101 722 1149 Sed
742 1116 770 1149 m
791 1116 909 1166 quanam
929 1112 1003 1166 parte
1022 1102 1118 1168 capitis
1140 1118 1203 1168 per-

672 1173 806 1224 cusserint
829 1186 902 1233 eum,
924 1184 988 1224 tunc
1015 1177 1125 1240 quando
1154 1176 1206 1226 hoc

672 1243 805 1306 dicebant,
826 1245 860 1294 de
879 1244 930 1294 boc
957 1245 1135 1310 Evangelistae
1155 1245 1204 1296 di·

671 1317 824 1366 versimode
837 1317 1003 1382 loquuntur;
1019 1317 1092 1366 unde
1119 1326 1207 1382 potest

672 1385 735 1446 dici,
760 1387 834 1452 quod
865 1403 928 1438 cum
952 1388 1084 1438 velassent
1109 1386 1206 1439 faciem

672 1459 738 1521 ejus,
752 1459 867 1523 quilibet
880 1474 974 1509 eorum
992 1459 1123 1524 percussit
1143 1473 1207 1509 eum

672 1528 719 1578 ubi
739 1529 847 1580 voluit:
863 1529 949 1596 aliqui
966 1529 994 1578 in
1010 1528 1090 1589 collo,
1107 1529 1152 1579 alii
1176 1530 1207 1579 in

672 1601 777 1664 faciem,
791 1602 837 1653 alii
852 1602 880 1652 ia
897 1603 1038 1664 maxillas,
1054 1613 1079 1652 et
1094 1602 1134 1652 sic
1148 1618 1207 1668 per-

671 1673 803 1723 cutientes
820 1673 1052 1738 interrogaverunt
1069 1689 1142 1733 eum,
1163 1673 1207 1724 di-

671 1750 759 1794 dentes
770 1761 776 1792 :
787 1744 954 1809 Piophetira
975 1744 1060 1805 trebir,
1087 1744 1205 1807 Christe,

671 1815 731 1879 quis
752 1818 794 1864 esi
816 1815 865 1880 qui
885 1821 914 1864 te
929 1813 1088 1880 percussit?
1101 1814 1135 1863 Et
1155 1814 1207 1864 hoc

671 1886 800 1936 derisorie
819 1886 952 1942 dicebant,
967 1887 1046 1952 quasi
1062 1887 1092 1936 in
1106 1895 1206 1936 contu-

672 1958 781 2008 meliam
807 1959 874 2023 eius,
897 1959 945 2024 qui
968 1972 996 2008 se
1017 1959 1205 2024 Prophetama

672 2030 772 2094 populo
784 2029 878 2078 haberi
895 2030 1011 2089 uolebat,
1026 2040 1052 2079 et
1064 2045 1146 2094 quem
1159 2043 1204 2094 po·

671 2101 752 2164 pulus
763 2115 895 2164 magnum
908 2100 1072 2164 Propheram
1091 2109 1203 2164 reputa-

671 2173 734 2234 bat;
768 2186 815 2237 per
845 2170 898 2220 hoc
926 2171 1001 2221 enim
1027 2170 1205 2236 designabant

671 2242 744 2307 quod
758 2241 843 2292 ialsus
862 2240 995 2306 Propheta
1008 2249 1079 2290 esset
1093 2250 1119 2290 et
1130 2240 1205 2305 quod

670 2313 808 2377 ignoraret
838 2311 900 2377 quis
924 2326 990 2360 oum
1018 2311 1203 2375 percussisset.

670 2386 749 2436 Unde
768 2384 934 2449 Theophilus
954 2383 1029 2444 dicit,
1051 2385 1124 2450 quod
1146 2385 1205 2434 Do-

669 2455 762 2506 minus
777 2455 984 2519 Prophetarum,
998 2464 1028 2504 ut
1043 2455 1206 2521 pseudopro·

669 2527 750 2591 pheta
771 2525 911 2576 diluditur.
938 2527 975 2576 <Et
996 2527 1129 2593 quoniam
1148 2527 1201 2593 ipsi

670 2613 733 2648 eum
750 2597 804 2648 illis
817 2597 906 2648 verbis
920 2598 1076 2659 irridebant,
1091 2609 1117 2649 et
1131 2614 1203 2665 qua-

670 2670 692 2719 si
707 2669 857 2719 ludibrium
881 2671 914 2720 de
939 2685 970 2720 eo
997 2671 1140 2731 faciebant,
1158 2670 1203 2720 id-

669 2744 740 2793 circo
754 2742 793 2792 eis
803 2743 874 2792 nihil
886 2744 1072 2808 respondebat.
1084 2745 1119 2794 Ut
1128 2743 1204 2793 enim

670 2816 736 2866 dicit
770 2815 973 2880 Hieronymus,
1000 2817 1114 2866 stultum
1150 2825 1206 2864 erat

669 2887 874 2938 verberantibus
894 2889 1066 2952 respondere,
1091 2896 1118 2935 et
1136 2899 1205 2949 pro-

669 2958 778 3022 phetare
790 2958 946 3015 caedentem,
959 2973 1021 3006 cum
1038 2956 1124 3019 palam
1139 2968 1204 3019 per-

670 3029 797 3079 cutientis
813 3028 918 3078 insania
931 3027 1077 3076 videretur.
1092 3025 1134 3074 Ex
1149 3025 1203 3075 hoc

670 3099 784 3148 articulo
795 3097 952 3147 ludibriosae
962 3095 1136 3160 expetitionis
1145 3109 1205 3160 pro-

669 3171 796 3238 phetandi
833 3170 967 3219 habentur
986 3179 1102 3235 quatuor
1116 3169 1204 3218 docu-

669 3254 768 3292 menta.
781 3241 904 3291 Primum
918 3250 970 3301 est,
986 3242 1061 3307 quod
1074 3256 1130 3290 non
1144 3238 1205 3292 illu-

669 3317 765 3366 damus
802 3314 928 3374 Christo,
965 3323 1092 3379 putantes
1134 3312 1206 3365 mala

670 3397 763 3438 nostra
780 3401 835 3436 non
855 3385 941 3435 videri
958 3387 1048 3436 abeo.
1063 3387 1143 3446 Nam,
1157 3400 1206 3437 se·-

670 3457 790 3508 cundum
812 3456 924 3520 Bedom,
938 3456 1096 3522 quicunque
1105 3472 1206 3522 repro-

671 3529 712 3579 bis
735 3529 840 3579 actibus
864 3543 929 3578 eum
952 3529 1206 3589 exacerbanadum

670 3601 850 3667 cogitationes
875 3611 901 3651 ot
928 3615 1009 3667 opera
1031 3601 1207 3651 tenebrarum

670 3673 751 3723 abeo
773 3672 860 3722 videri
878 3688 934 3722 non
957 3681 1063 3738 putant,
1078 3672 1157 3738 quasi
1170 3671 1208 3722 il-

671 3743 805 3803 ludeutes,
826 3743 939 3793 dicum:
958 3744 1027 3804 Quis
1041 3749 1083 3794 est
1110 3742 1156 3807 qui
1180 3747 1208 3791 te

666 3812 828 3880 paccata?
840 3840 871 3852 -
885 3813 1040 3863 Secundum
1060 3821 1109 3872 est,
1132 3810 1206 3877 quod
