2626 4328
72 305 250 367 QUOMODO
263 303 537 355 DOM.APPARUIT
550 305 647 355 SEPT.
660 304 780 356 DlSClP.
791 305 837 356 Au
849 306 948 358 MARE
966 308 1081 359 TlBER.
1115 307 1165 376 723

50 422 120 474 tanti
135 427 231 483 essent,
249 435 300 470 non
325 426 366 469 est
381 419 494 469 scissum
516 424 580 469 rete.

51 495 202 544 Numerum
237 503 262 542 et
295 490 509 556 magnitudinem
538 490 582 555 pi-

17 610 20 614 .
49 565 138 616 scium
162 562 298 628 exprimit,
323 561 356 610 ad
373 561 582 611 declarationem

51 635 188 695 miraculi,
206 651 238 684 cx
252 645 325 684 tanta
341 633 464 699 captione
478 649 583 693 eorum,

51 710 191 762 etiterum
209 724 241 756 ex
256 707 319 756 retis
335 706 497 772 integritate,
521 706 584 772 quia

51 797 103 834 uon
121 787 163 831 est
177 779 299 830 scissum.
321 778 354 827 Et
370 793 467 827 vocans
487 777 584 828 Domi-

52 868 105 903 nus
119 850 266 914 discipulos
284 848 316 897 ad
332 848 537 913 prandendum,
559 857 585 898 et

52 924 136 977 simul
149 939 211 972 cum
226 922 264 971 eis
278 922 429 980 comedens,
445 922 478 971 ad
493 922 585 972 decla-

52 996 187 1047 rationem
202 1009 256 1043 suae
272 992 537 1052 Resurrectionis,et,
553 993 585 1041 ad

53 1064 252 1118 ostendendum
273 1078 327 1111 non
349 1077 406 1112 esse
425 1063 586 1128 phantasma

53 1137 127 1204 quod
149 1135 248 1184 factum
272 1145 320 1192 est,
338 1133 376 1182 eis
407 1132 470 1183 fecit
491 1133 587 1183 convi-

54 1209 139 1270 vium,
177 1215 202 1256 et
238 1204 336 1254 festum
365 1220 495 1270 magnum
526 1220 587 1253 cum

54 1280 123 1347 ipsis
150 1279 179 1329 in
212 1277 301 1327 littore
328 1277 419 1327 maris.
450 1277 488 1327 Et
512 1291 587 1327 uento

55 1351 275 1404 discumbentium
296 1349 413 1399 audebat
426 1348 586 1413 interroga-

56 1442 86 1477 re
99 1442 179 1476 eum:
198 1424 240 1473 Tu
260 1424 305 1488 qui
326 1421 380 1471 es?
406 1437 459 1470 non
480 1430 588 1486 propter

56 1495 241 1547 austeritatem
275 1504 301 1542 et
332 1490 517 1551 formidinem,
542 1492 588 1541 sed

57 1577 166 1634 propter
183 1564 339 1615 reverentiae
352 1561 547 1621 auctoritatem,
563 1572 589 1612 et

56 1636 222 1705 cognitionis
246 1634 451 1693 certitudinem,
477 1634 590 1684 scientes

57 1709 172 1759 discreta
199 1705 361 1770 cognitione,
376 1704 439 1769 quia
459 1705 591 1755 Dominus

57 1785 108 1841 est,
139 1776 181 1827 cui
205 1792 266 1825 cum
297 1785 370 1825 metu
398 1783 425 1824 et
445 1774 592 1824 reverentia

58 1859 166 1917 oportet
184 1849 337 1912 intendere;
362 1858 388 1898 et
411 1848 471 1897 ideo
493 1846 592 1896 frustra

58 1924 185 1976 fecissent
208 1923 241 1971 de
257 1923 308 1971 hoc
323 1921 510 1986 quaestionem,
527 1920 592 1985 quia

59 2013 116 2047 non
151 1997 289 2060 oportebat
328 1992 413 2042 facere
442 2007 516 2056 eam;
546 1990 592 2040 ubi

60 2067 135 2118 enim
162 2075 202 2116 est
225 2065 322 2115 veritas
347 2063 468 2113 exhibita
494 2071 593 2127 aperte,

61 2139 101 2190 ibi
123 2139 198 2187 nulla
219 2146 259 2186 est
284 2151 353 2201 opus
372 2134 592 2200 interrogatione.

62 2211 143 2263 Unde
165 2210 377 2275 Clu-ysostomus
395 2225 404 2258 .·
424 2208 496 2258 «Et
518 2220 592 2256 nenio

61 2284 180 2336 audebat
191 2298 249 2333 eum
269 2283 450 2348 interrogare,
470 2280 517 2331 sed
532 2295 593 2329 cum

61 2354 173 2406 silentio
197 2365 223 2405 et
244 2353 390 2404 formidine
404 2353 489 2402 multa
502 2360 528 2400 et
551 2366 594 2400 re-

62 2425 182 2476 verentia
214 2425 342 2475 sedebant
373 2423 541 2473 attendentes
568 2420 594 2468 in

63 2511 137 2546 eum.
159 2496 227 2544 Nam
256 2494 389 2544 sciverant
406 2491 517 2557 quidem
532 2490 595 2555 quia

63 2567 123 2633 ipse
145 2566 277 2615 Dominus
295 2571 343 2625 est,
362 2562 477 2613 formam
505 2570 595 2611 autem

63 2637 244 2688 alteratiorem
259 2637 388 2694 videntes,
405 2644 431 2684 et
445 2633 530 2682 multa
546 2633 596 2682 ad-

64 2708 209 2759 miratione
223 2709 340 2773 plenam,
355 2706 431 2756 valde
450 2713 524 2754 erant
536 2713 598 2755 stu-

64 2778 136 2828 facti.
152 2797 165 2825 n
177 2778 255 2828 Unde
269 2786 294 2826 et
308 2775 479 2842 Augustinus
493 2792 502 2825 .·
517 2793 530 2821 n
545 2776 594 2824 Ne-

65 2865 112 2898 mo
136 2848 248 2898 audebat
274 2845 396 2896 dubitare
435 2846 507 2910 quod
540 2845 599 2911 ipse

65 2929 145 2978 esset,
161 2929 234 2967 tanta
249 2917 323 2968 enim
338 2928 393 2967 erat
407 2916 541 2967 evidentia
554 2931 596 2966 ve·

65 2991 170 3049 utatis,
202 3006 255 3056 qua
279 2990 332 3040 illis
347 2991 425 3040 Jesus
441 2989 597 3055 apparebat,

66 3073 97 3114 ut
113 3062 205 3111 nullus
232 3076 325 3110 eorum
344 3061 454 3110 auderet
474 3075 529 3109 non
553 3075 599 3109 so-

66 3136 126 3185 lum
157 3147 262 3200 negare,
287 3132 332 3181 sed
358 3146 406 3182 nee
426 3131 558 3191 dubitare,
575 3141 601 3182 et

67 3205 130 3254 ideo
145 3204 258 3252 stultum
275 3213 345 3252 esset
355 3201 528 3268 interrogare.
542 3221 556 3248 n

102 3274 116 3324 5
138 3274 281 3323 Jucuunuu
309 3274 407 3324 Dournr
441 3288 494 3323 criu
521 3288 603 3323 orscr-

68 3361 147 3398 rums
168 3359 320 3394 convrvruu.
348 3358 380 3382 ’-
408 3344 443 3394 Et
469 3353 602 3394 consuetae

67 3417 231 3471 humilitatis
265 3432 321 3468 suae
346 3432 421 3467 more
448 3417 605 3468 ministrans

68 3493 118 3549 eis,
128 3489 227 3553 accipit
244 3503 339 3553 petrem
358 3494 384 3537 et
396 3488 446 3538 dat
457 3489 505 3547 eis,
519 3489 604 3538 bene-

68 3557 171 3607 dictum
186 3568 286 3616 tamen,
301 3567 327 3607 et
343 3556 530 3607 distribuendo
550 3556 607 3608 fra·

70 3639 157 3686 ctum,
165 3633 190 3677 et
196 3628 296 3693 piscem
309 3627 444 3686 similiter,
455 3638 481 3678 et
490 3627 608 3677 comedit

69 3714 133 3750 cum
154 3698 210 3760 eis;
234 3713 297 3748 nam
322 3713 353 3748 eo
370 3699 450 3748 modo
472 3697 610 3755 dividebat

70 3770 121 3829 eis,
136 3778 162 3819 et
176 3769 363 3828 distribuebat,
379 3768 448 3819 sicut
459 3783 610 3819 consueve-

72 3849 114 3890 rat
131 3849 193 3889 ante
222 3839 386 3898 Passionem,
416 3838 448 3888 ad
471 3839 611 3889 declaran-

72 3913 136 3963 dam
166 3927 243 3962 suam
265 3911 506 3962 Resurrectionem.
532 3911 611 3962 Stant

635 420 719 486 igitur
741 434 902 483 reverenter,
922 427 1094 493 multumque
1112 429 1168 479 ala-

635 491 714 542 criter
739 493 784 543 isti
813 504 915 560 septem
951 498 1078 563 discipuli
1105 516 1167 549 cum

636 565 754 616 Domino
780 582 848 626 suo,
875 568 974 634 pariter
1001 573 1169 623 comedentes

636 652 697 686 cum
708 652 748 687 eo.
761 638 902 703 Aspiciunt
914 641 1128 704 desiderabilem,
1145 654 1170 694 et

636 711 781 775 jucundam
792 712 885 763 faciem
896 715 991 776 eius,et
997 719 1130 768 exsultant
1140 718 1169 768 in

637 781 763 832 cordibus
777 783 844 833 suis.
860 785 1005 851 Accipiunt
1027 789 1060 840 de
1081 805 1170 841 sacra·

638 852 751 902 tissimis
766 853 893 904 manibus
907 857 964 920 eius
976 873 1049 910 escas
1062 861 1170 912 deside-

638 923 744 983 rabiles,
768 934 794 974 et
812 923 970 978 reficiuntur
995 947 1048 980 non
1078 933 1170 984 minus

639 993 823 1059 spiritualiter,
842 1012 924 1061 quarn
946 1003 1127 1066 corporaliter.
1145 1005 1169 1055 O

640 1067 718 1133 quale
733 1076 773 1117 est
791 1067 863 1119 istud
884 1072 1054 1124 convivium!
1073 1077 1171 1126 Consi·

640 1139 702 1188 dera
725 1138 791 1188 bene
808 1155 855 1205 per
868 1141 982 1207 singula,
1005 1155 1030 1194 et
1054 1147 1074 1196 si
1095 1158 1171 1212 potes

641 1209 757 1274 pascaris
771 1227 832 1260 cum
847 1212 894 1272 eis,
910 1214 937 1263 in
955 1217 1134 1269 exsultatione
1146 1230 1172 1270 et

641 1280 743 1330 laetitia.
772 1281 802 1330 ln
832 1282 883 1332 hoc
902 1285 1025 1336 convivio
1049 1289 1172 1340 Ecclesiae

641 1350 774 1415 spirituali
788 1351 913 1405 Christus
929 1367 1058 1422 praeparat
1072 1375 1172 1424 prunas

640 1418 771 1482 caritatis,
797 1437 865 1488 quas
896 1424 928 1474 de
957 1426 1030 1476 coelis
1059 1429 1173 1492 portavit

642 1490 675 1540 ad
689 1501 782 1552 terras,
795 1493 859 1559 quia
873 1493 964 1560 ignem
979 1497 1052 1549 venit
1067 1500 1172 1552 mittere

642 1562 671 1611 iu
696 1571 804 1626 terram,
829 1573 855 1613 et
879 1566 937 1615 vult
954 1577 985 1616 ut
1006 1570 1174 1622 accendatur.

643 1635 718 1696 Item,
740 1648 869 1702 praeparat
887 1638 989 1704 piscem
1017 1644 1177 1708 superposi-

644 1715 702 1755 tum
718 1707 824 1771 prunis,
843 1709 890 1774 qui
909 1721 949 1760 est
962 1711 1020 1777 ipse
1041 1714 1175 1775 Christus,

644 1777 692 1842 qui
715 1792 797 1843 super
814 1795 914 1844 prunas
928 1782 1048 1846 ponitur,
1066 1787 1175 1851 quando

645 1863 677 1897 ex
698 1847 822 1898 incendio
836 1850 963 1911 caritatis,
982 1870 1030 1918 pro
1052 1857 1132 1907 nobis
1148 1858 1176 1908 in

645 1932 721 1966 cruce
745 1917 911 1972 immolatur.
941 1923 1021 1984 ltem,
1045 1938 1178 1991 praeparat

646 2003 743 2053 panem
768 2005 823 2055 quo
846 1990 991 2057 reficimur,
1018 1996 1065 2060 qui
1088 2009 1129 2048 est
1152 2007 1178 2048 et

646 2060 713 2127 ipse,
734 2077 797 2112 nam
820 2062 878 2129 ipse
901 2063 985 2116 reficit
999 2084 1048 2118 nos
1063 2085 1110 2125 per
1126 2071 1178 2120 do-

646 2133 768 2193 ctrinam,
796 2144 823 2184 et
850 2134 930 2184 etiam
961 2137 1049 2187 dando
1074 2138 1179 2204 Corpus

646 2218 726 2253 suum
742 2204 822 2254 nobis
837 2204 865 2254 in
887 2205 987 2255 cibum.
1003 2208 1083 2257 Dedit
1097 2209 1178 2259 etiam

646 2273 779 2324 Dominus
802 2274 941 2340 discipulis
970 2275 1093 2341 piscem,
1115 2279 1180 2345 quia

647 2359 724 2396 suam
742 2345 896 2394 Passionem
912 2345 1068 2397 imitandam
1085 2359 1179 2399 osten-

647 2415 704 2478 dit;
721 2415 794 2465 dedit
809 2425 834 2465 et
847 2431 909 2465 cum
919 2416 991 2482 pisce
1000 2433 1107 2482 panem,
1116 2420 1180 2485 quia

647 2498 708 2554 post
729 2487 898 2538 tolerantiam
927 2489 1060 2554 passionis
1084 2492 1181 2557 gaudia

649 2571 756 2612 aeternre
774 2559 907 2611 societatis
924 2563 1088 2628 repromisit.
1104 2565 1181 2616 Unde

649 2631 819 2698 Augustinus
833 2649 840 2682 ι
852 2651 865 2679 n
879 2633 951 2683 Fecit
963 2634 1096 2686 Dominus
1106 2652 1182 2702 pran-

650 2706 726 2756 dium
752 2717 855 2771 septem
877 2707 1018 2773 discipulis
1047 2709 1080 2759 de
1109 2709 1182 2775 pisce

650 2791 720 2836 asso,
740 2775 800 2826 aliis
821 2793 890 2843 quos
906 2788 1049 2842 coeperant,
1066 2789 1092 2829 et
1105 2795 1181 2844 pane.

652 2847 735 2896 Piscis
748 2863 843 2909 assus,
865 2848 990 2898 Christus
1011 2858 1050 2898 est
1069 2864 1181 2914 passus;

652 2916 709 2982 ipse
725 2927 765 2966 est
786 2926 813 2967 et
836 2917 913 2982 panis
927 2919 975 2982 qui
997 2918 1030 2968 de
1044 2920 1111 2969 coelo
1133 2919 1183 2970 de-

652 2986 766 3037 scendit.
787 2987 856 3036 Huic
884 2986 1070 3053 incorporatur
1092 2989 1184 3039 Eccle-

652 3059 692 3108 sia
713 3057 745 3107 ad
762 3056 970 3122 participandam
990 3057 1184 3109 beatitudinem

653 3137 789 3187 aeternam,
804 3137 912 3192 propter
929 3128 1002 3192 quod
1025 3128 1186 3179 dictumest

654 3197 807 3248 aDomlno:
822 3196 927 3264 Afferte
937 3197 971 3246 de
987 3197 1106 3262 piscibus
1120 3214 1186 3264 quos
1256 3259 1258 3265 ,

652 3268 830 3336 prendidistis
859 3282 941 3332 nunc,
964 3280 995 3319 ut
1016 3285 1111 3320 omnes
1139 3271 1186 3337 qui

656 3342 725 3392 hanc
739 3356 814 3406 spem
836 3341 963 3407 gerimus,
981 3342 1122 3407 perillum
1143 3359 1189 3394 se·

658 3412 810 3478 ptenarium
826 3427 969 3462 numerum
983 3411 1189 3478 discipulorum,

657 3498 705 3549 per
719 3497 799 3547 quem
820 3492 907 3547 potest
921 3491 1013 3533 nostra
1026 3484 1189 3535 universitas

659 3551 775 3618 intelligi
789 3551 911 3618 figurata,
927 3563 1001 3604 tanto
1016 3554 1190 3605 sacramento

660 3623 1190 3689 noscommunicarenossemus,eteidem

663 3695 820 3746 beatitudini
836 3710 885 3745 nos
900 3695 1013 3746 sociari:
1029 3716 1043 3744 n
1058 3698 1116 3748 haec
1130 3699 1190 3747 Au·

662 3766 799 3835 guerinus.
812 3767 874 3817 ideo
887 3767 968 3818 etiam
982 3769 1108 3818 ultimum
1124 3783 1192 3817 con-

663 3840 765 3892 vivium
787 3855 848 3890 cum
864 3852 966 3907 septem
988 3841 1129 3907 discipulis
1147 3837 1192 3904 pi-

666 3911 801 3963 scantibus
813 3910 900 3962 voluit
913 3912 1055 3972 celebrare,
1072 3909 1137 3975 quia
1153 3907 1205 3985 illi
