2626 4328
165 262 343 322 QUOMODO
360 263 519 315 DOMINUS
535 263 712 314 APPARUIT
729 264 851 316 MARIAE
870 264 1107 316 MAGDALENAE.
1146 264 1200 334 679

84 393 175 444 grans,
191 393 294 429 merear
313 390 373 445 post
388 380 455 429 hanc
470 379 552 430 vitam
566 394 599 429 ex
616 379 669 430 isto
682 380 771 430 seculo
793 381 820 430 in
835 381 908 431 illam
923 379 1094 432 aeternitatem
1110 389 1202 433 trans-

84 451 209 515 migrare,
222 458 301 515 teque
312 451 399 500 Deum
416 450 529 501 deorum
541 451 570 500 in
585 450 651 501 Sion
665 461 691 501 et
705 450 734 500 in
751 452 864 503 Galilaea
877 468 948 514 vera,
963 467 1024 502 cum
1039 452 1129 502 electis
1141 453 1202 504 tuis

83 521 169 586 gratia
183 529 228 569 tua
238 519 377 586 largiente,
392 532 457 571 tunc
472 520 570 571 videre.
586 522 694 572 Amen,

450 999 451 1002 γ
484 906 650 998 cnpur
674 917 810 999 txxn

160 1178 339 1266 Quomodo
357 1175 530 1244 Dominus
552 1176 719 1270 apparuit
739 1175 872 1245 Moriae
890 1177 1123 1268 lllogdolenn’.

996 1307 1007 1341 .
1041 1321 1046 1329 .

496 1426 630 1489 ioannis
655 1448 723 1511 cap.
742 1447 796 1491 20.

117 1709 127 1744 1
149 1693 245 1742 Mnnrn
264 1693 436 1743 Mncnnnuun·
460 1710 565 1744 rnnvon
581 1710 615 1744 ar

82 1780 220 1814 nncnrnrs.
235 1793 265 1800 -
279 1763 375 1814 Mar-ia
394 1771 491 1828 autem,
512 1765 615 1815 amari-

81 1836 176 1885 tudine
199 1836 295 1900 plena,
320 1845 436 1886 aestuans
456 1851 565 1897 amore,
589 1846 616 1886 et

82 1905 203 1956 nesciens
225 1906 291 1971 quid
305 1906 376 1955 aliud
393 1907 500 1957 deberet
521 1906 615 1971 facere,

82 1976 148 2043 quia
168 1977 227 2026 sine
243 1977 371 2043 Magistro
387 1995 440 2027 non
458 1989 560 2044 poterat
573 1978 616 2028 vi-

82 2064 153 2110 vere,
174 2065 223 2099 nec
246 2049 284 2098 ibi
310 2065 372 2099 eum
397 2051 565 2112 inveniebat,
590 2061 617 2100 et

82 2124 131 2175 ubi
145 2139 207 2174 eum
222 2134 351 2189 quaereret
365 2125 513 2188 ignorabat,
526 2125 618 2175 stabat

82 2212 115 2248 ex
138 2195 241 2246 fervore
266 2205 292 2246 et
312 2197 470 2261 constantia,
490 2197 554 2263 quia
574 2197 616 2247 vis

82 2268 183 2320 amoris
201 2284 248 2318 nee
262 2269 362 2327 sedere,
378 2284 425 2319 nec
440 2270 523 2333 jacere
541 2269 617 2320 sine-

82 2341 138 2400 bat,
153 2341 190 2390 ad
213 2347 406 2390 monumentum
424 2341 519 2406 soris,
539 2337 616 2392 et'ab

81 2421 165 2470 extra,
180 2410 281 2460 scilicet
293 2410 321 2458 in
341 2410 429 2474 hortu,
445 2420 470 2461 et
489 2421 549 2461 ante
566 2411 617 2460 do-

81 2482 238 2532 munculam
253 2481 282 2529 in
297 2497 350 2546 qua
365 2491 420 2530 erat
430 2481 616 2546 sepulchrum,

76 2554 209 2618 plotone,
236 2561 262 2603 et
289 2554 441 2603 lamentans
467 2553 616 2604 Dominum

80 2638 171 2674 suum.
188 2625 275 2674 Tanto
288 2624 361 2673 enim
374 2625 462 2674 cordis
483 2623 616 2676 ferebatur

82 2696 218 2756 incendi0,
234 2707 307 2747 tanta
327 2698 434 2763 pietatis
452 2697 616 2751 afficiebatur

81 2766 239 2827 dulcedine,
263 2776 318 2817 tarn
342 2767 438 2818 validis
461 2768 616 2819 trahebatur

80 2839 197 2889 vinculis
223 2839 349 2902 caritatis,
370 2852 400 2891 ut
424 2840 547 2892 femineae
570 2842 616 2891 in-

81 2908 218 2959 firmitatis
245 2911 340 2972 oblita,
369 2927 417 2962 nec
445 2914 616 2962 tenebrarum

80 2980 206 3046 caligine,
223 2997 271 3031 nec
290 2992 493 3048 persecutorum
515 2983 616 3034 imma-

81 3051 166 3101 nitate
180 3052 359 3104 retraheretur
375 3069 389 3104 a
404 3054 538 3119 sepulchri
552 3055 617 3105 visi·

82 3122 191 3182 tatione,
206 3125 274 3190 quin
294 3125 385 3191 potius
406 3125 472 3177 foris
488 3136 572 3187 stans,
591 3137 618 3178 et

80 3194 209 3260 lacrymis
242 3207 450 3248 monumentum
483 3195 616 3263 irrigans,

81 3265 269 3316 recedentibus
301 3267 458 3334 discipulis,
489 3283 544 3318 non
572 3283 618 3320 re-

81 3335 216 3398 cedebat,
256 3353 304 3403 pro
342 3355 373 3390 eo
407 3340 481 3405 quod
519 3339 618 3392 divinae

81 3404 234 3457 dilectionis
260 3409 322 3474 igne
348 3425 484 3471 succensa,
510 3421 536 3461 et
562 3422 617 3462 tam

82 3475 260 3529 invalescente
284 3482 413 3530 urebatur
438 3481 570 3532 desiderio
592 3492 618 3533 et

81 3548 242 3613 impatiente
262 3552 452 3602 vulnerabatur
473 3567 574 3614 amore,
588 3563 619 3604 ut

82 3619 156 3669 nihil
181 3621 205 3670 ei
230 3633 333 3688 saperet
350 3622 403 3674 nisi
424 3623 496 3685 flere,
513 3633 618 3689 posset-

81 3705 140 3757 que.
171 3691 239 3743 illud
270 3692 458 3760 propheticum
491 3694 620 3746 veraciter

82 3773 203 3814 eructare
225 3779 232 3812 ι
253 3766 375 3817 Fuerunt
396 3767 462 3817 milti
486 3765 619 3835 lacrymae

82 3847 148 3886 meae
157 3849 247 3902 panes
260 3835 304 3886 die
319 3851 353 3888 ac
366 3843 456 3898 nocte,
478 3835 540 3887 dnm
556 3836 620 3888 dici·

164 3953 235 4004 Vrrn
256 3954 319 4005 insu
340 3953 460 4018 Cunrsrr,
478 3967 565 4005 nouus
580 3951 625 4004 IV.

667 1698 712 1743 tur
723 1693 788 1744 mihi
797 1695 922 1759 quotidie,
934 1695 980 1744 ubi
989 1708 1026 1757 es,
1042 1696 1116 1746 Deus
1131 1701 1200 1748 tuns.

667 1765 821 1815 Secundum
836 1766 1027 1831 Augustinum‚
1054 1766 1201 1817 ferventior

667 1846 693 1886 et
715 1835 837 1886 devotior
853 1850 915 1896 erat,
927 1837 960 1887 ad
976 1838 1116 1889 Christum
1137 1839 1199 1890 aliis

669 1906 839 1968 mulieribus,
855 1917 881 1957 et
903 1908 1005 1959 nimius
1024 1911 1103 1960 ardor
1120 1926 1199 1960 arno-

668 1979 706 2028 ris
733 1994 791 2028 earn
821 1980 990 2031 sollicitabat.
1017 1982 1100 2031 Maria
1128 1982 1200 2032 enim

668 2049 801 2116 quidquid
827 2050 931 2112 voluit,
959 2051 1048 2102 flendo
1082 2053 1202 2103 obtinuit

668 2121 775 2171 veniam
798 2121 983 2187 peccatorum3
1010 2124 1099 2174 flendo
1124 2125 1199 2175 obti-

669 2191 729 2242 nuit
743 2191 831 2241 fratris
847 2193 1077 2245 resuscitationem
1092 2197 1124 2244 de
1140 2195 1201 2246 fau·

668 2262 745 2312 cibus
769 2255 954 2326 infernorum3
974 2263 1062 2315 flendo
1083 2264 1202 2316 obtinuit

668 2332 879 2383 consolationem
919 2333 952 2384 de
986 2334 1202 2386 Resurrectione.

668 2405 812 2470 Lacrymas
821 2419 884 2469 ergo
894 2404 964 2455 fudit
976 2406 1201 2472 compunctionis,

669 2475 872 2542 compassionis,
896 2488 921 2527 et
945 2478 1103 2530 devotionis.
1127 2480 1202 2530 Unde

669 2547 844 2613 Gregorius:
860 2547 919 2606 Qua
936 2548 965 2598 in
985 2565 1014 2600 re
1030 2551 1199 2615 pensandum

668 2627 718 2679 est,
732 2618 814 2682 hujus
833 2619 956 2670 mulieris
976 2630 1091 2671 mentem
1112 2637 1202 2686 quan-

667 2697 694 2738 ta
720 2689 761 2739 vis
783 2688 883 2739 amoris
907 2693 1073 2755 accenderat,
1100 2708 1159 2758 quoe
1187 2707 1201 2741 a

669 2772 850 2814 monumento
870 2764 991 2826 Domini,
1013 2765 1093 2816 etiam
1117 2765 1201 2814 disci-

667 2833 741 2897 pulis
762 2837 960 2898 recedentibus,
979 2851 1031 2885 non
1053 2834 1200 2884 recedebat.

669 2905 749 2956 Unde
771 2908 895 2974 contigit,
915 2918 946 2958 ut
972 2924 1034 2958 eum
1060 2907 1116 2956 sola
1139 2917 1203 2956 tunc

667 2977 780 3042 videret,
793 2997 854 3046 quae
871 2982 1000 3030 remansit
1012 2991 1042 3031 ut
1053 2988 1201 3045 quaereret3

668 3049 733 3116 quia
745 3049 832 3102 virtus
852 3052 917 3102 boni
932 3050 1021 3116 operis
1037 3066 1203 3116 perseveran-

668 3121 706 3172 tia
720 3130 768 3172 est.
783 3142 797 3170 n
811 3122 861 3173 Ubi
879 3133 904 3172 et
917 3124 1108 3188 Augustinus:
1124 3140 1137 3167 n
1151 3120 1201 3171 Vi-

669 3191 707 3242 ris
726 3193 800 3243 enirn
815 3194 998 3254 redeuntibus,
1019 3191 1199 3243 infirmiorem

670 3280 765 3315 sexum
784 3265 812 3315 in
827 3265 923 3316 eodem
938 3265 998 3315 loco
1015 3264 1111 3314 fortior
1125 3261 1204 3312 facie·

671 3338 716 3386 bat
729 3336 846 3398 affectus,
861 3346 887 3386 et
901 3336 971 3386 oculi
988 3335 1035 3402 qui
1053 3333 1201 3384 Dominum

669 3407 840 3476 quaesierant,
855 3417 881 3457 et
903 3423 959 3456 non
980 3407 1137 3457 invenerant
1161 3405 1204 3454 la-

669 3479 770 3547 crymis
792 3480 846 3544 jam
867 3479 1005 3538 vocabant,
1019 3476 1133 3542 amplius
1152 3475 1204 3525 do-

670 3554 756 3604 lentes
772 3552 845 3618 quod
864 3549 951 3601 fuerat
968 3550 1072 3600 ablatus
1091 3553 1124 3598 de
1140 3563 1203 3597 rno-

672 3633 813 3687 nutnento,
823 3638 905 3689 quam
917 3621 989 3687 quod
1004 3620 1089 3671 fuerat
1101 3619 1205 3670 occisus

671 3695 699 3746 in
716 3695 805 3762 lign0;
830 3692 960 3760 quoniam
986 3690 1107 3757 magistri
1124 3689 1202 3748 tanti,

671 3767 748 3832 cujus
767 3765 791 3817 ei
812 3765 866 3815 vita
888 3764 1021 3814 subtracta
1041 3760 1135 3820 fuerat,
1153 3774 1201 3810 nec

672 3834 804 3888 memoria
829 3833 990 3885 remanebat.
1007 3831 1126 3881 Tenebat
1149 3828 1202 3878 ita-

1063 3943 1092 3994 15
