<?xml version="1.0" encoding="UTF-8"?>
<!DOCTYPE html PUBLIC "-//W3C//DTD XHTML 1.0 Transitional//EN"
    "http://www.w3.org/TR/xhtml1/DTD/xhtml1-transitional.dtd">
<html xmlns="http://www.w3.org/1999/xhtml" xml:lang="en" lang="en">
 <head>
  <title>
</title>
<meta http-equiv="Content-Type" content="text/html;charset=utf-8" />
  <meta name='ocr-system' content='tesseract 3.04.00' />
  <meta name='ocr-capabilities' content='ocr_page ocr_carea ocr_par ocr_line ocrx_word'/>
</head>
<body>
  <div class='ocr_page' id='page_1' title='image "./vitajesuchristi00rigogoog_0364.png"; bbox 0 0 2626 4328; ppageno 0'>
   <div class='ocr_carea' id='block_1_1' title="bbox 446 204 788 257">
    <p class='ocr_par' dir='ltr' id='par_1_1' title="bbox 446 204 788 257">
     <span class='ocr_line' id='line_1_1' title="bbox 446 204 788 257; baseline 0.006 -2"><span class='ocrx_word' id='word_1_1' title='bbox 446 206 493 255; x_wconf 88' lang='lat' dir='ltr'>DE</span> <span class='ocrx_word' id='word_1_2' title='bbox 509 205 627 256; x_wconf 80' lang='lat' dir='ltr'>FlNALl</span> <span class='ocrx_word' id='word_1_3' title='bbox 642 204 788 257; x_wconf 86' lang='lat' dir='ltr'>lUDlClO.</span> 
     </span>
    </p>
   </div>
   <div class='ocr_carea' id='block_1_2' title="bbox 59 320 590 387">
    <p class='ocr_par' dir='ltr' id='par_1_2' title="bbox 59 320 590 387">
     <span class='ocr_line' id='line_1_2' title="bbox 59 320 590 387; baseline -0.002 -14"><span class='ocrx_word' id='word_1_4' title='bbox 59 323 82 373; x_wconf 89' lang='lat' dir='ltr'>si</span> <span class='ocrx_word' id='word_1_5' title='bbox 95 336 200 386; x_wconf 91' lang='lat' dir='ltr'>semper</span> <span class='ocrx_word' id='word_1_6' title='bbox 217 320 346 371; x_wconf 87' lang='lat' dir='ltr'>beneficia</span> <span class='ocrx_word' id='word_1_7' title='bbox 356 320 406 371; x_wconf 89' lang='lat' dir='ltr'>Dei</span> <span class='ocrx_word' id='word_1_8' title='bbox 420 321 515 384; x_wconf 86' lang='lat' dir='ltr'>nostri,</span> <span class='ocrx_word' id='word_1_9' title='bbox 529 335 590 387; x_wconf 75' lang='lat' dir='ltr'>que</span> 
     </span>
    </p>
   </div>
   <div class='ocr_carea' id='block_1_3' title="bbox 1123 210 1177 280">
    <p class='ocr_par' dir='ltr' id='par_1_3' title="bbox 1123 210 1177 280">
     <span class='ocr_line' id='line_1_3' title="bbox 1123 210 1177 280; baseline 0.037 -20"><span class='ocrx_word' id='word_1_10' title='bbox 1123 210 1177 280; x_wconf 86' lang='lat'>809</span> 
     </span>
    </p>
   </div>
   <div class='ocr_carea' id='block_1_4' title="bbox 643 322 1179 388">
    <p class='ocr_par' dir='ltr' id='par_1_4' title="bbox 643 322 1179 388">
     <span class='ocr_line' id='line_1_4' title="bbox 643 322 1179 388; baseline 0.011 -16"><span class='ocrx_word' id='word_1_11' title='bbox 643 337 726 388; x_wconf 90' lang='lat' dir='ltr'>quam</span> <span class='ocrx_word' id='word_1_12' title='bbox 739 322 888 374; x_wconf 87' lang='lat' dir='ltr'>Dominum</span> <span class='ocrx_word' id='word_1_13' title='bbox 905 324 1037 376; x_wconf 71' lang='lat' dir='ltr'>maluisti,</span> <span class='ocrx_word' id='word_1_14' title='bbox 1049 326 1119 376; x_wconf 84' lang='lat' dir='ltr'>Cum</span> <span class='ocrx_word' id='word_1_15' title='bbox 1134 342 1179 378; x_wconf 78' lang='lat' dir='ltr'>ex-</span> 
     </span>
    </p>
   </div>
   <div class='ocr_carea' id='block_1_5' title="bbox 57 393 1181 534">
    <p class='ocr_par' dir='ltr' id='par_1_5' title="bbox 57 393 1181 534">
     <span class='ocr_line' id='line_1_5' title="bbox 58 393 1180 461; baseline 0.003 -16"><span class='ocrx_word' id='word_1_16' title='bbox 58 395 147 454; x_wconf 88' lang='lat' dir='ltr'>nobis,</span> <span class='ocrx_word' id='word_1_17' title='bbox 168 394 250 443; x_wconf 92' lang='lat' dir='ltr'>nullis</span> <span class='ocrx_word' id='word_1_18' title='bbox 271 393 483 458; x_wconf 87' lang='lat' dir='ltr'>praecedentibus</span> <span class='ocrx_word' id='word_1_19' title='bbox 506 393 591 444; x_wconf 87' lang='lat' dir='ltr'>meri·</span> <span class='ocrx_word' id='word_1_20' title='bbox 645 394 739 459; x_wconf 88' lang='lat' dir='ltr'>pulsus</span> <span class='ocrx_word' id='word_1_21' title='bbox 748 395 782 444; x_wconf 90' lang='lat' dir='ltr'>de</span> <span class='ocrx_word' id='word_1_22' title='bbox 791 394 991 460; x_wconf 86' lang='lat' dir='ltr'>paradiso,jure</span> <span class='ocrx_word' id='word_1_23' title='bbox 1000 397 1099 461; x_wconf 87' lang='lat' dir='ltr'>peccati</span> <span class='ocrx_word' id='word_1_24' title='bbox 1110 413 1180 448; x_wconf 91' lang='lat' dir='ltr'>mor·</span> 
     </span>
     <span class='ocr_line' id='line_1_6' title="bbox 57 455 1181 534; baseline 0.002 -18"><span class='ocrx_word' id='word_1_25' title='bbox 57 467 93 516; x_wconf 87' lang='lat' dir='ltr'>tis</span> <span class='ocrx_word' id='word_1_26' title='bbox 112 465 221 523; x_wconf 86' lang='lat' dir='ltr'>nostris,</span> <span class='ocrx_word' id='word_1_27' title='bbox 237 465 330 514; x_wconf 86' lang='lat' dir='ltr'>collata</span> <span class='ocrx_word' id='word_1_28' title='bbox 344 474 409 515; x_wconf 91' lang='lat' dir='ltr'>sunt</span> <span class='ocrx_word' id='word_1_29' title='bbox 424 465 532 515; x_wconf 85' lang='lat' dir='ltr'>assidue</span> <span class='ocrx_word' id='word_1_30' title='bbox 545 479 591 514; x_wconf 87' lang='lat' dir='ltr'>co·</span> <span class='ocrx_word' id='word_1_31' title='bbox 634 455 706 514; x_wconf 70' lang='lat' dir='ltr'>‘talis</span> <span class='ocrx_word' id='word_1_32' title='bbox 728 464 845 515; x_wconf 86' lang='lat' dir='ltr'>vinculis</span> <span class='ocrx_word' id='word_1_33' title='bbox 867 467 1005 530; x_wconf 88' lang='lat' dir='ltr'>tenereris,</span> <span class='ocrx_word' id='word_1_34' title='bbox 1021 467 1181 534; x_wconf 86' lang='lat' dir='ltr'>virginalem</span> 
     </span>
    </p>
   </div>
   <div class='ocr_carea' id='block_1_6' title="bbox 40 536 605 3898">
    <p class='ocr_par' dir='ltr' id='par_1_6' title="bbox 40 536 605 3898">
     <span class='ocr_line' id='line_1_7' title="bbox 57 536 591 603; baseline 0 -17"><span class='ocrx_word' id='word_1_35' title='bbox 57 539 186 603; x_wconf 88' lang='lat' dir='ltr'>gitamus,</span> <span class='ocrx_word' id='word_1_36' title='bbox 200 548 305 601; x_wconf 89' lang='lat' dir='ltr'>peccata</span> <span class='ocrx_word' id='word_1_37' title='bbox 320 536 399 586; x_wconf 90' lang='lat' dir='ltr'>nobis</span> <span class='ocrx_word' id='word_1_38' title='bbox 410 547 456 586; x_wconf 86' lang='lat' dir='ltr'>aut</span> <span class='ocrx_word' id='word_1_39' title='bbox 470 552 525 586; x_wconf 92' lang='lat' dir='ltr'>non</span> <span class='ocrx_word' id='word_1_40' title='bbox 539 536 591 586; x_wconf 87' lang='lat' dir='ltr'>do-</span> 
     </span>
     <span class='ocr_line' id='line_1_8' title="bbox 60 605 592 672; baseline -0.006 -15"><span class='ocrx_word' id='word_1_41' title='bbox 60 610 209 670; x_wconf 85' lang='lat' dir='ltr'>minantur,</span> <span class='ocrx_word' id='word_1_42' title='bbox 225 617 272 656; x_wconf 88' lang='lat' dir='ltr'>aut</span> <span class='ocrx_word' id='word_1_43' title='bbox 284 605 307 656; x_wconf 86' lang='lat' dir='ltr'>si</span> <span class='ocrx_word' id='word_1_44' title='bbox 320 606 392 656; x_wconf 85' lang='lat' dir='ltr'>forte</span> <span class='ocrx_word' id='word_1_45' title='bbox 403 606 592 672; x_wconf 85' lang='lat' dir='ltr'>surrepserint,</span> 
     </span>
     <span class='ocr_line' id='line_1_9' title="bbox 59 676 593 743; baseline -0.006 -15"><span class='ocrx_word' id='word_1_46' title='bbox 59 680 114 728; x_wconf 90' lang='lat' dir='ltr'>cito</span> <span class='ocrx_word' id='word_1_47' title='bbox 136 692 182 742; x_wconf 87' lang='lat' dir='ltr'>per</span> <span class='ocrx_word' id='word_1_48' title='bbox 202 676 396 741; x_wconf 78' lang='lat' dir='ltr'>poenitentiam¹</span> <span class='ocrx_word' id='word_1_49' title='bbox 411 677 593 743; x_wconf 87' lang='lat' dir='ltr'>corriguntur.</span> 
     </span>
     <span class='ocr_line' id='line_1_10' title="bbox 60 747 592 812; baseline -0.004 -14"><span class='ocrx_word' id='word_1_50' title='bbox 60 749 128 808; x_wconf 89' lang='lat' dir='ltr'>Quis</span> <span class='ocrx_word' id='word_1_51' title='bbox 153 747 227 797; x_wconf 92' lang='lat' dir='ltr'>enim</span> <span class='ocrx_word' id='word_1_52' title='bbox 253 748 296 798; x_wconf 90' lang='lat' dir='ltr'>vel</span> <span class='ocrx_word' id='word_1_53' title='bbox 318 757 408 797; x_wconf 91' lang='lat' dir='ltr'>mente</span> <span class='ocrx_word' id='word_1_54' title='bbox 436 747 592 812; x_wconf 77' lang='lat' dir='ltr'>concipere,</span> 
     </span>
     <span class='ocr_line' id='line_1_11' title="bbox 61 814 593 884; baseline -0.004 -15"><span class='ocrx_word' id='word_1_55' title='bbox 61 836 116 869; x_wconf 92' lang='lat' dir='ltr'>non</span> <span class='ocrx_word' id='word_1_56' title='bbox 137 818 224 868; x_wconf 86' lang='lat' dir='ltr'>dicam</span> <span class='ocrx_word' id='word_1_57' title='bbox 238 818 328 868; x_wconf 88' lang='lat' dir='ltr'>verbis</span> <span class='ocrx_word' id='word_1_58' title='bbox 344 814 431 884; x_wconf 81' lang='lat' dir='ltr'>possit</span> <span class='ocrx_word' id='word_1_59' title='bbox 450 832 593 883; x_wconf 82' lang='lat' dir='ltr'>exponere,</span> 
     </span>
     <span class='ocr_line' id='line_1_12' title="bbox 61 887 594 955; baseline -0.002 -16"><span class='ocrx_word' id='word_1_60' title='bbox 61 899 164 955; x_wconf 90' lang='lat' dir='ltr'>quanta</span> <span class='ocrx_word' id='word_1_61' title='bbox 177 889 246 938; x_wconf 89' lang='lat' dir='ltr'>circa</span> <span class='ocrx_word' id='word_1_62' title='bbox 261 903 311 938; x_wconf 91' lang='lat' dir='ltr'>nos</span> <span class='ocrx_word' id='word_1_63' title='bbox 326 899 390 938; x_wconf 88' lang='lat' dir='ltr'>sunt</span> <span class='ocrx_word' id='word_1_64' title='bbox 403 887 531 938; x_wconf 87' lang='lat' dir='ltr'>beneficia</span> <span class='ocrx_word' id='word_1_65' title='bbox 545 887 594 938; x_wconf 87' lang='lat' dir='ltr'>Dei</span> 
     </span>
     <span class='ocr_line' id='line_1_13' title="bbox 61 957 594 1023; baseline -0.008 -11"><span class='ocrx_word' id='word_1_66' title='bbox 61 959 165 1012; x_wconf 86' lang='lat' dir='ltr'>nostri?</span> <span class='ocrx_word' id='word_1_67' title='bbox 188 959 262 1010; x_wconf 82' lang='lat' dir='ltr'>Fecit</span> <span class='ocrx_word' id='word_1_68' title='bbox 281 959 355 1009; x_wconf 90' lang='lat' dir='ltr'>enim</span> <span class='ocrx_word' id='word_1_69' title='bbox 375 975 435 1023; x_wconf 89' lang='lat' dir='ltr'>nos,</span> <span class='ocrx_word' id='word_1_70' title='bbox 456 975 518 1009; x_wconf 91' lang='lat' dir='ltr'>cum</span> <span class='ocrx_word' id='word_1_71' title='bbox 535 957 594 1009; x_wconf 62' lang='lat' dir='ltr'>&#39;non</span> 
     </span>
     <span class='ocr_line' id='line_1_14' title="bbox 62 1032 595 1097; baseline -0.009 -13"><span class='ocrx_word' id='word_1_72' title='bbox 62 1047 198 1095; x_wconf 88' lang='lat' dir='ltr'>essemus;</span> <span class='ocrx_word' id='word_1_73' title='bbox 210 1032 343 1096; x_wconf 80' lang='lat' dir='ltr'>reparavit</span> <span class='ocrx_word' id='word_1_74' title='bbox 356 1047 406 1082; x_wconf 89' lang='lat' dir='ltr'>nos</span> <span class='ocrx_word' id='word_1_75' title='bbox 416 1041 519 1097; x_wconf 82' lang='lat' dir='ltr'>postea,</span> <span class='ocrx_word' id='word_1_76' title='bbox 532 1045 595 1081; x_wconf 86' lang='lat' dir='ltr'>cum</span> 
     </span>
     <span class='ocr_line' id='line_1_15' title="bbox 61 1107 595 1174; baseline -0.004 -16"><span class='ocrx_word' id='word_1_77' title='bbox 61 1108 236 1174; x_wconf 86' lang='lat' dir='ltr'>perissemus.</span> <span class='ocrx_word' id='word_1_78' title='bbox 252 1108 367 1158; x_wconf 88' lang='lat' dir='ltr'>Mortem</span> <span class='ocrx_word' id='word_1_79' title='bbox 387 1107 515 1172; x_wconf 82' lang='lat' dir='ltr'>suscepit,</span> <span class='ocrx_word' id='word_1_80' title='bbox 532 1121 595 1171; x_wconf 89' lang='lat' dir='ltr'>pre-</span> 
     </span>
     <span class='ocr_line' id='line_1_16' title="bbox 63 1175 596 1243; baseline -0.006 -15"><span class='ocrx_word' id='word_1_81' title='bbox 63 1179 133 1228; x_wconf 90' lang='lat' dir='ltr'>tioso</span> <span class='ocrx_word' id='word_1_82' title='bbox 145 1193 194 1227; x_wconf 88' lang='lat' dir='ltr'>nos</span> <span class='ocrx_word' id='word_1_83' title='bbox 207 1177 340 1243; x_wconf 88' lang='lat' dir='ltr'>sanguine</span> <span class='ocrx_word' id='word_1_84' title='bbox 354 1177 484 1228; x_wconf 86' lang='lat' dir='ltr'>liberavit.</span> <span class='ocrx_word' id='word_1_85' title='bbox 499 1176 540 1226; x_wconf 75' lang='lat' dir='ltr'>ad</span> <span class='ocrx_word' id='word_1_86' title='bbox 556 1175 596 1225; x_wconf 89' lang='lat' dir='ltr'>in-</span> 
     </span>
     <span class='ocr_line' id='line_1_17' title="bbox 64 1248 596 1310; baseline -0.008 -11"><span class='ocrx_word' id='word_1_87' title='bbox 64 1250 138 1299; x_wconf 81' lang='lat' dir='ltr'>ferna</span> <span class='ocrx_word' id='word_1_88' title='bbox 161 1249 316 1310; x_wconf 87' lang='lat' dir='ltr'>descendit,</span> <span class='ocrx_word' id='word_1_89' title='bbox 343 1250 378 1298; x_wconf 90' lang='lat' dir='ltr'>de</span> <span class='ocrx_word' id='word_1_90' title='bbox 401 1248 523 1298; x_wconf 87' lang='lat' dir='ltr'>faucibus</span> <span class='ocrx_word' id='word_1_91' title='bbox 546 1261 596 1296; x_wconf 89' lang='lat' dir='ltr'>nos</span> 
     </span>
     <span class='ocr_line' id='line_1_18' title="bbox 40 1320 595 1386; baseline -0.005 -15"><span class='ocrx_word' id='word_1_92' title='bbox 40 1331 170 1371; x_wconf 69' lang='lat' dir='ltr'>aternae</span> <span class='ocrx_word' id='word_1_93' title='bbox 195 1321 290 1371; x_wconf 91' lang='lat' dir='ltr'>mortis</span> <span class='ocrx_word' id='word_1_94' title='bbox 319 1321 434 1386; x_wconf 90' lang='lat' dir='ltr'>eripuit;</span> <span class='ocrx_word' id='word_1_95' title='bbox 466 1320 595 1370; x_wconf 88' lang='lat' dir='ltr'>coelorum</span> 
     </span>
     <span class='ocr_line' id='line_1_19' title="bbox 63 1391 595 1456; baseline -0.004 -15"><span class='ocrx_word' id='word_1_96' title='bbox 63 1392 142 1442; x_wconf 89' lang='lat' dir='ltr'>nobis</span> <span class='ocrx_word' id='word_1_97' title='bbox 161 1391 242 1441; x_wconf 86' lang='lat' dir='ltr'>etiarn</span> <span class='ocrx_word' id='word_1_98' title='bbox 256 1392 366 1456; x_wconf 84' lang='lat' dir='ltr'>praemia</span> <span class='ocrx_word' id='word_1_99' title='bbox 380 1391 515 1456; x_wconf 85' lang='lat' dir='ltr'>promisit.</span> <span class='ocrx_word' id='word_1_100' title='bbox 531 1391 595 1440; x_wconf 80' lang='lat' dir='ltr'>llaec</span> 
     </span>
     <span class='ocr_line' id='line_1_20' title="bbox 63 1461 596 1526; baseline -0.004 -14"><span class='ocrx_word' id='word_1_101' title='bbox 63 1463 164 1521; x_wconf 89' lang='lat' dir='ltr'>omnia,</span> <span class='ocrx_word' id='word_1_102' title='bbox 185 1462 279 1513; x_wconf 90' lang='lat' dir='ltr'>fratres</span> <span class='ocrx_word' id='word_1_103' title='bbox 302 1461 483 1521; x_wconf 86' lang='lat' dir='ltr'>dilectissimi,</span> <span class='ocrx_word' id='word_1_104' title='bbox 503 1461 549 1526; x_wconf 91' lang='lat' dir='ltr'>pio</span> <span class='ocrx_word' id='word_1_105' title='bbox 570 1471 596 1510; x_wconf 90' lang='lat' dir='ltr'>et</span> 
     </span>
     <span class='ocr_line' id='line_1_21' title="bbox 64 1534 596 1600; baseline -0.004 -16"><span class='ocrx_word' id='word_1_106' title='bbox 64 1535 180 1600; x_wconf 86' lang='lat' dir='ltr'>benigno</span> <span class='ocrx_word' id='word_1_107' title='bbox 192 1535 283 1584; x_wconf 90' lang='lat' dir='ltr'>animo</span> <span class='ocrx_word' id='word_1_108' title='bbox 295 1534 451 1600; x_wconf 85' lang='lat' dir='ltr'>cogitantes,</span> <span class='ocrx_word' id='word_1_109' title='bbox 463 1543 596 1599; x_wconf 89' lang='lat' dir='ltr'>quantum</span> 
     </span>
     <span class='ocr_line' id='line_1_22' title="bbox 62 1602 596 1670; baseline -0.004 -16"><span class='ocrx_word' id='word_1_110' title='bbox 62 1620 206 1670; x_wconf 87' lang='lat' dir='ltr'>possumus</span> <span class='ocrx_word' id='word_1_111' title='bbox 220 1621 282 1656; x_wconf 90' lang='lat' dir='ltr'>curn</span> <span class='ocrx_word' id='word_1_112' title='bbox 298 1605 385 1670; x_wconf 87' lang='lat' dir='ltr'>ipsius</span> <span class='ocrx_word' id='word_1_113' title='bbox 398 1602 531 1669; x_wconf 78' lang='lat' dir='ltr'>adjutorio</span> <span class='ocrx_word' id='word_1_114' title='bbox 547 1603 596 1653; x_wconf 89' lang='lat' dir='ltr'>be-</span> 
     </span>
     <span class='ocr_line' id='line_1_23' title="bbox 64 1673 595 1741; baseline -0.008 -14"><span class='ocrx_word' id='word_1_115' title='bbox 64 1677 169 1727; x_wconf 83' lang='lat' dir='ltr'>neficiis</span> <span class='ocrx_word' id='word_1_116' title='bbox 184 1677 242 1727; x_wconf 89' lang='lat' dir='ltr'>suis</span> <span class='ocrx_word' id='word_1_117' title='bbox 256 1676 343 1727; x_wconf 91' lang='lat' dir='ltr'>vicem</span> <span class='ocrx_word' id='word_1_118' title='bbox 358 1676 507 1741; x_wconf 86' lang='lat' dir='ltr'>rependere</span> <span class='ocrx_word' id='word_1_119' title='bbox 518 1673 595 1724; x_wconf 83' lang='lat' dir='ltr'>festi-</span> 
     </span>
     <span class='ocr_line' id='line_1_24' title="bbox 64 1749 597 1812; baseline -0.011 -10"><span class='ocrx_word' id='word_1_120' title='bbox 64 1766 169 1802; x_wconf 83' lang='lat' dir='ltr'>nemus.</span> <span class='ocrx_word' id='word_1_121' title='bbox 189 1751 250 1800; x_wconf 91' lang='lat' dir='ltr'>Non</span> <span class='ocrx_word' id='word_1_122' title='bbox 278 1751 422 1800; x_wconf 83' lang='lat' dir='ltr'>reddamus</span> <span class='ocrx_word' id='word_1_123' title='bbox 451 1749 521 1798; x_wconf 89' lang='lat' dir='ltr'>mala</span> <span class='ocrx_word' id='word_1_124' title='bbox 548 1762 597 1812; x_wconf 88' lang='lat' dir='ltr'>pro</span> 
     </span>
     <span class='ocr_line' id='line_1_25' title="bbox 64 1823 597 1887; baseline -0.008 -13"><span class='ocrx_word' id='word_1_125' title='bbox 64 1824 153 1886; x_wconf 79' lang='lat' dir='ltr'>bonis3</span> <span class='ocrx_word' id='word_1_126' title='bbox 166 1823 212 1873; x_wconf 91' lang='lat' dir='ltr'>sed</span> <span class='ocrx_word' id='word_1_127' title='bbox 227 1828 360 1887; x_wconf 84' lang='lat' dir='ltr'>quantum</span> <span class='ocrx_word' id='word_1_128' title='bbox 375 1837 532 1887; x_wconf 87' lang='lat' dir='ltr'>possumus,</span> <span class='ocrx_word' id='word_1_129' title='bbox 545 1835 597 1870; x_wconf 89' lang='lat' dir='ltr'>vo·</span> 
     </span>
     <span class='ocr_line' id='line_1_26' title="bbox 63 1893 598 1960; baseline -0.009 -14"><span class='ocrx_word' id='word_1_130' title='bbox 63 1896 161 1946; x_wconf 87' lang='lat' dir='ltr'>luntati</span> <span class='ocrx_word' id='word_1_131' title='bbox 182 1895 257 1945; x_wconf 90' lang='lat' dir='ltr'>illius</span> <span class='ocrx_word' id='word_1_132' title='bbox 276 1896 461 1960; x_wconf 89' lang='lat' dir='ltr'>obtemperare</span> <span class='ocrx_word' id='word_1_133' title='bbox 483 1893 598 1943; x_wconf 90' lang='lat' dir='ltr'>fideliter</span> 
     </span>
     <span class='ocr_line' id='line_1_27' title="bbox 64 1965 598 2028; baseline -0.007 -10"><span class='ocrx_word' id='word_1_134' title='bbox 64 1970 234 2028; x_wconf 82' lang='lat' dir='ltr'>studeamus,</span> <span class='ocrx_word' id='word_1_135' title='bbox 259 1967 324 2017; x_wconf 92' lang='lat' dir='ltr'>totis</span> <span class='ocrx_word' id='word_1_136' title='bbox 346 1967 452 2017; x_wconf 87' lang='lat' dir='ltr'>viribus</span> <span class='ocrx_word' id='word_1_137' title='bbox 475 1965 598 2015; x_wconf 91' lang='lat' dir='ltr'>inniten-</span> 
     </span>
     <span class='ocr_line' id='line_1_28' title="bbox 65 2034 598 2106; baseline -0.008 -18"><span class='ocrx_word' id='word_1_138' title='bbox 65 2049 114 2098; x_wconf 87' lang='lat' dir='ltr'>tes,</span> <span class='ocrx_word' id='word_1_139' title='bbox 126 2047 157 2087; x_wconf 94' lang='lat' dir='ltr'>ut</span> <span class='ocrx_word' id='word_1_140' title='bbox 171 2049 300 2102; x_wconf 75' lang='lat' dir='ltr'>praecepta</span> <span class='ocrx_word' id='word_1_141' title='bbox 316 2036 402 2102; x_wconf 89' lang='lat' dir='ltr'>ipsius</span> <span class='ocrx_word' id='word_1_142' title='bbox 416 2035 503 2106; x_wconf 86' lang='lat' dir='ltr'>magis</span> <span class='ocrx_word' id='word_1_143' title='bbox 518 2034 598 2085; x_wconf 87' lang='lat' dir='ltr'>nobis</span> 
     </span>
     <span class='ocr_line' id='line_1_29' title="bbox 66 2106 597 2175; baseline -0.008 -17"><span class='ocrx_word' id='word_1_144' title='bbox 66 2109 172 2175; x_wconf 83' lang='lat' dir='ltr'>pariant</span> <span class='ocrx_word' id='word_1_145' title='bbox 191 2108 225 2158; x_wconf 92' lang='lat' dir='ltr'>de</span> <span class='ocrx_word' id='word_1_146' title='bbox 247 2107 412 2173; x_wconf 82' lang='lat' dir='ltr'>sequacitate</span> <span class='ocrx_word' id='word_1_147' title='bbox 431 2106 597 2164; x_wconf 85' lang='lat' dir='ltr'>remedium,</span> 
     </span>
     <span class='ocr_line' id='line_1_30' title="bbox 65 2177 596 2247; baseline -0.008 -17"><span class='ocrx_word' id='word_1_148' title='bbox 65 2196 148 2247; x_wconf 91' lang='lat' dir='ltr'>quam</span> <span class='ocrx_word' id='word_1_149' title='bbox 167 2181 200 2229; x_wconf 92' lang='lat' dir='ltr'>de</span> <span class='ocrx_word' id='word_1_150' title='bbox 219 2179 433 2245; x_wconf 85' lang='lat' dir='ltr'>transgressione</span> <span class='ocrx_word' id='word_1_151' title='bbox 455 2177 596 2243; x_wconf 78' lang='lat' dir='ltr'>judicium.</span> 
     </span>
     <span class='ocr_line' id='line_1_31' title="bbox 66 2249 597 2318; baseline -0.009 -16"><span class='ocrx_word' id='word_1_152' title='bbox 66 2255 134 2303; x_wconf 89' lang='lat' dir='ltr'>Nam</span> <span class='ocrx_word' id='word_1_153' title='bbox 151 2251 218 2318; x_wconf 92' lang='lat' dir='ltr'>quid</span> <span class='ocrx_word' id='word_1_154' title='bbox 240 2251 376 2312; x_wconf 86' lang='lat' dir='ltr'>faciemus,</span> <span class='ocrx_word' id='word_1_155' title='bbox 400 2249 543 2310; x_wconf 84' lang='lat' dir='ltr'>carissimi,</span> <span class='ocrx_word' id='word_1_156' title='bbox 568 2249 597 2298; x_wconf 92' lang='lat' dir='ltr'>in</span> 
     </span>
     <span class='ocr_line' id='line_1_32' title="bbox 65 2323 598 2390; baseline -0.011 -12"><span class='ocrx_word' id='word_1_157' title='bbox 65 2328 112 2378; x_wconf 91' lang='lat' dir='ltr'>illo</span> <span class='ocrx_word' id='word_1_158' title='bbox 127 2327 272 2377; x_wconf 90' lang='lat' dir='ltr'>metuendo</span> <span class='ocrx_word' id='word_1_159' title='bbox 286 2325 378 2390; x_wconf 85' lang='lat' dir='ltr'>judicii</span> <span class='ocrx_word' id='word_1_160' title='bbox 395 2325 450 2384; x_wconf 92' lang='lat' dir='ltr'>die,</span> <span class='ocrx_word' id='word_1_161' title='bbox 463 2339 524 2374; x_wconf 88' lang='lat' dir='ltr'>cum</span> <span class='ocrx_word' id='word_1_162' title='bbox 540 2323 598 2372; x_wconf 93' lang='lat' dir='ltr'>Do·</span> 
     </span>
     <span class='ocr_line' id='line_1_33' title="bbox 66 2393 598 2459; baseline -0.008 -13"><span class='ocrx_word' id='word_1_163' title='bbox 66 2398 171 2458; x_wconf 89' lang='lat' dir='ltr'>minus,</span> <span class='ocrx_word' id='word_1_164' title='bbox 200 2407 331 2447; x_wconf 90' lang='lat' dir='ltr'>tremente</span> <span class='ocrx_word' id='word_1_165' title='bbox 354 2395 473 2454; x_wconf 89' lang='lat' dir='ltr'>mundo,</span> <span class='ocrx_word' id='word_1_166' title='bbox 502 2393 598 2459; x_wconf 87' lang='lat' dir='ltr'>praeci-</span> 
     </span>
     <span class='ocr_line' id='line_1_34' title="bbox 65 2466 598 2534; baseline -0.013 -13"><span class='ocrx_word' id='word_1_167' title='bbox 65 2470 195 2521; x_wconf 87' lang='lat' dir='ltr'>nentibus</span> <span class='ocrx_word' id='word_1_168' title='bbox 218 2471 384 2534; x_wconf 81' lang='lat' dir='ltr'>Angelorum</span> <span class='ocrx_word' id='word_1_169' title='bbox 410 2467 545 2529; x_wconf 86' lang='lat' dir='ltr'>buccinis,</span> <span class='ocrx_word' id='word_1_170' title='bbox 570 2466 598 2515; x_wconf 89' lang='lat' dir='ltr'>in</span> 
     </span>
     <span class='ocr_line' id='line_1_35' title="bbox 67 2537 601 2605; baseline -0.011 -14"><span class='ocrx_word' id='word_1_171' title='bbox 67 2542 114 2592; x_wconf 91' lang='lat' dir='ltr'>illo</span> <span class='ocrx_word' id='word_1_172' title='bbox 131 2540 276 2605; x_wconf 81' lang='lat' dir='ltr'>majestatis</span> <span class='ocrx_word' id='word_1_173' title='bbox 290 2556 345 2590; x_wconf 89' lang='lat' dir='ltr'>suae</span> <span class='ocrx_word' id='word_1_174' title='bbox 360 2540 469 2600; x_wconf 85' lang='lat' dir='ltr'>throno,</span> <span class='ocrx_word' id='word_1_175' title='bbox 487 2537 601 2587; x_wconf 87' lang='lat' dir='ltr'>circum·</span> 
     </span>
     <span class='ocr_line' id='line_1_36' title="bbox 65 2610 600 2669; baseline -0.009 -7"><span class='ocrx_word' id='word_1_176' title='bbox 65 2614 143 2662; x_wconf 89' lang='lat' dir='ltr'>datus</span> <span class='ocrx_word' id='word_1_177' title='bbox 164 2612 280 2662; x_wconf 87' lang='lat' dir='ltr'>coelestis</span> <span class='ocrx_word' id='word_1_178' title='bbox 293 2610 398 2660; x_wconf 89' lang='lat' dir='ltr'>militiae</span> <span class='ocrx_word' id='word_1_179' title='bbox 415 2610 485 2669; x_wconf 88' lang='lat' dir='ltr'>luce,</span> <span class='ocrx_word' id='word_1_180' title='bbox 501 2623 600 2658; x_wconf 87' lang='lat' dir='ltr'>conse-</span> 
     </span>
     <span class='ocr_line' id='line_1_37' title="bbox 67 2678 601 2747; baseline -0.009 -15"><span class='ocrx_word' id='word_1_181' title='bbox 67 2683 150 2746; x_wconf 91' lang='lat' dir='ltr'>derit;</span> <span class='ocrx_word' id='word_1_182' title='bbox 174 2682 268 2747; x_wconf 92' lang='lat' dir='ltr'>ibique</span> <span class='ocrx_word' id='word_1_183' title='bbox 294 2683 327 2731; x_wconf 93' lang='lat' dir='ltr'>de</span> <span class='ocrx_word' id='word_1_184' title='bbox 349 2691 425 2731; x_wconf 85' lang='lat' dir='ltr'>terrae</span> <span class='ocrx_word' id='word_1_185' title='bbox 449 2678 554 2745; x_wconf 88' lang='lat' dir='ltr'>gremio</span> <span class='ocrx_word' id='word_1_186' title='bbox 574 2686 601 2728; x_wconf 90' lang='lat' dir='ltr'>et</span> 
     </span>
     <span class='ocr_line' id='line_1_38' title="bbox 67 2751 600 2819; baseline -0.009 -13"><span class='ocrx_word' id='word_1_187' title='bbox 67 2755 180 2819; x_wconf 89' lang='lat' dir='ltr'>antiquo</span> <span class='ocrx_word' id='word_1_188' title='bbox 199 2755 307 2819; x_wconf 85' lang='lat' dir='ltr'>pulvere</span> <span class='ocrx_word' id='word_1_189' title='bbox 330 2752 458 2803; x_wconf 88' lang='lat' dir='ltr'>suscitato</span> <span class='ocrx_word' id='word_1_190' title='bbox 478 2751 600 2802; x_wconf 85' lang='lat' dir='ltr'>humano</span> 
     </span>
     <span class='ocr_line' id='line_1_39' title="bbox 68 2824 600 2893; baseline -0.006 -16"><span class='ocrx_word' id='word_1_191' title='bbox 68 2843 179 2893; x_wconf 85' lang='lat' dir='ltr'>genere,</span> <span class='ocrx_word' id='word_1_192' title='bbox 202 2827 324 2876; x_wconf 80' lang='lat' dir='ltr'>adstante</span> <span class='ocrx_word' id='word_1_193' title='bbox 350 2824 505 2875; x_wconf 79' lang='lat' dir='ltr'>testimonio</span> <span class='ocrx_word' id='word_1_194' title='bbox 533 2839 600 2874; x_wconf 90' lang='lat' dir='ltr'>con-</span> 
     </span>
     <span class='ocr_line' id='line_1_40' title="bbox 68 2893 602 2960; baseline -0.009 -13"><span class='ocrx_word' id='word_1_195' title='bbox 68 2897 188 2948; x_wconf 82' lang='lat' dir='ltr'>scientia:</span> <span class='ocrx_word' id='word_1_196' title='bbox 198 2896 378 2960; x_wconf 90' lang='lat' dir='ltr'>singulorum,</span> <span class='ocrx_word' id='word_1_197' title='bbox 391 2893 488 2960; x_wconf 90' lang='lat' dir='ltr'>positis</span> <span class='ocrx_word' id='word_1_198' title='bbox 499 2893 529 2944; x_wconf 88' lang='lat' dir='ltr'>in</span> <span class='ocrx_word' id='word_1_199' title='bbox 540 2909 602 2944; x_wconf 86' lang='lat' dir='ltr'>con·</span> 
     </span>
     <span class='ocr_line' id='line_1_41' title="bbox 67 2965 602 3033; baseline -0.009 -15"><span class='ocrx_word' id='word_1_200' title='bbox 67 2977 160 3033; x_wconf 86' lang='lat' dir='ltr'>spectu</span> <span class='ocrx_word' id='word_1_201' title='bbox 172 2977 339 3032; x_wconf 88' lang='lat' dir='ltr'>peccatorum</span> <span class='ocrx_word' id='word_1_202' title='bbox 349 2965 447 3030; x_wconf 89' lang='lat' dir='ltr'>poenis,</span> <span class='ocrx_word' id='word_1_203' title='bbox 459 2965 602 3028; x_wconf 78' lang='lat' dir='ltr'>iustorum-</span> 
     </span>
     <span class='ocr_line' id='line_1_42' title="bbox 68 3035 603 3106; baseline -0.009 -16"><span class='ocrx_word' id='word_1_204' title='bbox 68 3056 122 3106; x_wconf 86' lang='lat' dir='ltr'>que</span> <span class='ocrx_word' id='word_1_205' title='bbox 135 3039 265 3105; x_wconf 85' lang='lat' dir='ltr'>praemiis,</span> <span class='ocrx_word' id='word_1_206' title='bbox 274 3039 406 3088; x_wconf 89' lang='lat' dir='ltr'>rationem</span> <span class='ocrx_word' id='word_1_207' title='bbox 418 3037 481 3087; x_wconf 84' lang='lat' dir='ltr'>vitae</span> <span class='ocrx_word' id='word_1_208' title='bbox 491 3035 603 3101; x_wconf 85' lang='lat' dir='ltr'>coeperit</span> 
     </span>
     <span class='ocr_line' id='line_1_43' title="bbox 69 3108 602 3176; baseline -0.009 -16"><span class='ocrx_word' id='word_1_209' title='bbox 69 3110 220 3176; x_wconf 86' lang='lat' dir='ltr'>postulare;</span> <span class='ocrx_word' id='word_1_210' title='bbox 234 3119 261 3160; x_wconf 89' lang='lat' dir='ltr'>et</span> <span class='ocrx_word' id='word_1_211' title='bbox 275 3110 337 3175; x_wconf 88' lang='lat' dir='ltr'>plus</span> <span class='ocrx_word' id='word_1_212' title='bbox 351 3109 404 3171; x_wconf 79' lang='lat' dir='ltr'>iam</span> <span class='ocrx_word' id='word_1_213' title='bbox 419 3108 507 3172; x_wconf 87' lang='lat' dir='ltr'>justus</span> <span class='ocrx_word' id='word_1_214' title='bbox 520 3121 602 3172; x_wconf 86' lang='lat' dir='ltr'>quam</span> 
     </span>
     <span class='ocr_line' id='line_1_44' title="bbox 69 3180 602 3245; baseline -0.008 -12"><span class='ocrx_word' id='word_1_215' title='bbox 69 3184 232 3245; x_wconf 88' lang='lat' dir='ltr'>misericors,</span> <span class='ocrx_word' id='word_1_216' title='bbox 249 3184 389 3233; x_wconf 78' lang='lat' dir='ltr'>severitate</span> <span class='ocrx_word' id='word_1_217' title='bbox 409 3180 515 3231; x_wconf 78' lang='lat' dir='ltr'>iudicia</span> <span class='ocrx_word' id='word_1_218' title='bbox 534 3195 602 3230; x_wconf 89' lang='lat' dir='ltr'>con-</span> 
     </span>
     <span class='ocr_line' id='line_1_45' title="bbox 68 3252 604 3321; baseline -0.006 -15"><span class='ocrx_word' id='word_1_219' title='bbox 68 3266 178 3321; x_wconf 78' lang='lat' dir='ltr'>temptae</span> <span class='ocrx_word' id='word_1_220' title='bbox 196 3255 388 3306; x_wconf 80' lang='lat' dir='ltr'>misericordiae</span> <span class='ocrx_word' id='word_1_221' title='bbox 411 3268 471 3304; x_wconf 81' lang='lat' dir='ltr'>reor</span> <span class='ocrx_word' id='word_1_222' title='bbox 493 3252 604 3318; x_wconf 72' lang='lat' dir='ltr'>caperit</span> 
     </span>
     <span class='ocr_line' id='line_1_46' title="bbox 69 3325 602 3394; baseline -0.008 -15"><span class='ocrx_word' id='word_1_223' title='bbox 69 3345 201 3389; x_wconf 88' lang='lat' dir='ltr'>accusare,</span> <span class='ocrx_word' id='word_1_224' title='bbox 218 3339 243 3379; x_wconf 90' lang='lat' dir='ltr'>et</span> <span class='ocrx_word' id='word_1_225' title='bbox 264 3329 366 3379; x_wconf 89' lang='lat' dir='ltr'>dicere:</span> <span class='ocrx_word' id='word_1_226' title='bbox 383 3328 443 3394; x_wconf 51' lang='lat' dir='ltr'>,Ego</span> <span class='ocrx_word' id='word_1_227' title='bbox 465 3337 500 3387; x_wconf 87' lang='lat' dir='ltr'>te,</span> <span class='ocrx_word' id='word_1_228' title='bbox 516 3342 535 3377; x_wconf 94' lang='grc' dir='ltr'>ο</span> <span class='ocrx_word' id='word_1_229' title='bbox 549 3325 602 3376; x_wconf 86' lang='lat' dir='ltr'>ho-</span> 
     </span>
     <span class='ocr_line' id='line_1_47' title="bbox 68 3396 602 3461; baseline -0.007 -10"><span class='ocrx_word' id='word_1_230' title='bbox 68 3417 127 3461; x_wconf 92' lang='lat' dir='ltr'>mo,</span> <span class='ocrx_word' id='word_1_231' title='bbox 151 3401 184 3450; x_wconf 92' lang='lat' dir='ltr'>de</span> <span class='ocrx_word' id='word_1_232' title='bbox 204 3401 271 3450; x_wconf 90' lang='lat' dir='ltr'>limo</span> <span class='ocrx_word' id='word_1_233' title='bbox 296 3400 420 3450; x_wconf 84' lang='lat' dir='ltr'>manibus</span> <span class='ocrx_word' id='word_1_234' title='bbox 442 3399 511 3450; x_wconf 88' lang='lat' dir='ltr'>meis</span> <span class='ocrx_word' id='word_1_235' title='bbox 535 3396 602 3460; x_wconf 80' lang='lat' dir='ltr'>feci,</span> 
     </span>
     <span class='ocr_line' id='line_1_48' title="bbox 68 3469 603 3538; baseline -0.006 -15"><span class='ocrx_word' id='word_1_236' title='bbox 68 3489 118 3538; x_wconf 89' lang='lat' dir='ltr'>ego</span> <span class='ocrx_word' id='word_1_237' title='bbox 145 3472 257 3522; x_wconf 86' lang='lat' dir='ltr'>terrenis</span> <span class='ocrx_word' id='word_1_238' title='bbox 280 3473 394 3522; x_wconf 86' lang='lat' dir='ltr'>artubus</span> <span class='ocrx_word' id='word_1_239' title='bbox 415 3470 521 3522; x_wconf 81' lang='lat' dir='ltr'>infundi</span> <span class='ocrx_word' id='word_1_240' title='bbox 546 3469 603 3535; x_wconf 88' lang='lat' dir='ltr'>spi·</span> 
     </span>
     <span class='ocr_line' id='line_1_49' title="bbox 68 3544 603 3610; baseline -0.006 -16"><span class='ocrx_word' id='word_1_241' title='bbox 68 3545 164 3608; x_wconf 87' lang='lat' dir='ltr'>ritum;</span> <span class='ocrx_word' id='word_1_242' title='bbox 180 3559 229 3609; x_wconf 90' lang='lat' dir='ltr'>ego</span> <span class='ocrx_word' id='word_1_243' title='bbox 246 3544 295 3594; x_wconf 91' lang='lat' dir='ltr'>tibi</span> <span class='ocrx_word' id='word_1_244' title='bbox 315 3544 462 3610; x_wconf 84' lang='lat' dir='ltr'>imaginem</span> <span class='ocrx_word' id='word_1_245' title='bbox 482 3551 603 3592; x_wconf 82' lang='lat' dir='ltr'>nostram</span> 
     </span>
     <span class='ocr_line' id='line_1_50' title="bbox 68 3613 603 3683; baseline -0.007 -16"><span class='ocrx_word' id='word_1_246' title='bbox 68 3616 332 3683; x_wconf 87' lang='lat' dir='ltr'>similitudinemque</span> <span class='ocrx_word' id='word_1_247' title='bbox 356 3615 478 3666; x_wconf 83' lang='lat' dir='ltr'>conferre</span> <span class='ocrx_word' id='word_1_248' title='bbox 501 3613 603 3680; x_wconf 85' lang='lat' dir='ltr'>digna-</span> 
     </span>
     <span class='ocr_line' id='line_1_51' title="bbox 68 3684 605 3753; baseline -0.006 -16"><span class='ocrx_word' id='word_1_249' title='bbox 68 3698 113 3738; x_wconf 90' lang='lat' dir='ltr'>tus</span> <span class='ocrx_word' id='word_1_250' title='bbox 132 3703 204 3747; x_wconf 85' lang='lat' dir='ltr'>sum,</span> <span class='ocrx_word' id='word_1_251' title='bbox 220 3702 269 3753; x_wconf 87' lang='lat' dir='ltr'>ego</span> <span class='ocrx_word' id='word_1_252' title='bbox 288 3698 315 3737; x_wconf 87' lang='lat' dir='ltr'>re</span> <span class='ocrx_word' id='word_1_253' title='bbox 331 3687 401 3736; x_wconf 89' lang='lat' dir='ltr'>inter</span> <span class='ocrx_word' id='word_1_254' title='bbox 414 3685 536 3751; x_wconf 82' lang='lat' dir='ltr'>paradisi</span> <span class='ocrx_word' id='word_1_255' title='bbox 553 3684 605 3735; x_wconf 86' lang='lat' dir='ltr'>de·</span> 
     </span>
     <span class='ocr_line' id='line_1_52' title="bbox 68 3758 605 3811; baseline -0.006 -2"><span class='ocrx_word' id='word_1_256' title='bbox 68 3760 143 3811; x_wconf 89' lang='lat' dir='ltr'>licias</span> <span class='ocrx_word' id='word_1_257' title='bbox 172 3759 308 3810; x_wconf 86' lang='lat' dir='ltr'>collocavi.</span> <span class='ocrx_word' id='word_1_258' title='bbox 332 3760 376 3809; x_wconf 89' lang='lat' dir='ltr'>Tu</span> <span class='ocrx_word' id='word_1_259' title='bbox 402 3758 496 3809; x_wconf 83' lang='lat' dir='ltr'>vitalia</span> <span class='ocrx_word' id='word_1_260' title='bbox 524 3772 605 3808; x_wconf 88' lang='lat' dir='ltr'>man·</span> 
     </span>
     <span class='ocr_line' id='line_1_53' title="bbox 68 3828 605 3898; baseline 0 -17"><span class='ocrx_word' id='word_1_261' title='bbox 68 3833 129 3884; x_wconf 88' lang='lat' dir='ltr'>data</span> <span class='ocrx_word' id='word_1_262' title='bbox 143 3843 323 3884; x_wconf 88' lang='lat' dir='ltr'>contemnens</span> <span class='ocrx_word' id='word_1_263' title='bbox 341 3832 510 3898; x_wconf 82' lang='lat' dir='ltr'>deceptorem</span> <span class='ocrx_word' id='word_1_264' title='bbox 527 3828 605 3896; x_wconf 85' lang='lat' dir='ltr'>aequi</span> 
     </span>
    </p>
   </div>
   <div class='ocr_carea' id='block_1_7' title="bbox 645 536 1254 3876">
    <p class='ocr_par' dir='ltr' id='par_1_7' title="bbox 645 536 1254 3817">
     <span class='ocr_line' id='line_1_54' title="bbox 645 536 1181 604; baseline 0.007 -19"><span class='ocrx_word' id='word_1_265' title='bbox 645 544 764 595; x_wconf 87' lang='lat' dir='ltr'>uterum,</span> <span class='ocrx_word' id='word_1_266' title='bbox 778 536 838 587; x_wconf 87' lang='lat' dir='ltr'>sine</span> <span class='ocrx_word' id='word_1_267' title='bbox 852 537 994 602; x_wconf 87' lang='lat' dir='ltr'>dispendio</span> <span class='ocrx_word' id='word_1_268' title='bbox 1007 538 1181 604; x_wconf 85' lang='lat' dir='ltr'>virginitatis,</span> 
     </span>
     <span class='ocr_line' id='line_1_55' title="bbox 645 606 1184 674; baseline 0.009 -19"><span class='ocrx_word' id='word_1_269' title='bbox 645 606 792 671; x_wconf 85' lang='lat' dir='ltr'>pariendus</span> <span class='ocrx_word' id='word_1_270' title='bbox 809 607 930 660; x_wconf 88' lang='lat' dir='ltr'>introivi.</span> <span class='ocrx_word' id='word_1_271' title='bbox 946 609 977 659; x_wconf 93' lang='lat' dir='ltr'>ln</span> <span class='ocrx_word' id='word_1_272' title='bbox 996 609 1127 674; x_wconf 86' lang='lat' dir='ltr'>praesepio</span> <span class='ocrx_word' id='word_1_273' title='bbox 1141 625 1184 660; x_wconf 83' lang='lat' dir='ltr'>ex·</span> 
     </span>
     <span class='ocr_line' id='line_1_56' title="bbox 647 677 1181 745; baseline 0.011 -19"><span class='ocrx_word' id='word_1_274' title='bbox 647 677 760 742; x_wconf 89' lang='lat' dir='ltr'>positus,</span> <span class='ocrx_word' id='word_1_275' title='bbox 778 687 805 728; x_wconf 91' lang='lat' dir='ltr'>et</span> <span class='ocrx_word' id='word_1_276' title='bbox 820 679 919 744; x_wconf 90' lang='lat' dir='ltr'>pannis</span> <span class='ocrx_word' id='word_1_277' title='bbox 936 680 1081 731; x_wconf 91' lang='lat' dir='ltr'>obvolutus</span> <span class='ocrx_word' id='word_1_278' title='bbox 1101 681 1181 745; x_wconf 84' lang='lat' dir='ltr'>jacui.</span> 
     </span>
     <span class='ocr_line' id='line_1_57' title="bbox 647 750 1183 820; baseline 0.007 -20"><span class='ocrx_word' id='word_1_279' title='bbox 647 750 770 802; x_wconf 76' lang='lat' dir='ltr'>infantiae</span> <span class='ocrx_word' id='word_1_280' title='bbox 790 752 968 803; x_wconf 86' lang='lat' dir='ltr'>contumelias</span> <span class='ocrx_word' id='word_1_281' title='bbox 991 754 1183 820; x_wconf 85' lang='lat' dir='ltr'>humanosque</span> 
     </span>
     <span class='ocr_line' id='line_1_58' title="bbox 647 822 1182 888; baseline 0.006 -16"><span class='ocrx_word' id='word_1_282' title='bbox 647 822 764 887; x_wconf 86' lang='lat' dir='ltr'>dolores,</span> <span class='ocrx_word' id='word_1_283' title='bbox 778 822 881 888; x_wconf 88' lang='lat' dir='ltr'>quibus</span> <span class='ocrx_word' id='word_1_284' title='bbox 899 823 949 874; x_wconf 90' lang='lat' dir='ltr'>tibi</span> <span class='ocrx_word' id='word_1_285' title='bbox 964 824 1064 875; x_wconf 88' lang='lat' dir='ltr'>similis</span> <span class='ocrx_word' id='word_1_286' title='bbox 1079 824 1182 888; x_wconf 86' lang='lat' dir='ltr'>fierem,</span> 
     </span>
     <span class='ocr_line' id='line_1_59' title="bbox 647 893 1183 946; baseline 0.007 -4"><span class='ocrx_word' id='word_1_287' title='bbox 647 893 680 942; x_wconf 86' lang='lat' dir='ltr'>ad</span> <span class='ocrx_word' id='word_1_288' title='bbox 703 893 754 944; x_wconf 89' lang='lat' dir='ltr'>hoc</span> <span class='ocrx_word' id='word_1_289' title='bbox 778 894 881 945; x_wconf 86' lang='lat' dir='ltr'>scilicet</span> <span class='ocrx_word' id='word_1_290' title='bbox 903 904 934 944; x_wconf 91' lang='lat' dir='ltr'>ut</span> <span class='ocrx_word' id='word_1_291' title='bbox 957 905 985 946; x_wconf 92' lang='lat' dir='ltr'>te</span> <span class='ocrx_word' id='word_1_292' title='bbox 1009 895 1079 946; x_wconf 87' lang='lat' dir='ltr'>mihi</span> <span class='ocrx_word' id='word_1_293' title='bbox 1098 896 1183 946; x_wconf 88' lang='lat' dir='ltr'>simi-</span> 
     </span>
     <span class='ocr_line' id='line_1_60' title="bbox 648 963 1183 1031; baseline 0.006 -18"><span class='ocrx_word' id='word_1_294' title='bbox 648 965 702 1014; x_wconf 90' lang='lat' dir='ltr'>lem</span> <span class='ocrx_word' id='word_1_295' title='bbox 721 963 854 1025; x_wconf 83' lang='lat' dir='ltr'>facerem,</span> <span class='ocrx_word' id='word_1_296' title='bbox 876 966 984 1031; x_wconf 88' lang='lat' dir='ltr'>pertuli.</span> <span class='ocrx_word' id='word_1_297' title='bbox 1009 966 1183 1018; x_wconf 87' lang='lat' dir='ltr'>Irridentium</span> 
     </span>
     <span class='ocr_line' id='line_1_61' title="bbox 648 1036 1180 1102; baseline 0.009 -18"><span class='ocrx_word' id='word_1_298' title='bbox 648 1036 752 1100; x_wconf 86' lang='lat' dir='ltr'>palmas</span> <span class='ocrx_word' id='word_1_299' title='bbox 774 1046 802 1086; x_wconf 88' lang='lat' dir='ltr'>et</span> <span class='ocrx_word' id='word_1_300' title='bbox 825 1045 903 1102; x_wconf 84' lang='lat' dir='ltr'>sputa</span> <span class='ocrx_word' id='word_1_301' title='bbox 927 1037 1049 1101; x_wconf 87' lang='lat' dir='ltr'>suscepi,</span> <span class='ocrx_word' id='word_1_302' title='bbox 1079 1047 1180 1089; x_wconf 87' lang='lat' dir='ltr'>acetum</span> 
     </span>
     <span class='ocr_line' id='line_1_62' title="bbox 648 1105 1182 1173; baseline 0.009 -18"><span class='ocrx_word' id='word_1_303' title='bbox 648 1121 710 1155; x_wconf 85' lang='lat' dir='ltr'>cum</span> <span class='ocrx_word' id='word_1_304' title='bbox 725 1105 787 1156; x_wconf 89' lang='lat' dir='ltr'>felle</span> <span class='ocrx_word' id='word_1_305' title='bbox 804 1106 877 1169; x_wconf 85' lang='lat' dir='ltr'>bibi;</span> <span class='ocrx_word' id='word_1_306' title='bbox 894 1105 1006 1173; x_wconf 86' lang='lat' dir='ltr'>flagellis</span> <span class='ocrx_word' id='word_1_307' title='bbox 1023 1123 1119 1169; x_wconf 77' lang='lat' dir='ltr'>cresus,</span> <span class='ocrx_word' id='word_1_308' title='bbox 1133 1123 1182 1159; x_wconf 88' lang='lat' dir='ltr'>ve·</span> 
     </span>
     <span class='ocr_line' id='line_1_63' title="bbox 648 1176 1184 1245; baseline 0.007 -19"><span class='ocrx_word' id='word_1_309' title='bbox 648 1176 744 1242; x_wconf 90' lang='lat' dir='ltr'>pribus</span> <span class='ocrx_word' id='word_1_310' title='bbox 755 1187 908 1240; x_wconf 87' lang='lat' dir='ltr'>coronatus,</span> <span class='ocrx_word' id='word_1_311' title='bbox 921 1177 1017 1229; x_wconf 85' lang='lat' dir='ltr'>affixus</span> <span class='ocrx_word' id='word_1_312' title='bbox 1031 1179 1113 1241; x_wconf 89' lang='lat' dir='ltr'>cruci,</span> <span class='ocrx_word' id='word_1_313' title='bbox 1126 1194 1184 1245; x_wconf 88' lang='lat' dir='ltr'>per-</span> 
     </span>
     <span class='ocr_line' id='line_1_64' title="bbox 648 1249 1183 1316; baseline 0.006 -17"><span class='ocrx_word' id='word_1_314' title='bbox 648 1249 737 1300; x_wconf 88' lang='lat' dir='ltr'>fossus</span> <span class='ocrx_word' id='word_1_315' title='bbox 748 1251 867 1311; x_wconf 87' lang='lat' dir='ltr'>vulnere,</span> <span class='ocrx_word' id='word_1_316' title='bbox 878 1261 909 1301; x_wconf 90' lang='lat' dir='ltr'>ut</span> <span class='ocrx_word' id='word_1_317' title='bbox 923 1261 952 1310; x_wconf 85' lang='lat' dir='ltr'>tu</span> <span class='ocrx_word' id='word_1_318' title='bbox 964 1251 1104 1316; x_wconf 86' lang='lat' dir='ltr'>eripereris</span> <span class='ocrx_word' id='word_1_319' title='bbox 1114 1267 1183 1303; x_wconf 89' lang='lat' dir='ltr'>rnor-</span> 
     </span>
     <span class='ocr_line' id='line_1_65' title="bbox 649 1323 1182 1382; baseline 0.008 -10"><span class='ocrx_word' id='word_1_320' title='bbox 649 1324 680 1382; x_wconf 93' lang='lat' dir='ltr'>ti,</span> <span class='ocrx_word' id='word_1_321' title='bbox 692 1323 815 1374; x_wconf 83' lang='lat' dir='ltr'>animam</span> <span class='ocrx_word' id='word_1_322' title='bbox 825 1324 854 1374; x_wconf 94' lang='lat' dir='ltr'>in</span> <span class='ocrx_word' id='word_1_323' title='bbox 869 1325 1013 1375; x_wconf 88' lang='lat' dir='ltr'>tormentis</span> <span class='ocrx_word' id='word_1_324' title='bbox 1022 1325 1127 1376; x_wconf 87' lang='lat' dir='ltr'>dimisi.</span> <span class='ocrx_word' id='word_1_325' title='bbox 1138 1325 1182 1376; x_wconf 86' lang='lat' dir='ltr'>En</span> 
     </span>
     <span class='ocr_line' id='line_1_66' title="bbox 648 1394 1183 1461; baseline 0.009 -19"><span class='ocrx_word' id='word_1_326' title='bbox 648 1394 786 1444; x_wconf 84' lang='lat' dir='ltr'>clavorum</span> <span class='ocrx_word' id='word_1_327' title='bbox 807 1394 933 1460; x_wconf 77' lang='lat' dir='ltr'>vestigia,</span> <span class='ocrx_word' id='word_1_328' title='bbox 956 1395 1059 1461; x_wconf 88' lang='lat' dir='ltr'>quibus</span> <span class='ocrx_word' id='word_1_329' title='bbox 1086 1394 1183 1447; x_wconf 84' lang='lat' dir='ltr'>affixus</span> 
     </span>
     <span class='ocr_line' id='line_1_67' title="bbox 648 1465 1184 1532; baseline 0.006 -17"><span class='ocrx_word' id='word_1_330' title='bbox 648 1465 780 1532; x_wconf 74' lang='lat' dir='ltr'>pependi3</span> <span class='ocrx_word' id='word_1_331' title='bbox 799 1481 832 1516; x_wconf 90' lang='lat' dir='ltr'>en</span> <span class='ocrx_word' id='word_1_332' title='bbox 853 1467 1005 1532; x_wconf 90' lang='lat' dir='ltr'>perfossum</span> <span class='ocrx_word' id='word_1_333' title='bbox 1025 1467 1184 1519; x_wconf 86' lang='lat' dir='ltr'>vulneribus</span> 
     </span>
     <span class='ocr_line' id='line_1_68' title="bbox 649 1537 1183 1602; baseline 0 -15"><span class='ocrx_word' id='word_1_334' title='bbox 649 1538 729 1587; x_wconf 89' lang='lat' dir='ltr'>latus.</span> <span class='ocrx_word' id='word_1_335' title='bbox 745 1537 855 1602; x_wconf 89' lang='lat' dir='ltr'>Suscepi</span> <span class='ocrx_word' id='word_1_336' title='bbox 877 1537 984 1588; x_wconf 89' lang='lat' dir='ltr'>dolores</span> <span class='ocrx_word' id='word_1_337' title='bbox 1000 1547 1072 1597; x_wconf 91' lang='lat' dir='ltr'>tuos,</span> <span class='ocrx_word' id='word_1_338' title='bbox 1086 1548 1117 1588; x_wconf 91' lang='lat' dir='ltr'>ut</span> <span class='ocrx_word' id='word_1_339' title='bbox 1133 1537 1183 1588; x_wconf 87' lang='lat' dir='ltr'>tihi</span> 
     </span>
     <span class='ocr_line' id='line_1_69' title="bbox 649 1607 1185 1674; baseline -0.002 -17"><span class='ocrx_word' id='word_1_340' title='bbox 649 1608 764 1674; x_wconf 88' lang='lat' dir='ltr'>gloriam</span> <span class='ocrx_word' id='word_1_341' title='bbox 777 1619 866 1658; x_wconf 72' lang='lat' dir='ltr'>meam</span> <span class='ocrx_word' id='word_1_342' title='bbox 878 1608 980 1658; x_wconf 84' lang='lat' dir='ltr'>darem.</span> <span class='ocrx_word' id='word_1_343' title='bbox 992 1607 1103 1672; x_wconf 88' lang='lat' dir='ltr'>Suscepi</span> <span class='ocrx_word' id='word_1_344' title='bbox 1116 1621 1185 1657; x_wconf 90' lang='lat' dir='ltr'>mor-</span> 
     </span>
     <span class='ocr_line' id='line_1_70' title="bbox 649 1679 1185 1743; baseline -0.002 -13"><span class='ocrx_word' id='word_1_345' title='bbox 649 1691 704 1730; x_wconf 93' lang='lat' dir='ltr'>tem</span> <span class='ocrx_word' id='word_1_346' title='bbox 719 1692 805 1743; x_wconf 88' lang='lat' dir='ltr'>tuam,</span> <span class='ocrx_word' id='word_1_347' title='bbox 821 1691 852 1732; x_wconf 93' lang='lat' dir='ltr'>ut</span> <span class='ocrx_word' id='word_1_348' title='bbox 868 1691 898 1731; x_wconf 89' lang='lat' dir='ltr'>tu</span> <span class='ocrx_word' id='word_1_349' title='bbox 916 1681 944 1731; x_wconf 91' lang='lat' dir='ltr'>in</span> <span class='ocrx_word' id='word_1_350' title='bbox 959 1691 1091 1731; x_wconf 87' lang='lat' dir='ltr'>aeternum</span> <span class='ocrx_word' id='word_1_351' title='bbox 1109 1679 1185 1730; x_wconf 82' lang='lat' dir='ltr'>vive·</span> 
     </span>
     <span class='ocr_line' id='line_1_71' title="bbox 650 1750 1184 1816; baseline -0.004 -14"><span class='ocrx_word' id='word_1_352' title='bbox 650 1768 710 1802; x_wconf 83' lang='lat' dir='ltr'>res·</span> <span class='ocrx_word' id='word_1_353' title='bbox 724 1752 860 1802; x_wconf 87' lang='lat' dir='ltr'>Conditus</span> <span class='ocrx_word' id='word_1_354' title='bbox 884 1752 952 1816; x_wconf 87' lang='lat' dir='ltr'>jacui</span> <span class='ocrx_word' id='word_1_355' title='bbox 979 1751 1007 1800; x_wconf 92' lang='lat' dir='ltr'>in</span> <span class='ocrx_word' id='word_1_356' title='bbox 1030 1750 1184 1816; x_wconf 87' lang='lat' dir='ltr'>sepulchro,</span> 
     </span>
     <span class='ocr_line' id='line_1_72' title="bbox 650 1824 1254 1892; baseline -0.003 -17"><span class='ocrx_word' id='word_1_357' title='bbox 650 1835 680 1875; x_wconf 91' lang='lat' dir='ltr'>ut</span> <span class='ocrx_word' id='word_1_358' title='bbox 695 1836 724 1876; x_wconf 90' lang='lat' dir='ltr'>to</span> <span class='ocrx_word' id='word_1_359' title='bbox 738 1839 893 1892; x_wconf 84' lang='lat' dir='ltr'>resurgeres</span> <span class='ocrx_word' id='word_1_360' title='bbox 903 1824 932 1875; x_wconf 91' lang='lat' dir='ltr'>in</span> <span class='ocrx_word' id='word_1_361' title='bbox 947 1825 1024 1876; x_wconf 87' lang='lat' dir='ltr'>coelo.</span> <span class='ocrx_word' id='word_1_362' title='bbox 1039 1825 1095 1876; x_wconf 84' lang='lat' dir='ltr'>Cur</span> <span class='ocrx_word' id='word_1_363' title='bbox 1111 1824 1186 1890; x_wconf 85' lang='lat' dir='ltr'>quod</span> <span class='ocrx_word' id='word_1_364' title='bbox 1246 1861 1254 1889; x_wconf 86' lang='lat'>,</span> 
     </span>
     <span class='ocr_line' id='line_1_73' title="bbox 651 1895 1185 1964; baseline -0.004 -17"><span class='ocrx_word' id='word_1_365' title='bbox 651 1913 699 1964; x_wconf 90' lang='lat' dir='ltr'>pro</span> <span class='ocrx_word' id='word_1_366' title='bbox 714 1907 744 1947; x_wconf 84' lang='lat' dir='ltr'>te</span> <span class='ocrx_word' id='word_1_367' title='bbox 755 1896 864 1963; x_wconf 91' lang='lat' dir='ltr'>pertuli,</span> <span class='ocrx_word' id='word_1_368' title='bbox 885 1896 1044 1961; x_wconf 78' lang='lat' dir='ltr'>perdidisti?</span> <span class='ocrx_word' id='word_1_369' title='bbox 1061 1896 1126 1956; x_wconf 90' lang='lat' dir='ltr'>Cur,</span> <span class='ocrx_word' id='word_1_370' title='bbox 1140 1895 1185 1946; x_wconf 85' lang='lat' dir='ltr'>iu·</span> 
     </span>
     <span class='ocr_line' id='line_1_74' title="bbox 651 1967 1187 2033; baseline 0 -16"><span class='ocrx_word' id='word_1_371' title='bbox 651 1977 732 2033; x_wconf 83' lang='lat' dir='ltr'>grate,</span> <span class='ocrx_word' id='word_1_372' title='bbox 747 1967 941 2032; x_wconf 90' lang='lat' dir='ltr'>redemptionis</span> <span class='ocrx_word' id='word_1_373' title='bbox 955 1977 1010 2017; x_wconf 80' lang='lat' dir='ltr'>tuae</span> <span class='ocrx_word' id='word_1_374' title='bbox 1024 1981 1138 2017; x_wconf 83' lang='lat' dir='ltr'>munera</span> <span class='ocrx_word' id='word_1_375' title='bbox 1148 1981 1187 2017; x_wconf 86' lang='lat' dir='ltr'>re·</span> 
     </span>
     <span class='ocr_line' id='line_1_75' title="bbox 651 2037 1186 2103; baseline -0.002 -14"><span class='ocrx_word' id='word_1_376' title='bbox 651 2037 753 2089; x_wconf 85' lang='lat' dir='ltr'>unisti?</span> <span class='ocrx_word' id='word_1_377' title='bbox 768 2039 830 2088; x_wconf 89' lang='lat' dir='ltr'>Non</span> <span class='ocrx_word' id='word_1_378' title='bbox 842 2037 895 2087; x_wconf 87' lang='lat' dir='ltr'>tibi</span> <span class='ocrx_word' id='word_1_379' title='bbox 914 2053 963 2103; x_wconf 87' lang='lat' dir='ltr'>ego</span> <span class='ocrx_word' id='word_1_380' title='bbox 979 2038 1010 2087; x_wconf 92' lang='lat' dir='ltr'>de</span> <span class='ocrx_word' id='word_1_381' title='bbox 1026 2047 1112 2088; x_wconf 87' lang='lat' dir='ltr'>morte</span> <span class='ocrx_word' id='word_1_382' title='bbox 1126 2052 1186 2088; x_wconf 82' lang='lat' dir='ltr'>mea</span> 
     </span>
     <span class='ocr_line' id='line_1_76' title="bbox 650 2107 1184 2175; baseline -0.007 -15"><span class='ocrx_word' id='word_1_383' title='bbox 650 2124 761 2175; x_wconf 88' lang='lat' dir='ltr'>queror.</span> <span class='ocrx_word' id='word_1_384' title='bbox 770 2109 861 2159; x_wconf 86' lang='lat' dir='ltr'>Redde</span> <span class='ocrx_word' id='word_1_385' title='bbox 871 2108 940 2157; x_wconf 92' lang='lat' dir='ltr'>mihi</span> <span class='ocrx_word' id='word_1_386' title='bbox 951 2107 1034 2157; x_wconf 89' lang='lat' dir='ltr'>vitam</span> <span class='ocrx_word' id='word_1_387' title='bbox 1043 2117 1127 2166; x_wconf 88' lang='lat' dir='ltr'>tuam,</span> <span class='ocrx_word' id='word_1_388' title='bbox 1136 2123 1184 2172; x_wconf 87' lang='lat' dir='ltr'>pro</span> 
     </span>
     <span class='ocr_line' id='line_1_77' title="bbox 650 2178 1184 2246; baseline -0.007 -16"><span class='ocrx_word' id='word_1_389' title='bbox 650 2196 705 2246; x_wconf 88' lang='lat' dir='ltr'>qua</span> <span class='ocrx_word' id='word_1_390' title='bbox 721 2194 810 2230; x_wconf 86' lang='lat' dir='ltr'>meam</span> <span class='ocrx_word' id='word_1_391' title='bbox 825 2179 895 2230; x_wconf 91' lang='lat' dir='ltr'>dedi.</span> <span class='ocrx_word' id='word_1_392' title='bbox 912 2178 1002 2227; x_wconf 89' lang='lat' dir='ltr'>Redde</span> <span class='ocrx_word' id='word_1_393' title='bbox 1016 2178 1087 2227; x_wconf 90' lang='lat' dir='ltr'>mihi</span> <span class='ocrx_word' id='word_1_394' title='bbox 1101 2178 1184 2227; x_wconf 87' lang='lat' dir='ltr'>vitam</span> 
     </span>
     <span class='ocr_line' id='line_1_78' title="bbox 650 2248 1184 2316; baseline -0.006 -15"><span class='ocrx_word' id='word_1_395' title='bbox 650 2261 735 2312; x_wconf 88' lang='lat' dir='ltr'>tuam,</span> <span class='ocrx_word' id='word_1_396' title='bbox 748 2266 830 2316; x_wconf 87' lang='lat' dir='ltr'>quam</span> <span class='ocrx_word' id='word_1_397' title='bbox 842 2248 1000 2300; x_wconf 86' lang='lat' dir='ltr'>vulneribus</span> <span class='ocrx_word' id='word_1_398' title='bbox 1015 2257 1184 2313; x_wconf 89' lang='lat' dir='ltr'>peccatorum</span> 
     </span>
     <span class='ocr_line' id='line_1_79' title="bbox 652 2317 1184 2370; baseline -0.004 0"><span class='ocrx_word' id='word_1_399' title='bbox 652 2320 836 2370; x_wconf 85' lang='lat' dir='ltr'>indesinenter</span> <span class='ocrx_word' id='word_1_400' title='bbox 850 2318 959 2369; x_wconf 86' lang='lat' dir='ltr'>occidis.</span> <span class='ocrx_word' id='word_1_401' title='bbox 972 2318 1026 2368; x_wconf 90' lang='lat' dir='ltr'>Cur</span> <span class='ocrx_word' id='word_1_402' title='bbox 1041 2317 1184 2368; x_wconf 85' lang='lat' dir='ltr'>habitacu-</span> 
     </span>
     <span class='ocr_line' id='line_1_80' title="bbox 651 2388 1185 2456; baseline -0.004 -15"><span class='ocrx_word' id='word_1_403' title='bbox 651 2394 722 2455; x_wconf 85' lang='lat' dir='ltr'>lum,</span> <span class='ocrx_word' id='word_1_404' title='bbox 732 2391 808 2456; x_wconf 88' lang='lat' dir='ltr'>quod</span> <span class='ocrx_word' id='word_1_405' title='bbox 820 2391 848 2440; x_wconf 91' lang='lat' dir='ltr'>in</span> <span class='ocrx_word' id='word_1_406' title='bbox 863 2401 888 2440; x_wconf 89' lang='lat' dir='ltr'>te</span> <span class='ocrx_word' id='word_1_407' title='bbox 910 2403 1086 2448; x_wconf 80' lang='lat' dir='ltr'>sacraveram,</span> <span class='ocrx_word' id='word_1_408' title='bbox 1103 2388 1185 2439; x_wconf 84' lang='lat' dir='ltr'>luxu-</span> 
     </span>
     <span class='ocr_line' id='line_1_81' title="bbox 651 2458 1186 2526; baseline -0.007 -13"><span class='ocrx_word' id='word_1_409' title='bbox 651 2463 699 2513; x_wconf 82' lang='lat' dir='ltr'>riae</span> <span class='ocrx_word' id='word_1_410' title='bbox 714 2461 839 2513; x_wconf 89' lang='lat' dir='ltr'>sordibus</span> <span class='ocrx_word' id='word_1_411' title='bbox 854 2458 990 2526; x_wconf 78' lang='lat' dir='ltr'>polluisti?</span> <span class='ocrx_word' id='word_1_412' title='bbox 1012 2458 1067 2508; x_wconf 88' lang='lat' dir='ltr'>Cur</span> <span class='ocrx_word' id='word_1_413' title='bbox 1086 2472 1186 2522; x_wconf 87' lang='lat' dir='ltr'>corpus</span> 
     </span>
     <span class='ocr_line' id='line_1_82' title="bbox 651 2529 1188 2598; baseline -0.011 -14"><span class='ocrx_word' id='word_1_414' title='bbox 651 2535 704 2598; x_wconf 84' lang='lat' dir='ltr'>jam</span> <span class='ocrx_word' id='word_1_415' title='bbox 728 2547 831 2592; x_wconf 88' lang='lat' dir='ltr'>meum,</span> <span class='ocrx_word' id='word_1_416' title='bbox 853 2531 1040 2581; x_wconf 85' lang='lat' dir='ltr'>illecebrarum</span> <span class='ocrx_word' id='word_1_417' title='bbox 1066 2529 1188 2594; x_wconf 90' lang='lat' dir='ltr'>turpitu-</span> 
     </span>
     <span class='ocr_line' id='line_1_83' title="bbox 652 2601 1188 2669; baseline -0.007 -13"><span class='ocrx_word' id='word_1_418' title='bbox 652 2605 715 2656; x_wconf 91' lang='lat' dir='ltr'>dine</span> <span class='ocrx_word' id='word_1_419' title='bbox 734 2603 891 2655; x_wconf 77' lang='lat' dir='ltr'>maculasti?</span> <span class='ocrx_word' id='word_1_420' title='bbox 914 2602 969 2653; x_wconf 89' lang='lat' dir='ltr'>Cur</span> <span class='ocrx_word' id='word_1_421' title='bbox 989 2619 1044 2663; x_wconf 90' lang='lat' dir='ltr'>me,</span> <span class='ocrx_word' id='word_1_422' title='bbox 1065 2601 1188 2669; x_wconf 79' lang='lat' dir='ltr'>graviore</span> 
     </span>
     <span class='ocr_line' id='line_1_84' title="bbox 653 2673 1188 2741; baseline -0.009 -13"><span class='ocrx_word' id='word_1_423' title='bbox 653 2677 801 2728; x_wconf 88' lang='lat' dir='ltr'>criminum</span> <span class='ocrx_word' id='word_1_424' title='bbox 816 2687 927 2727; x_wconf 88' lang='lat' dir='ltr'>tuorum</span> <span class='ocrx_word' id='word_1_425' title='bbox 940 2691 1027 2735; x_wconf 88' lang='lat' dir='ltr'>cruce,</span> <span class='ocrx_word' id='word_1_426' title='bbox 1041 2689 1124 2741; x_wconf 90' lang='lat' dir='ltr'>quam</span> <span class='ocrx_word' id='word_1_427' title='bbox 1142 2673 1188 2724; x_wconf 82' lang='lat' dir='ltr'>illa</span> 
     </span>
     <span class='ocr_line' id='line_1_85' title="bbox 653 2742 1189 2814; baseline -0.009 -16"><span class='ocrx_word' id='word_1_428' title='bbox 653 2749 682 2798; x_wconf 85' lang='lat' dir='ltr'>in</span> <span class='ocrx_word' id='word_1_429' title='bbox 702 2764 758 2814; x_wconf 81' lang='lat' dir='ltr'>qua</span> <span class='ocrx_word' id='word_1_430' title='bbox 770 2747 909 2813; x_wconf 85' lang='lat' dir='ltr'>quondam</span> <span class='ocrx_word' id='word_1_431' title='bbox 924 2747 1112 2811; x_wconf 88' lang='lat' dir='ltr'>pependeram,</span> <span class='ocrx_word' id='word_1_432' title='bbox 1128 2742 1189 2794; x_wconf 77' lang='lat' dir='ltr'>affi-</span> 
     </span>
     <span class='ocr_line' id='line_1_86' title="bbox 653 2816 1188 2881; baseline -0.015 -11"><span class='ocrx_word' id='word_1_433' title='bbox 653 2819 733 2870; x_wconf 83' lang='lat' dir='ltr'>xisti?</span> <span class='ocrx_word' id='word_1_434' title='bbox 752 2818 866 2870; x_wconf 84' lang='lat' dir='ltr'>Gravior</span> <span class='ocrx_word' id='word_1_435' title='bbox 880 2817 953 2867; x_wconf 89' lang='lat' dir='ltr'>enim</span> <span class='ocrx_word' id='word_1_436' title='bbox 973 2816 1044 2881; x_wconf 87' lang='lat' dir='ltr'>apud</span> <span class='ocrx_word' id='word_1_437' title='bbox 1061 2830 1105 2865; x_wconf 90' lang='lat' dir='ltr'>me</span> <span class='ocrx_word' id='word_1_438' title='bbox 1124 2828 1188 2878; x_wconf 84' lang='lat' dir='ltr'>pec-</span> 
     </span>
     <span class='ocr_line' id='line_1_87' title="bbox 653 2887 1189 2954; baseline -0.015 -11"><span class='ocrx_word' id='word_1_439' title='bbox 653 2903 774 2943; x_wconf 87' lang='lat' dir='ltr'>catorum</span> <span class='ocrx_word' id='word_1_440' title='bbox 795 2901 906 2941; x_wconf 90' lang='lat' dir='ltr'>tuorum</span> <span class='ocrx_word' id='word_1_441' title='bbox 927 2904 993 2954; x_wconf 81' lang='lat' dir='ltr'>crux</span> <span class='ocrx_word' id='word_1_442' title='bbox 1012 2898 1062 2946; x_wconf 90' lang='lat' dir='ltr'>est,</span> <span class='ocrx_word' id='word_1_443' title='bbox 1083 2887 1112 2936; x_wconf 89' lang='lat' dir='ltr'>in</span> <span class='ocrx_word' id='word_1_444' title='bbox 1135 2900 1189 2951; x_wconf 84' lang='lat' dir='ltr'>qua</span> 
     </span>
     <span class='ocr_line' id='line_1_88' title="bbox 653 2955 1190 3027; baseline -0.011 -14"><span class='ocrx_word' id='word_1_445' title='bbox 653 2963 761 3014; x_wconf 83' lang='lat' dir='ltr'>vinctus</span> <span class='ocrx_word' id='word_1_446' title='bbox 780 2961 892 3027; x_wconf 90' lang='lat' dir='ltr'>pendeo,</span> <span class='ocrx_word' id='word_1_447' title='bbox 914 2973 998 3023; x_wconf 88' lang='lat' dir='ltr'>quam</span> <span class='ocrx_word' id='word_1_448' title='bbox 1019 2957 1065 3007; x_wconf 85' lang='lat' dir='ltr'>illa</span> <span class='ocrx_word' id='word_1_449' title='bbox 1087 2955 1116 3007; x_wconf 86' lang='lat' dir='ltr'>in</span> <span class='ocrx_word' id='word_1_450' title='bbox 1135 2969 1190 3022; x_wconf 77' lang='lat' dir='ltr'>qut</span> 
     </span>
     <span class='ocr_line' id='line_1_89' title="bbox 654 3025 1189 3084; baseline -0.015 -1"><span class='ocrx_word' id='word_1_451' title='bbox 654 3034 694 3084; x_wconf 89' lang='lat' dir='ltr'>tui</span> <span class='ocrx_word' id='word_1_452' title='bbox 710 3033 842 3083; x_wconf 85' lang='lat' dir='ltr'>misertus</span> <span class='ocrx_word' id='word_1_453' title='bbox 852 3039 968 3080; x_wconf 88' lang='lat' dir='ltr'>mortem</span> <span class='ocrx_word' id='word_1_454' title='bbox 988 3037 1063 3078; x_wconf 89' lang='lat' dir='ltr'>tuam</span> <span class='ocrx_word' id='word_1_455' title='bbox 1079 3025 1189 3077; x_wconf 83' lang='lat' dir='ltr'>occisu-</span> 
     </span>
     <span class='ocr_line' id='line_1_90' title="bbox 655 3096 1241 3162; baseline -0.015 -8"><span class='ocrx_word' id='word_1_456' title='bbox 655 3120 701 3154; x_wconf 88' lang='lat' dir='ltr'>rus</span> <span class='ocrx_word' id='word_1_457' title='bbox 722 3102 838 3153; x_wconf 88' lang='lat' dir='ltr'>ascendi.</span> <span class='ocrx_word' id='word_1_458' title='bbox 858 3100 928 3151; x_wconf 86' lang='lat' dir='ltr'>Cum</span> <span class='ocrx_word' id='word_1_459' title='bbox 948 3114 1035 3150; x_wconf 87' lang='lat' dir='ltr'>essem</span> <span class='ocrx_word' id='word_1_460' title='bbox 1059 3096 1189 3162; x_wconf 86' lang='lat' dir='ltr'>impassi-</span> <span class='ocrx_word' id='word_1_461' title='bbox 1240 3131 1241 3135; x_wconf 65' lang='lat'>,</span> 
     </span>
     <span class='ocr_line' id='line_1_91' title="bbox 656 3169 1189 3240; baseline -0.009 -14"><span class='ocrx_word' id='word_1_462' title='bbox 656 3176 728 3235; x_wconf 88' lang='lat' dir='ltr'>bilis,</span> <span class='ocrx_word' id='word_1_463' title='bbox 744 3190 794 3240; x_wconf 90' lang='lat' dir='ltr'>pro</span> <span class='ocrx_word' id='word_1_464' title='bbox 806 3184 833 3223; x_wconf 91' lang='lat' dir='ltr'>te</span> <span class='ocrx_word' id='word_1_465' title='bbox 846 3171 901 3238; x_wconf 89' lang='lat' dir='ltr'>pati</span> <span class='ocrx_word' id='word_1_466' title='bbox 912 3171 1039 3237; x_wconf 84' lang='lat' dir='ltr'>dignatus</span> <span class='ocrx_word' id='word_1_467' title='bbox 1053 3185 1125 3220; x_wconf 89' lang='lat' dir='ltr'>sum.</span> <span class='ocrx_word' id='word_1_468' title='bbox 1137 3169 1189 3221; x_wconf 88' lang='lat' dir='ltr'>Sed</span> 
     </span>
     <span class='ocr_line' id='line_1_92' title="bbox 655 3241 1189 3311; baseline -0.011 -13"><span class='ocrx_word' id='word_1_469' title='bbox 655 3258 685 3298; x_wconf 86' lang='lat' dir='ltr'>tu</span> <span class='ocrx_word' id='word_1_470' title='bbox 699 3245 844 3311; x_wconf 85' lang='lat' dir='ltr'>despexisti</span> <span class='ocrx_word' id='word_1_471' title='bbox 867 3244 899 3294; x_wconf 89' lang='lat' dir='ltr'>in</span> <span class='ocrx_word' id='word_1_472' title='bbox 919 3243 1030 3294; x_wconf 91' lang='lat' dir='ltr'>homine</span> <span class='ocrx_word' id='word_1_473' title='bbox 1049 3243 1146 3303; x_wconf 88' lang='lat' dir='ltr'>Deum,</span> <span class='ocrx_word' id='word_1_474' title='bbox 1159 3241 1189 3292; x_wconf 83' lang='lat' dir='ltr'>in</span> 
     </span>
     <span class='ocr_line' id='line_1_93' title="bbox 656 3313 1190 3378; baseline -0.015 -7"><span class='ocrx_word' id='word_1_475' title='bbox 656 3320 759 3371; x_wconf 89' lang='lat' dir='ltr'>inferno</span> <span class='ocrx_word' id='word_1_476' title='bbox 774 3319 898 3378; x_wconf 82' lang='lat' dir='ltr'>salutern,</span> <span class='ocrx_word' id='word_1_477' title='bbox 915 3317 943 3366; x_wconf 89' lang='lat' dir='ltr'>in</span> <span class='ocrx_word' id='word_1_478' title='bbox 956 3315 998 3367; x_wconf 88' lang='lat' dir='ltr'>via</span> <span class='ocrx_word' id='word_1_479' title='bbox 1013 3315 1142 3377; x_wconf 90' lang='lat' dir='ltr'>reditum,</span> <span class='ocrx_word' id='word_1_480' title='bbox 1160 3313 1190 3364; x_wconf 89' lang='lat' dir='ltr'>in</span> 
     </span>
     <span class='ocr_line' id='line_1_94' title="bbox 654 3389 1190 3453; baseline -0.015 -6"><span class='ocrx_word' id='word_1_481' title='bbox 654 3395 748 3448; x_wconf 85' lang='lat' dir='ltr'>iudice</span> <span class='ocrx_word' id='word_1_482' title='bbox 766 3392 885 3453; x_wconf 83' lang='lat' dir='ltr'>veniam,</span> <span class='ocrx_word' id='word_1_483' title='bbox 903 3391 931 3442; x_wconf 91' lang='lat' dir='ltr'>in</span> <span class='ocrx_word' id='word_1_484' title='bbox 954 3406 1031 3442; x_wconf 89' lang='lat' dir='ltr'>cruce</span> <span class='ocrx_word' id='word_1_485' title='bbox 1051 3390 1148 3451; x_wconf 84' lang='lat' dir='ltr'>vitam,</span> <span class='ocrx_word' id='word_1_486' title='bbox 1162 3389 1190 3440; x_wconf 87' lang='lat' dir='ltr'>in</span> 
     </span>
     <span class='ocr_line' id='line_1_95' title="bbox 655 3463 1193 3536; baseline -0.013 -16"><span class='ocrx_word' id='word_1_487' title='bbox 655 3467 798 3536; x_wconf 89' lang='lat' dir='ltr'>suppliciis</span> <span class='ocrx_word' id='word_1_488' title='bbox 812 3465 984 3517; x_wconf 88' lang='lat' dir='ltr'>medicinam.</span> <span class='ocrx_word' id='word_1_489' title='bbox 1000 3464 1036 3514; x_wconf 87' lang='lat' dir='ltr'>Et</span> <span class='ocrx_word' id='word_1_490' title='bbox 1048 3463 1113 3529; x_wconf 90' lang='lat' dir='ltr'>quia</span> <span class='ocrx_word' id='word_1_491' title='bbox 1132 3472 1193 3530; x_wconf 88' lang='lat' dir='ltr'>post</span> 
     </span>
     <span class='ocr_line' id='line_1_96' title="bbox 656 3535 1193 3593; baseline -0.011 -1"><span class='ocrx_word' id='word_1_492' title='bbox 656 3540 749 3593; x_wconf 87' lang='lat' dir='ltr'>omnia</span> <span class='ocrx_word' id='word_1_493' title='bbox 774 3539 844 3589; x_wconf 86' lang='lat' dir='ltr'>mala</span> <span class='ocrx_word' id='word_1_494' title='bbox 869 3547 915 3587; x_wconf 82' lang='lat' dir='ltr'>ma</span> <span class='ocrx_word' id='word_1_495' title='bbox 938 3537 971 3586; x_wconf 90' lang='lat' dir='ltr'>ad</span> <span class='ocrx_word' id='word_1_496' title='bbox 997 3535 1193 3586; x_wconf 80' lang='lat' dir='ltr'>medicamenta</span> 
     </span>
     <span class='ocr_line' id='line_1_97' title="bbox 655 3604 1193 3680; baseline -0.011 -19"><span class='ocrx_word' id='word_1_497' title='bbox 655 3609 822 3680; x_wconf 61' lang='lat' dir='ltr'>poenitentia</span> <span class='ocrx_word' id='word_1_498' title='bbox 844 3607 989 3672; x_wconf 85' lang='lat' dir='ltr'>confugere</span> <span class='ocrx_word' id='word_1_499' title='bbox 1014 3606 1144 3665; x_wconf 82' lang='lat' dir='ltr'>noluisti,</span> <span class='ocrx_word' id='word_1_500' title='bbox 1159 3604 1193 3655; x_wconf 81' lang='lat' dir='ltr'>ab</span> 
     </span>
     <span class='ocr_line' id='line_1_98' title="bbox 656 3676 1192 3733; baseline -0.015 0"><span class='ocrx_word' id='word_1_501' title='bbox 656 3682 751 3733; x_wconf 87' lang='lat' dir='ltr'>auditu</span> <span class='ocrx_word' id='word_1_502' title='bbox 772 3680 844 3730; x_wconf 88' lang='lat' dir='ltr'>malo</span> <span class='ocrx_word' id='word_1_503' title='bbox 860 3693 915 3728; x_wconf 89' lang='lat' dir='ltr'>non</span> <span class='ocrx_word' id='word_1_504' title='bbox 930 3677 1076 3728; x_wconf 84' lang='lat' dir='ltr'>mereberis</span> <span class='ocrx_word' id='word_1_505' title='bbox 1092 3676 1192 3727; x_wconf 72' lang='lat' dir='ltr'>libera-</span> 
     </span>
     <span class='ocr_line' id='line_1_99' title="bbox 658 3749 1005 3817; baseline -0.017 -12"><span class='ocrx_word' id='word_1_506' title='bbox 658 3755 702 3805; x_wconf 88' lang='lat' dir='ltr'>ri:</span> <span class='ocrx_word' id='word_1_507' title='bbox 717 3772 732 3800; x_wconf 77' lang='lat' dir='ltr'>n</span> <span class='ocrx_word' id='word_1_508' title='bbox 748 3753 808 3802; x_wconf 85' lang='lat' dir='ltr'>hrec</span> <span class='ocrx_word' id='word_1_509' title='bbox 819 3749 1005 3817; x_wconf 77' lang='lat' dir='ltr'>Augustinus.</span> 
     </span>
    </p>

    <p class='ocr_par' dir='ltr' id='par_1_8' title="bbox 694 3825 1194 3876">
     <span class='ocr_line' id='line_1_100' title="bbox 694 3825 1194 3876; baseline -0.018 0"><span class='ocrx_word' id='word_1_510' title='bbox 694 3840 725 3876; x_wconf 87' lang='lat' dir='ltr'>ro</span> <span class='ocrx_word' id='word_1_511' title='bbox 741 3825 811 3876; x_wconf 76' lang='lat' dir='ltr'>lours</span> <span class='ocrx_word' id='word_1_512' title='bbox 831 3836 955 3873; x_wconf 83' lang='lat' dir='ltr'>rumcruu</span> <span class='ocrx_word' id='word_1_513' title='bbox 976 3835 1134 3873; x_wconf 70' lang='lat' dir='ltr'>anaemaris</span> <span class='ocrx_word' id='word_1_514' title='bbox 1153 3833 1194 3868; x_wconf 86' lang='lat'>11.-</span> 
     </span>
    </p>
   </div>
   <div class='ocr_carea' id='block_1_8' title="bbox 0 0 1332 4328">
    <p class='ocr_par' dir='ltr' id='par_1_9' title="bbox 0 0 1332 4328">
     <span class='ocr_line' id='line_1_101' title="bbox 0 0 1332 4328; baseline 0 0"><span class='ocrx_word' id='word_1_515' title='bbox 0 0 1332 4328; x_wconf 95' lang='lat' dir='ltr'> </span> 
     </span>
    </p>
   </div>
  </div>
 </body>
</html>
