2626 4328
226 259 273 309 nn
290 259 402 313 ritmo
419 260 688 326 conrirronm,
705 263 741 313 ni
758 262 929 316 tassionis
943 266 1079 316 nomm.
1155 265 1208 331 με
1236 255 1239 261 ’

93 376 298 442 ωροωὼιὴη
319 386 346 427 et
369 387 478 442 propter
495 376 573 436 abne,
588 391 622 426 ne

93 446 143 497 leco
155 445 263 498 Christi
280 458 406 512 raperent
422 447 551 498 iambum
567 446 622 496 mi·

92 531 191 576 nmen,
200 517 252 583 qui
264 517 294 569 in
306 517 373 568 laria
386 518 495 568 Christo
511 515 622 568 similli-

92 601 147 640 mis
158 598 231 646 eret,
249 599 358 654 propter
381 589 454 654 quod
473 586 624 653 specialiter

91 656 165 713 ittet
184 658 299 710 Domini
326 659 484 722 diremtum
508 668 535 709 et
556 657 623 724 quir

91 732 197 784 timebat
209 749 246 784 ne
266 749 296 783 sn
311 733 520 798 tranformet,
538 743 568 784 et
588 734 624 785 de

92 805 216 856 nauibus
242 822 337 856 eorum
365 808 525 866 elaberetur,
556 806 623 873 quia

91 876 186 940 pbuies
196 878 325 927 detentus
335 877 369 926 ab
377 877 446 943 ipsis
456 877 621 942 pertransiit,

92 949 269 999 nesdmtibus
291 948 346 1011 eis3
372 959 399 999 et
421 949 482 999 ideo
504 948 622 999 enudari

92 1033 146 1069 etun
157 1020 256 1078 voluit,
274 1029 305 1068 ut
318 1019 505 1070 inosculando
514 1028 622 1070 tenere-

94 1099 130 1139 tur
141 1105 180 1141 ne
187 1090 323 1140 erederet.

122 1158 153 1212 15
165 1161 309 1213 Cuntnrus
329 1175 439 1211 onurans
459 1177 506 1211 ros
523 1177 624 1212 nrm·

96 1247 189 1291 moer,
212 1248 246 1281 rr
261 1247 310 1281 rrsi
331 1247 485 1282 rrrnonsutr
508 1249 535 1283 nt
556 1248 623 1282 rm-

96 1321 142 1355 nu
152 1320 268 1355 centmr.
279 1332 308 1344 -
322 1306 430 1356 Etcum
443 1307 579 1356 venissent
591 1306 624 1356 nd

96 1376 211 1435 bortum
229 1386 296 1427 tunc
319 1377 400 1427 Jesus
422 1377 510 1427 scitur
535 1376 624 1427 omma

96 1461 157 1510 qm,
171 1463 209 1499 -er
230 1447 411 1512 dispositione
434 1447 536 1507 divina,
559 1461 624 1498 m-

97 1519 624 1582 wammtsupereuneprocertit,ulnn

97 1587 120 1637 in
133 1589 418 1648 ooeununnillorutn,
432 1589 503 1640 sicut
517 1600 624 1656 parante

96 1660 122 1708 ad
134 1661 302 1710 Passionem.
318 1661 356 1710 Ex
367 1677 422 1725 quo
438 1671 517 1726 patet,
532 1663 625 1712 volun·

95 1729 226 1781 mireum
239 1742 348 1795 captum
363 1729 446 1781 fuisse
460 1741 487 1781 et
499 1746 623 1795 persuum

96 1801 216 1868 duipuli
229 1818 343 1869 ¹quoque
362 1804 544 1868 sequebantur
562 1818 624 1853 enm

96 1873 225 1938 timentes,
244 1877 291 1926 ted
312 1875 368 1940 ipse
389 1875 557 1926 confortabat
576 1891 625 1926 eos

96 1961 123 1998 ne
152 1947 291 1998 timerent.
330 1948 408 1998 Unde
440 1947 583 1999 Aurelium
613 1964 625 1998 r

95 2017 207 2077 «Quam
223 2029 375 2083 promptus,
390 2019 458 2068 bone
477 2019 551 2078 lesu,
562 2018 625 2083 spi-

95 2088 158 2139 ritus
172 2090 282 2139 eiusad
297 2089 453 2140 Passionem
467 2087 558 2148 fuerit,
574 2089 625 2139 eui

94 2161 184 2212 ieet&
197 2161 352 2219 ostendisti,
368 2161 476 2226 qnando
490 2160 626 2211 venienti-

96 2233 144 2283 bus
158 2248 218 2283 una
238 2250 300 2284 eum
330 2234 467 2298 proditore
491 2243 539 2283 tuo
560 2232 626 2283 viria

95 2306 267 2372 mgmnum,
279 2317 307 2356 et
315 2305 626 2372 quaerentibusanimam

96 2388 166 2426 turm
183 2391 245 2427 cum
267 2376 391 2437 laternis,
417 2382 443 2426 et
463 2377 584 2442 facibus,
600 2381 627 2426 et

96 2448 242 2514 memet
255 2461 360 2498 noctem
371 2449 442 2498 ultro
450 2447 600 2498 occurristi.
611 2467 625 2494 n

96 2519 132 2568 Fu
145 2518 225 2568 dixit
243 2519 322 2569 lesus
331 2517 545 2577 occurrentibus,
556 2517 626 2567 offe-

96 2603 153 2639 rar
167 2604 198 2639 se
212 2589 364 2639 iultmmrie
376 2589 437 2638 eia:
453 2588 536 2648 Quem
548 2602 626 2653 quae·

96 2659 179 2711 tetis?
187 2661 253 2710 Non
276 2660 435 2723 interrogat,
449 2659 528 2724 quasi
549 2659 626 2724 igna-

97 2745 140 2780 rus
165 2731 315 2781 voluntatis
340 2744 453 2792 eorum;
478 2730 524 2779 sed
557 2728 627 2778 mori

97 2811 200 2864 prauis
222 2802 387 2864 interroget,
406 2810 437 2850 ut
460 2800 545 2850 sciant
568 2814 627 2850 esse

99 2885 156 2921 erm
171 2887 256 2937 quem
275 2873 442 2936 querebant.
468 2871 627 2935 Rerpmtde-

100 2946 195 2995 nutui
214 2963 223 2994 r
242 2945 335 2994 lasum
352 2945 541 3008 Nazarenum.
564 2943 627 2992 Non

101 3025 150 3065 tret
169 3015 332 3080 quarendus
348 3015 381 3062 ad
403 3024 529 3071 mortem,
543 3027 627 3078 quem

102 3085 256 3148 profiteatur
277 3100 337 3133 esse
356 3084 451 3133 salutis
472 3094 626 3147 auctorem

103 3166 208 3206 necent
220 3155 432 3220 persequendus,
442 3168 524 3218 quem
535 3153 628 3203 dicunt

103 3227 262 3279 eseessurem
287 3228 446 3276 bonoris'et
469 3227 627 3277 honestatis.

104 3300 180 3352 mxu
193 3301 234 3351 eis
247 3302 340 3361 detur,
356 3299 533 3364 semetipsum
548 3298 630 3348 mani-

103 3369 198 3421 festus
210 3382 236 3420 et
249 3370 363 3420 offerens
377 3387 386 3419 z
400 3371 466 3434 Ego
484 3385 550 3430 suin,
574 3369 630 3418 sci·

104 3437 157 3490 linet
168 3456 254 3506 quem
266 3440 398 3504 queritis.
414 3440 496 3499 Quasi
509 3439 608 3488 diceret
621 3455 628 3487 :

104 3508 170 3568 Quid
194 3526 243 3576 pro
267 3510 344 3574 signo
369 3509 476 3558 sumitis
504 3509 628 3559 osculum

104 3580 241 3641 proditoris
249 3580 342 3639 tQuid
352 3579 431 3644 quasi
443 3580 570 3629 latentem
587 3595 630 3628 me

105 3653 220 3716 quentis
241 3668 303 3703 tum
326 3651 429 3701 facibus
452 3661 477 3700 et
498 3651 631 3702 laternis<

108 3722 164 3788 Ego
184 3739 254 3775 mm.
276 3726 337 3774 Non
355 3739 385 3773 se
404 3723 557 3782 occultavit,
582 3738 630 3772 nec

108 3807 133 3843 se
146 3796 303 3857 &nundin
315 3797 364 3844 sed
380 3796 467 3860 magis
481 3794 630 3859 quaerenti-

108 3866 152 3917 bus
162 3869 270 3919 obviam
280 3867 340 3928 fuit,
357 3879 384 3918 et
395 3884 424 3917 se
439 3867 565 3916 ostendit.
577 3867 629 3917 Ubi

678 377 891 446 Clryrostomur
904 396 913 430 :
928 398 945 428 a
962 381 1035 430 Fecit
1048 390 1140 432 autem
1154 381 1210 432 boc

676 448 763 508 lesus,
778 451 921 500 ostendens
936 451 1068 517 quoniam
1089 466 1145 503 non
1160 467 1208 502 se·

676 517 732 567 lum
746 520 973 585 comprehendere
992 535 1055 570 eum
1070 536 1126 570 non
1138 536 1208 586 pos-

676 601 748 654 sent;
765 591 810 641 sed
823 607 874 642 nec
887 593 977 644 ridete
990 593 1020 642 in
1039 594 1127 643 medio
1147 594 1208 644 exi—

676 671 801 721 stentem,
811 662 864 712 nisi
875 663 932 729 ipse
944 664 1098 714 conoederet
1109 680 1115 712 z
1125 683 1140 712 u
1153 665 1210 715 brec

676 731 896 798 chrysostomus.
911 733 1017 784 Virtute
1033 733 1104 783 enim
1120 733 1210 784 divine

676 802 837 863 factumest,
850 814 880 853 ut
893 805 1032 855 venientes
1044 806 1076 855 ad
1096 805 1207 871 capien-

670 873 740 922 'dum
750 888 822 932 eum,
835 874 924 938 primo
934 891 989 924 non
1003 883 1206 940 cognoscerent,

675 944 756 993 etiam
778 959 844 994 suus
865 944 1017 1010 discipulus
1032 945 1080 1010 qui
1102 953 1211 996 venem

675 1015 708 1064 ad
734 1015 903 1074 tradendum,
924 1016 1001 1081 quod
1023 1015 1145 1066 mnrnime
1167 1023 1210 1066 est

676 1084 803 1148 potentiss
818 1085 879 1149 ejus
905 1085 1088 1148 ostensivum
1108 1095 1142 1135 ut
1162 1099 1211 1151 per

677 1160 728 1209 hoc
745 1161 863 1209 secundo
883 1160 1163 1225 ostenderetur'quod
1177 1159 1210 1210 de

676 1233 812 1283 voluntate
825 1247 873 1281 sua
885 1241 1029 1296 caperetur,
1041 1231 1105 1298 quia
1116 1231 1211 1297 incog-

676 1307 748 1356 nitus
770 1306 804 1355 rb
829 1306 869 1355 eis
895 1306 1016 1354 recedere
1043 1315 1162 1370 poterat,
1185 1304 1210 1355 si

676 1379 814 1429 voluisset.
834 1379 885 1428 Sed
903 1388 932 1427 et
952 1376 1121 1427 manifestius
1141 1385 1212 1442 patet

678 1465 725 1515 per
739 1450 790 1498 hoc
802 1449 876 1514 quod
891 1449 1025 1508 subditur,
1040 1447 1105 1513 quia
1117 1446 1210 1497 audito

677 1520 759 1570 verbo
779 1519 888 1569 virtutis
908 1530 936 1570 et
958 1518 1118 1578 divinitatis,
1138 1517 1212 1584 quod

678 1601 718 1640 est
731 1590 755 1640 ei
772 1604 834 1640 cum
851 1590 929 1639 Patre
946 1598 973 1638 et
986 1588 1089 1654 Spiritu
1112 1589 1210 1638 Sancto
1297 1633 1302 1639 .

678 1676 829 1718 commune,
852 1675 869 1710 a
890 1675 955 1710 voce
983 1659 1096 1710 tonitrui
1128 1660 1212 1725 hujus

678 1731 861 1791 formidantes,
891 1731 1016 1782 abierunt
1046 1738 1207 1795 retrorsum,

678 1810 704 1854 a
730 1805 883 1855 ceciderunt
905 1804 932 1853 in
955 1811 1057 1854 terram
1079 1801 1212 1869 resupini,

678 1883 733 1923 tam
747 1872 829 1923 iudas
843 1888 925 1939 quam
942 1873 999 1931 alii,
1014 1873 1134 1938 potentia
1146 1871 1215 1922 divi·
1304 1898 1308 1906 ·

680 1943 771 1994 nitatis
797 1943 884 2009 ipsius
908 1943 1021 2009 dejecti:
1038 1943 1074 1993 ita
1094 1952 1151 1993 erat
1169 1942 1210 1992 eis

679 2014 850 2079 importabile
871 2016 943 2079 quod
967 2015 1123 2076 dicebatur3
1148 2012 1213 2063 item

678 2084 789 2144 ideo,ut
808 2084 888 2133 etiam
910 2094 1043 2148 quantum
1062 2083 1091 2132 in
1113 2098 1144 2133 se
1160 2092 1211 2143 est,

678 2157 751 2207 daret
760 2157 860 2208 iudaeis
871 2157 1011 2207 materiam
1017 2154 1211 2216 conversionis,

678 2231 737 2280 riso
762 2228 892 2296 potentiae
922 2243 979 2278 suoe
1005 2228 1159 2291 miraculo;
1187 2237 1213 2277 et

679 2303 740 2352 ideo
761 2317 824 2352 cum
846 2302 940 2351 statim
968 2301 1002 2350 ad
1028 2299 1212 2350 ostensionem

679 2388 735 2423 snae
745 2373 874 2438 potentiae
888 2372 1010 2422 conversi
1024 2386 1079 2420 non
1093 2371 1211 2429 fuerunt,

680 2443 773 2494 seeis
799 2443 959 2507 capiendum
988 2451 1081 2507 sponte
1105 2440 1212 2491 obtulit.

681 2516 841 2566 Ceciderunt
853 2521 1012 2577 reburrum,
1033 2524 1059 2564 et
1081 2513 1212 2580 resupim,

680 2590 749 2640 sicut
760 2590 858 2639 cedunt
872 2589 958 2655 iniqui
969 2605 976 2652 3
994 2605 1050 2640 non
1065 2600 1129 2640 ante
1139 2598 1168 2639 et
1180 2589 1213 2639 in

679 2663 784 2721 fecimn,
803 2663 874 2712 sieut
886 2662 1057 2727 caduntjusti
1072 2677 1080 2710 τ
1096 2662 1142 2728 qui
1161 2676 1214 2713 au·

679 2746 734 2786 tem
750 2745 812 2786 ante
822 2751 852 2785 se
866 2736 945 2794 cadit,
958 2736 1032 2785 videt
1045 2750 1099 2800 quo
1116 2734 1207 2797 cadat;

681 2808 728 2873 qui
754 2817 842 2856 autem
864 2817 935 2856 retro
958 2806 1036 2867 cadit,
1064 2821 1117 2855 non
1144 2804 1215 2855 videt

681 2878 723 2928 sui
749 2893 826 2927 rasus
853 2876 1013 2942 periculum.
1033 2874 1122 2940 iniqui
1147 2887 1213 2940 ergo

681 2957 753 2998 retro
771 2948 881 3006 cedunt,
896 2946 960 3011 quia
979 2962 1033 2995 non
1058 2945 1152 3005 rident
1172 2941 1215 2993 sui

681 3033 757 3069 casus
769 3018 916 3076 miseriam,
934 3026 963 3066 et
976 3031 1031 3081 quo
1049 3030 1095 3064 eos
1114 3022 1216 3080 sequa-

681 3099 740 3152 tur3
761 3089 823 3152 iusti
838 3103 902 3137 vero
917 3086 965 3151 qui
980 3086 1007 3135 in
1025 3085 1085 3134 istis
1096 3084 1215 3135 visibili·

682 3160 732 3209 bus
746 3158 905 3222 semetipsos
922 3166 1018 3223 sponte
1034 3155 1173 3219 dejiciunt,
1186 3165 1217 3204 ut

683 3229 712 3278 in
740 3227 926 3277 invisibilibus
949 3227 1097 3292 erigantur,
1122 3226 1150 3275 in
1173 3225 1216 3275 la-

682 3302 750 3352 ciem
764 3315 851 3357 suam,
866 3309 892 3348 et
904 3299 1067 3349 antecedere
1079 3299 1216 3358 dicuntur,

683 3372 747 3437 quia
759 3385 853 3419 casum
872 3369 1011 3427 videnter
1024 3368 1124 3418 timore
1138 3382 1217 3418 com-

683 3441 774 3508 puncti
787 3440 974 3490 humiliantur.
990 3440 1061 3490 Hinc
1077 3455 1142 3506 ergo
1156 3453 1219 3505 pen·

684 3513 799 3563 sendum
823 3522 872 3570 est,
887 3526 969 3576 quam
983 3524 1077 3575 aspera
1097 3510 1148 3560 erit
1167 3524 1218 3560 uox

669 3585 755 3644 irati,
770 3585 849 3648 cujus
873 3585 953 3633 rerba
974 3583 1066 3632 dulcia.
1085 3582 1139 3647 pati
1164 3596 1218 3631 non

685 3663 843 3722 potuerunt3
856 3653 907 3702 boc
920 3662 1008 3702 nutem
1021 3651 1175 3702 factumest
1186 3664 1218 3701 ex

685 3725 776 3775 divina
791 3723 968 3779 ordinatione,
983 3732 1013 3770 ut
1027 3736 1075 3786 per
1093 3722 1145 3770 hoc
1167 3720 1218 3770 de-

685 3795 828 3844 clararetur
857 3792 942 3841 virtus
971 3806 1026 3840 sure
1055 3789 1215 3840 divinitatis.

688 3867 763 3915 Unde
793 3865 964 3928 Augustinus
984 3863 1135 3911 exclamans
1164 3859 1222 3911 aitt
