2626 4328
377 239 486 288 INDEX
504 238 704 289 GENERALIS
719 239 856 291 RERUM.

20 350 24 356 ⁵
60 360 99 410 De
113 374 246 424 purpurea
256 367 328 408 veste
337 367 362 406 et
379 356 519 422 chlamyde
532 371 595 406 coc-

91 431 168 480 cinea
183 446 197 480 a
212 430 321 479 Christo
335 428 436 476 induta.
486 427 529 489 Ν,
544 425 595 493 539

61 501 135 560 Quid
164 501 220 550 haec
249 500 331 550 vestis
350 498 446 564 signet.
480 480 594 564 1V.l39

61 571 187 621 Christus
203 571 232 620 in
248 569 375 619 Passione
392 584 439 618 sua
457 568 595 634 quomodo

93 641 188 692 habuit
208 641 300 690 omnia
323 640 480 690 indumenta
503 638 595 688 Ponti-

93 711 187 762 ficalia.
482 710 525 771 Ν,
541 708 591 778 525

62 784 102 833 De
116 783 209 848 spinea
225 797 322 832 corona
333 781 412 847 capiti
425 780 526 831 Christi
540 778 592 828 im-

96 852 190 918 posita.
224 877 227 884 ·
480 851 524 909 Ν,
541 848 592 913 540

64 924 103 974 Ex
119 924 168 974 hac
182 922 354 973 coronatione
363 922 435 973 varia
449 923 594 972 documen-

95 1003 129 1043 ta.
478 993 522 1052 IV,
540 991 592 1056 540

63 1064 103 1114 De
115 1063 246 1113 arundine
259 1063 386 1114 manibus
402 1062 488 1127 ipsius
502 1062 594 1127 impo-

95 1136 154 1186 sita.
481 1137 526 1193 ΙΙΙ,
541 1134 589 1199 541

62 1210 102 1260 Ex
116 1210 167 1259 hoc
180 1219 284 1274 sceptro
297 1210 438 1259 arundinis
451 1208 595 1258 documen·

93 1291 151 1330 tum
168 1281 278 1330 morale.
483 1281 527 1340 ΙΙΙ,
542 1279 590 1344 541

63 1353 182 1412 Quinam
196 1354 336 1404 Christum
350 1353 484 1403 arundine
498 1368 595 1418 percu-

95 1424 171 1474 tiam.
481 1424 524 1487 IV,
542 1423 595 1488 544

63 1495 104 1544 De
118 1495 247 1545 illusione
261 1511 343 1561 quam
356 1509 451 1560 passus
466 1504 506 1544 est
519 1495 596 1544 Chri-

93 1577 154 1616 stus
167 1567 195 1615 in
206 1568 287 1615 domo
300 1566 388 1624 Pilati,
404 1575 471 1615 etex
484 1580 514 1615 ea
523 1565 595 1615 varia

96 1637 268 1687 documenta.
377 1636 421 1697 IV,
436 1634 486 1700 542
502 1645 528 1685 et
543 1634 596 1699 544

65 1707 256 1757 Coronationis
278 1716 304 1756 et
331 1705 468 1756 illusionis
492 1704 593 1755 Christi

96 1780 200 1846 figurae.
482 1781 525 1840 IV,
542 1779 595 1844 544

64 1855 104 1904 De
119 1855 258 1904 eductione
274 1853 375 1904 Christi
391 1853 462 1904 foras
478 1869 493 1903 a
511 1853 595 1902 Pilato

96 1926 222 1984 Praeside,
232 1938 257 1974 et
267 1924 418 1974 ostensione
426 1925 483 1988 ejus
496 1923 596 1989 populo

95 1995 173 2047 facta.
482 1997 526 2055 Ν,
543 1994 595 2060 546

64 2067 210 2127 Quomodo
226 2067 351 2117 Christus
365 2067 511 2116 adducatur
522 2079 596 2116 extra

94 2138 250 2202 praetorium
266 2137 298 2186 ad
318 2137 449 2201 judicium
465 2147 526 2187 ante
544 2137 596 2185 tri-

20 2243 24 2249 .
94 2208 175 2257 bunal
193 2207 324 2258 Praesidis.
482 2207 529 2266 IV,
544 2206 595 2256 550

62 2279 101 2330 Ex
126 2279 176 2329 hac
199 2280 361 2330 adductione
383 2278 483 2330 Christi
509 2279 595 2328 docu-

92 2359 183 2398 menta
199 2350 319 2400 moralia.
481 2349 524 2406 lv,
543 2347 594 2398 552

61 2420 102 2470 De
125 2418 220 2485 iniqua
235 2419 337 2471 Christi
356 2420 389 2470 ad
406 2434 513 2469 crucem
528 2434 596 2469 con-

92 2491 272 2541 demnatione.
481 2490 525 2550 Ν,
544 2489 594 2539 552

62 2563 102 2612 De
128 2574 247 2627 tempore
274 2562 457 2613 crucifixionis
483 2562 595 2621 Christi,

94 2635 205 2700 ejusque
214 2635 326 2684 ratione.
376 2636 419 2695 Ν,
434 2634 486 2685 550
501 2646 528 2684 et
543 2633 593 2685 563

64 2704 191 2755 Christus
203 2705 332 2769 spoliatur
341 2705 484 2771 chlamyde
495 2715 520 2754 et
530 2721 596 2770 pur-

97 2793 172 2843 pura.
257 2838 260 2845 Ι
395 2823 408 2857 .
484 2778 529 2836 Ν,
544 2777 596 2842 554

62 2847 102 2897 De
119 2847 281 2912 bajulatione
294 2847 380 2897 crucis
397 2862 412 2897 a
428 2847 537 2898 Christo
554 2846 595 2896 fa-

95 2928 147 2968 cta.
480 2919 524 2980 lV,
543 2917 596 2982 554

62 2988 102 3038 De
116 2987 210 3053 figuris
225 2988 305 3051 huius
317 2987 490 3053 baiulationls
504 2988 533 3037 in
547 2989 604 3052 Vey

94 3060 142 3110 teri
160 3060 342 3110 Testamento.
483 3061 526 3120 Ν,
543 3059 596 3124 554

62 3130 204 3181 Christum
220 3148 325 3182 crucem
340 3141 489 3197 portantem
502 3147 596 3198 seque·

96 3202 173 3251 batur
186 3201 283 3267 triplex
293 3202 381 3253 turba.
481 3203 525 3262 Ν,
542 3201 593 3252 555

62 3275 102 3325 De
124 3289 236 3325 occursu
258 3276 353 3326 Matris
374 3274 466 3325 Mariae
487 3275 595 3324 obviam

93 3345 215 3395 Christo.
483 3346 527 3405 IV,
543 3344 593 3411 575

64 3414 104 3464 De
119 3414 267 3464 mulierum
284 3429 397 3464 occursu
421 3414 531 3473 Christo
554 3413 566 3464 f
581 3443 596 3453 -

92 3495 142 3545 cta,
156 3485 225 3535 etde
238 3486 295 3549 ejus
307 3485 397 3536 verbis
418 3487 451 3536 ad
469 3487 597 3536 mulieres

93 3556 249 3608 Jerusalem.
485 3559 529 3617 Ν,
543 3557 596 3624 557

65 3631 105 3681 De
117 3629 229 3681 Simone
239 3630 366 3697 Cyrenaeo
383 3642 505 3696 portante
513 3631 596 3682 Chri-

96 3701 131 3751 sti
146 3717 261 3752 crucem.
484 3702 529 3762 Ν,
545 3700 596 3751 558

66 3772 141 3832 Quid
158 3771 292 3838 significet
311 3770 357 3822 hic
379 3771 476 3822 Simon
491 3781 517 3822 et
539 3772 596 3836 ejus

95 3844 155 3895 filii.
378 3846 422 3906 Ν,
437 3844 489 3912 559
504 3854 530 3896 et
543 3843 592 3896 561

1126 242 1178 308 875

651 355 690 423 Ex
713 355 874 419 bajulatione
899 357 985 408 crucis
1002 359 1102 409 Christi
1126 360 1181 410 duo

681 426 848 476 documenta.
1024 453 1025 456 ¹
1070 431 1113 491 Ν,
1129 429 1180 498 559

649 498 688 548 De
705 499 865 551 deductione
890 501 991 552 Christi
1023 503 1055 551 ad
1072 502 1182 553 crucifi-

680 570 798 634 gendum
824 571 853 620 in
874 572 1001 622 Calvariae
1024 574 1111 622 locum
1131 574 1182 624 tria

679 641 841 692 documenta
855 643 975 693 moralia.
1070 645 1114 705 Ν,
1129 644 1177 695 561
1257 693 1261 699 ,

648 712 771 763 Deloco
793 714 929 767 Passionis
956 716 1069 776 Christi,
1102 718 1180 768 scili·
1248 714 1249 719 ’

678 794 720 836 cet
758 789 790 837 de
833 798 927 838 monte
963 789 1092 839 Calvariae
1125 791 1181 840 sive

678 857 820 924 Golgotha.
1069 861 1111 919 Ν,
1130 860 1180 912 563

648 921 737 987 Qirare
749 928 875 979 Christus
891 929 1007 979 voluerit
1027 940 1102 981 extra
1115 946 1181 996 por-

679 1007 734 1047 tam
752 999 814 1063 pati.
870 1027 872 1032 ·
1068 1002 1112 1061 IV,
1129 1001 1181 1052 565

649 1069 743 1118 Mortis
756 1069 857 1120 Christi
871 1070 1010 1136 turpitudo
1030 1086 1062 1120 ex
1080 1073 1182 1136 multis,

679 1139 802 1190 videlicet
819 1157 826 1190 :
841 1156 873 1190 ex
888 1150 1018 1206 tempore,
1035 1143 1103 1201 loco,
1120 1159 1183 1192 mo-

679 1209 714 1258 do
729 1210 834 1268 mortis,
848 1221 897 1260 etc.
1065 1214 1110 1273 Ν,
1124 1212 1180 1282 ι563

648 1281 732 1331 Datur
751 1281 859 1332 Christo
869 1282 962 1331 vinum
972 1298 1035 1332 cum
1046 1281 1107 1334 felle
1117 1284 1184 1333 mix-

678 1361 748 1410 tum,
759 1352 832 1416 quod
843 1352 933 1401 bibere
941 1355 1067 1403 nonvult.
1076 1354 1120 1413 Ν,
1131 1351 1182 1403 565

648 1423 687 1473 De
701 1421 864 1487 spoliatione
875 1423 989 1473 vestium
1005 1435 1067 1473 ante
1081 1423 1184 1474 Christi

680 1492 893 1554 crucifixionem,
922 1505 949 1543 et
970 1495 1003 1544 de
1028 1494 1077 1544 hac
1098 1495 1184 1544 docu-

680 1573 780 1614 menta.
1070 1565 1114 1627 IV,
1131 1563 1182 1615 565

649 1635 688 1684 De
703 1633 803 1685 Christi
819 1634 975 1685 extensione
992 1635 1018 1685 in
1034 1651 1131 1695 cruce,
1158 1646 1184 1686 et

680 1707 772 1756 dehac
785 1707 956 1756 documenta.
1070 1709 1116 1767 Ν,
1130 1707 1182 1758 566

650 1780 738 1840 Quare
760 1791 874 1830 mortem
893 1780 981 1829 crucis
1003 1780 1088 1845 elegit
1102 1780 1184 1830 Chri-

680 1862 747 1900 stus.
827 1850 949 1914 lll‚1245;
963 1850 1006 1907 Ν,
1023 1849 1075 1915 567
1088 1860 1114 1900 et
1130 1850 1182 1917 569

650 1922 740 1983 Quare
750 1921 779 1970 in
789 1921 879 1970 medio
891 1935 950 1970 aere
958 1921 1084 1985 suspendi
1097 1921 1185 1971 voluit

681 1994 816 2046 Christus.
912 1994 955 2052 111,
968 1993 1018 2058 245
1034 2005 1060 2043 et
1072 1993 1117 2052 Ν,
1131 1991 1183 2044 568

649 2066 688 2116 De
702 2066 781 2115 titulo
796 2065 893 2127 crucis,
912 2065 1024 2130 ejusque
1042 2065 1182 2130 significa-

681 2137 755 2187 tione
777 2146 803 2186 et
833 2135 1029 2185 convenientia.
1066 2136 1111 2195 Ν,
1128 2135 1180 2201 570

651 2210 688 2259 Ex
714 2209 765 2258 hoc
788 2209 991 2258 documentum.
1064 2208 1110 2270 Ν,
1128 2207 1179 2273 572

649 2282 689 2331 De
703 2281 854 2330 latronibus
868 2296 930 2329 cum
952 2279 1061 2330 Christo
1080 2279 1143 2330 hinc
1157 2290 1184 2330 et

681 2352 744 2401 inde
759 2350 910 2410 crucifixis,
935 2360 961 2400 et
982 2350 1047 2416 quid
1070 2349 1121 2398 hoc
1144 2350 1183 2400 si-

681 2420 795 2487 gnificet.
1068 2420 1112 2478 Ν,
1129 2419 1180 2485 575

650 2495 689 2544 De
698 2493 830 2543 divisione
842 2491 958 2542 vestium
974 2490 1085 2551 Christi,
1101 2502 1127 2542 et
1143 2503 1184 2541 tu-

682 2566 742 2615 nica
752 2563 926 2628 inconsutili;
941 2563 1007 2629 quid
1023 2564 1082 2614 haec
1098 2564 1183 2630 signi-

681 2634 750 2686 ficet.
1051 2635 1113 2692 Ν,
1130 2633 1182 2701 577

650 2708 689 2757 De
707 2706 841 2757 divisione
868 2706 983 2756 vestium
1007 2705 1112 2756 Christi
1130 2706 1183 2755 do-

681 2787 814 2828 cumenta.
1069 2776 1112 2833 Ν,
1129 2775 1182 2841 577

651 2847 824 2912 Quadruplex
838 2861 924 2912 genus
935 2844 1093 2896 illusionum
1106 2844 1183 2894 Chri·

681 2931 739 2971 stus
754 2921 783 2968 in
798 2933 876 2968 cruce
889 2933 983 2984 passus
997 2926 1045 2966 est.
1067 2916 1111 2977 Ν,
1128 2915 1180 2981 578

650 2990 831 3042 llludentibus
846 2988 956 3040 Christo
977 2988 1005 3037 in
1023 3002 1100 3036 cruce
1121 3002 1184 3052 pen·

679 3062 752 3112 denti
766 3061 879 3126 quinam
895 3058 1008 3108 similes.
1065 3058 1110 3118 Ν,
1128 3056 1180 3123 578

650 3136 850 3185 Documentum
873 3130 977 3186 morale
1006 3145 1039 3179 ex
1055 3130 1099 3179 his
1118 3129 1184 3178 illu-

681 3204 815 3255 sionibus.
1064 3201 1110 3258 Ν,
1128 3199 1180 3250 580

650 3276 689 3325 De
716 3273 825 3325 Christo
842 3272 952 3323 nolente
978 3273 1010 3322 de
1033 3286 1111 3321 cruce
1131 3272 1183 3321 de-

682 3345 815 3396 scendere.
1009 3351 1013 3359 '
1063 3344 1108 3403 Ν,
1128 3341 1180 3408 578

651 3421 689 3470 De
702 3427 806 3483 septem
815 3417 906 3467 verbis
916 3431 931 3467 a
942 3416 1052 3467 Christo
1063 3416 1090 3465 in
1105 3430 1183 3466 cruce

681 3487 801 3554 prolatis.
965 3517 972 3524 -
1066 3487 1110 3550 IV,
1129 3485 1179 3536 585

651 3559 690 3610 De
714 3557 803 3624 primo
824 3557 906 3608 verbo
930 3556 1041 3607 Christi.
1067 3557 1111 3616 IV,
1129 3555 1179 3606 585

650 3631 690 3679 De
702 3627 819 3679 secundo
832 3627 915 3678 verbo
929 3626 1041 3678 Christi.
1067 3628 1111 3687 lV,
1128 3625 1180 3691 587

651 3702 690 3750 De
706 3699 784 3749 tertio
798 3698 881 3749 verbo
896 3697 1007 3754 Christi.
1068 3698 1112 3756 IV,
1128 3694 1181 3763 589

650 3773 689 3822 De
701 3770 820 3821 tenebris
826 3766 913 3831 factis.
924 3769 1034 3821 Christo
1050 3768 1181 3834 pendente

683 3843 712 3895 in
725 3858 811 3894 eruce.
1067 3841 1112 3902 Ν,
1127 3838 1179 3906 593
