2626 4328
158 324 208 375 562
435 322 609 375 SECUNDAE
626 320 749 371 PARTlS
780 320 896 372 CAPUT
912 321 989 372 LXll.

160 449 264 499 euntes,
279 439 302 489 si
321 438 465 505 aliquando
484 438 626 501 lassantur,
641 453 683 487 re-

159 511 301 562 memorari
335 511 431 561 debent
465 510 543 561 istius
579 511 684 561 itineris

158 581 270 640 Christi,
287 581 387 647 quoad
401 580 551 646 patibulum
568 581 684 632 duceba-

160 661 216 716 tur;
236 651 364 717 quoniam
379 652 415 701 ita
431 654 516 703 lessus
536 652 596 712 tuit,
611 653 685 719 quod

160 737 265 771 crucem
280 736 326 787 per
338 737 366 772 se
377 723 494 787 amplius
506 723 574 774 ferre
585 722 685 790 nequi-

162 794 210 855 vit,
233 794 362 844 nimirum
383 810 446 846 cum
462 811 509 862 per
533 806 616 846 totam
635 811 686 845 no·

162 873 231 912 ctem
243 875 269 914 et
281 865 353 914 diem
365 864 438 915 illam
450 867 636 949 multipliciter
644 865 685 916 fa-

104 957 106 960 ·
162 934 260 999 tigatus
266 924 373 987 fuerit.
406 938 464 987 Si
458 939 540 1004 igitur
569 940 687 989 Salvator

162 1016 252 1056 noster
285 1017 384 1058 tantam
411 1007 596 1060 lassitudinem
624 1026 686 1060 cum

160 1083 233 1125 tanta
254 1077 401 1142 ignominia
421 1094 469 1143 pro
485 1079 565 1130 nobis
577 1079 687 1130 sufferre

162 1158 203 1198 est
227 1149 362 1214 dignatus,
386 1165 434 1200 cur
464 1162 489 1201 et
513 1166 561 1201 nos
579 1161 687 1217 propter

163 1234 225 1270 eum
236 1221 372 1272 modicum
383 1222 502 1274 laborem
511 1223 570 1287 viae,
586 1233 613 1274 et
626 1240 687 1274 cum

162 1304 253 1345 nostro
267 1296 370 1346 honore
381 1312 435 1347 non
453 1297 636 1348 sustinemus?
647 1298 688 1347 Ad

159 1365 381 1416 conformandum
411 1383 439 1417 se
474 1368 537 1419 huic
566 1368 687 1427 articulo,

160 1436 286 1502 recogitet
307 1437 399 1497 homo,
416 1454 478 1488 curn
495 1449 594 1505 quanta
608 1439 688 1504 igno-

160 1508 245 1557 minia
273 1509 404 1559 Dominus
430 1521 521 1560 noster
545 1512 690 1561 ducebatur

166 1579 198 1626 ad
225 1578 374 1641 patibulum
406 1594 454 1644 pro
482 1592 573 1631 nostra
593 1597 690 1646 magna

161 1648 257 1712 gloria,
273 1656 298 1695 et
309 1647 370 1698 fleat
386 1663 447 1699 cum
461 1651 560 1700 sanctis
574 1652 691 1701 mulieri-

164 1719 239 1768 ribus
263 1719 402 1770 fundendo
433 1722 563 1790 lacrymas
596 1725 689 1774 saltem

161 1790 257 1850 cordis,
278 1801 304 1841 et
331 1791 368 1841 sic
391 1801 472 1843 oret:
506 1795 580 1857 Jesu,
596 1795 641 1860 qui
653 1795 690 1844 ad

738 435 947 502 crucifigendum
978 435 1005 485 in
1036 434 1177 499 Golgotlra
1209 434 1264 485 duci

738 507 859 570 voluisti,
895 508 979 557 deduc
1007 522 1053 557 me
1089 507 1117 557 in
1145 506 1264 557 semitam

739 577 926 628 mandatorum
942 588 1059 639 tuorum,
1077 583 1105 627 ut
1123 584 1263 627 cumsan-

739 649 789 701 ctis
813 650 967 700 mulieribus
1000 655 1052 699 tuae
1086 663 1186 714 sequar
1209 649 1263 699 uias

739 720 890 783 Passionis,
902 727 929 770 et
944 735 1023 785 super
1038 720 1168 784 meipsum
1181 719 1263 785 fleam

739 791 873 841 miserium
884 793 1004 858 propriae
1018 790 1192 842 conditionis.

772 861 805 912 38
822 863 934 923 Quium
946 878 1038 914 Passus
1055 877 1103 912 nsr
1124 861 1264 918 Cernimus,

739 948 880 991 aureounu
896 947 1132 982 cnucrrronnnrua.
1148 929 1265 980 -Vides

741 1003 830 1068 itaque
841 1004 978 1069 quomodo
993 1003 1050 1053 haec
1072 1016 1135 1068 quae
1155 1001 1184 1050 in
1205 1001 1266 1050 hora

740 1073 925 1138 Completorii‚
947 1073 1107 1132 Matutinali‚
1136 1071 1224 1121 Prima
1243 1078 1266 1119 et

741 1145 830 1195 Tertia
846 1160 939 1211 passus
954 1156 993 1194 est
1010 1143 1155 1201 Dominus,
1171 1142 1265 1207 absque

740 1215 830 1281 aliqua
857 1215 1038 1274 crucifixione,
1062 1211 1265 1264 vehementissi-

742 1288 779 1340 mi
801 1299 827 1339 et
848 1289 1009 1339 amarissimi
1030 1287 1133 1338 doloris
1155 1295 1220 1337 sunt
1243 1294 1266 1336 et

742 1361 863 1412 horroris
874 1363 949 1412 valde
962 1360 1098 1426 stupendi.
1112 1360 1184 1409 Cum
1199 1357 1265 1409 enim

742 1435 770 1484 in
787 1450 884 1486 manus
901 1435 1045 1500 impiorum
1069 1433 1216 1483 devolutus
1232 1444 1265 1480 es-

742 1515 782 1557 set
799 1519 884 1557 morte
905 1506 1062 1571 turpissima
1075 1516 1265 1554 consumman-

742 1578 793 1628 dus
799 1593 912 1644 ‚parurn
926 1589 982 1628 erat
995 1575 1130 1659 sacrilegis
1142 1575 1197 1624 illis
1210 1587 1266 1624 cru·

743 1650 849 1716 cifigere
862 1665 934 1707 eum.
956 1649 1008 1699 nisi
1032 1648 1107 1712 prius
1130 1645 1266 1696 doloribus

744 1733 770 1775 et
783 1724 957 1774 illusionibus
972 1723 1092 1772 animam
1105 1720 1165 1803 ejus
1186 1717 1268 1784 reple·

746 1795 857 1847 vissent.

644 2016 779 2069 ORATIO

194 2182 309 2234 Domine
327 2185 388 2234 lesu
403 2185 519 2246 Christe,
532 2187 579 2253 qui
600 2188 667 2238 hora
681 2187 733 2238 diei
748 2188 824 2239 tertia
834 2203 886 2269 pro
900 2186 978 2236 nobis
995 2183 1122 2251 flagellari
1143 2178 1268 2239 voluisti,
1306 2190 1310 2197 “

165 2254 249 2305 libera
264 2271 307 2306 me
321 2256 353 2305 ab
365 2267 469 2308 aeternae
486 2257 532 2309 irae
545 2259 665 2325 flagellis,
681 2275 741 2325 quae
755 2259 858 2322 merui;
879 2275 924 2325 per
937 2255 1110 2308 sacratissimi
1123 2251 1219 2318 capitis
1231 2247 1267 2301 tui

167 2327 327 2389 punctiones
341 2344 430 2395 punge
442 2341 559 2379 mentem
582 2346 678 2391 meam,
693 2341 723 2381 ut
743 2329 837 2380 noxias
863 2329 1050 2379 delectationes
1068 2326 1152 2377 vitare
1166 2332 1268 2389 praevs·

164 2397 245 2456 leam,
268 2408 294 2448 et
307 2399 340 2449 da
361 2399 430 2449 mihi
446 2412 506 2466 post
527 2401 710 2466 poenitentiam
732 2401 882 2467 pertingere
898 2400 930 2449 ad
953 2412 1089 2449 coronam.
1112 2394 1167 2454 Qui
1191 2391 1268 2443 etiam

165 2473 350 2537 multipliciter
365 2475 479 2534 derisus,
503 2478 610 2527 tandem
629 2477 821 2528 sententialiter
836 2476 1028 2526 condemnatus
1050 2488 1079 2523 es
1093 2471 1127 2521 ad
1148 2477 1268 2527 monem,

162 2541 203 2593 fac
217 2561 260 2594 me
276 2549 386 2598 evadere
399 2549 557 2600 diabolicam
577 2552 740 2602 derisionem
755 2562 781 2602 et
795 2561 908 2601 mortem
934 2559 1072 2598 aeternam.
1092 2541 1206 2595 Portasti
1220 2536 1267 2591 tibi

159 2629 273 2675 crucem,
289 2618 421 2669 Domine:
432 2620 465 2670 da
480 2620 548 2669 mihi
559 2622 650 2672 tollere
663 2638 768 2673 crucem
783 2637 879 2683 meam,
892 2632 918 2671 et
932 2620 1008 2686 sequi
1024 2612 1269 2678 te,meamutiq11³‚

160 2701 220 2752 quae
234 2689 345 2739 debetur
366 2693 479 2756 peccatis
502 2692 578 2752 meis,
594 2709 682 2744 meam
698 2695 779 2746 etiam
793 2703 968 2759 spontaneam
989 2701 1014 2742 et
1034 2692 1168 2749 devotam,
1181 2695 1214 2736 ut
1226 2695 1269 2750 per

93 2758 96 2763 '
161 2759 230 2810 hanc
244 2762 396 2827 perveniam
411 2764 444 2813 ad
460 2765 582 2829 gloriam.
591 2767 688 2820 Amen.

609 3294 797 3471 mm
