2626 4328
88 270 141 322 628

91 400 217 448 saurum;
246 393 273 435 et
297 390 391 448 porta·
410 381 451 430 vel
473 377 554 443 pedes
580 375 623 426 vel

93 473 200 516 manus,
219 455 381 519 brachiaque
396 460 527 512 sustenta3
549 459 625 498 terrae

93 529 241 581 defluentes
260 525 415 576 minutatim
437 519 625 588 pretiosissimi

94 602 237 669 sanguinis
259 610 348 666 guttas
371 596 504 647 curiosius
517 594 627 660 collige3

98 685 125 726 et
150 674 287 741 pulverem
312 668 411 735 pedum
437 668 494 730 ejus
521 666 627 731 linge.»

97 746 223 796 Dolorem
239 757 321 808 quem
337 740 420 790 Maria
440 738 469 788 in
490 735 629 802 exsequiis

97 816 160 866 Filii
189 813 230 863 sui
256 810 386 870 toleravit,
406 809 472 858 olim
492 808 576 858 David
600 807 629 856 in

98 885 234 952 exsequiis
254 883 345 933 Abnur
360 880 547 947 praefiguravit.
572 879 630 928 Ab·

98 974 146 1010 ner
162 974 177 1008 a
193 957 259 1007 Joab
272 955 453 1005 fraudulenter
475 949 631 1001 interfectus

99 1039 169 1093 erat;
193 1028 268 1092 cujus
285 1025 498 1076 interfectionem
516 1039 563 1073 rex
575 1021 630 1072 Da-

97 1103 153 1164 vid,
192 1099 320 1150 feretrum
353 1112 480 1162 sequens,
508 1094 630 1145 deflebat.

98 1172 182 1224 David
202 1187 256 1221 non
277 1170 366 1219 solum
381 1167 439 1232 ipse
458 1182 538 1232 super
552 1181 631 1216 exse—

99 1244 177 1310 quias
189 1243 245 1308 ejus
261 1241 390 1306 plorabat,
408 1240 455 1288 sed
470 1239 549 1288 etiam
563 1237 631 1287 alios

99 1318 130 1367 ad
159 1316 320 1382 plorandum
343 1311 486 1373 incitabat;
504 1310 542 1360 ita
556 1310 632 1360 beata

97 1388 183 1454 Virgo
198 1397 223 1436 et
238 1385 283 1435 alii
299 1382 386 1433 devoti
394 1382 534 1447 exsequias
547 1381 631 1430 Chri-

100 1461 134 1511 sti
147 1459 352 1523 deplanxerunt,
375 1462 401 1502 et
422 1454 502 1502 corda
523 1468 570 1502 sua
584 1453 631 1502 in-

100 1533 167 1582 tima
183 1525 369 1592 compassione
386 1523 531 1573 sciderunt.

132 1603 355 1653 anormalam
376 1612 410 1645 ar
437 1611 572 1652 axsaoura
590 1597 631 1646 Do

99 1671 272 1725 mnu-Erat
284 1674 373 1718 autem
388 1668 415 1716 in
433 1666 500 1729 loce,
516 1668 560 1716 uhi
573 1682 632 1718 eru-

99 1745 200 1810 cifixm
210 1746 259 1801 est,
274 1739 377 1799 hortus,
397 1744 425 1788 et
437 1738 464 1788 in
479 1738 556 1788 liorto
572 1753 633 1788 mo-

100 1821 264 1866 numentum‘
278 1826 382 1874 novum,
409 1810 495 1875 ipsius
522 1811 632 1876 Joseph‚

100 1895 259 1950 sumptuose
298 1880 412 1944 factum3
441 1891 467 1932 et
503 1881 530 1931 in
559 1892 634 1946 petra

80 1959 230 2014 -excisum,
246 1954 327 2003 idest
344 1953 372 2002 in
393 1968 449 2002 uno
468 1953 570 2017 lapide,
588 1969 633 2004 se-

97 2028 220 2079 cundum
234 2022 413 2091 quantitatem
435 2023 555 2073 hominis
569 2039 634 2074 con-

100 2109 241 2158 cavatum,
276 2097 303 2145 in
327 2109 380 2160 quo
418 2095 534 2145 nondum
557 2096 634 2161 quis·

101 2186 179 2238 quam
196 2170 303 2235 positus
328 2172 397 2218 erat.
415 2167 456 2217 lbi
473 2182 551 2233 ergo,
570 2169 633 2234 quia

99 2243 183 2306 iuxta
212 2246 281 2298 erat,
315 2244 428 2303 propter
461 2239 633 2289 Paraseeveu

100 2313 271 2374 Judaeorum,
294 2314 444 2375 posuerunt
467 2318 494 2359 et
519 2310 635 2374 sepelie-

101 2394 167 2435 runt
188 2384 288 2443 Jesum,
316 2389 466 2429 reverenter
484 2389 512 2429 et
531 2381 634 2442 devote,

103 2456 181 2506 flexis
195 2453 320 2519 genibus,
336 2451 443 2516 magnis
458 2452 634 2518 singultibus,

100 2537 128 2578 et
141 2525 266 2590 suspiriis
285 2523 394 2584 validis;
421 2534 449 2573 et
474 2522 513 2573 sic
536 2524 634 2574 Domi-

103 2615 169 2648 num
182 2597 245 2646 vitae
255 2595 386 2645 dederunt
399 2597 543 2661 sepulturae
566 2614 636 2647 mor-

102 2670 146 2721 tis.
164 2667 335 2733 Sepelierunt
359 2682 421 2716 eum
447 2667 476 2717 in
499 2670 558 2718 loco
577 2687 636 2734 pro-

103 2743 217 2809 pinquo,
244 2737 309 2802 quia
332 2753 386 2786 uon
409 2748 533 2802 poterant
557 2741 636 2805 longe

102 2823 218 2880 portare,
238 2818 347 2875 propter
360 2808 557 2859 solemnitatem
573 2812 636 2861 sab-

103 2884 157 2934 bati
186 2879 384 2932 imminentem.
400 2879 476 2929 Unde
497 2879 636 2949 Cinyras-

106 2961 193 3006 tomus
230 2968 239 3001 .·
272 2968 286 2996 a
313 2949 384 3010 Quia
410 2965 475 2999 vero
511 2951 637 3003 brevitate

103 3025 235 3093 temporis
268 3024 449 3089 urgebantur,
476 3034 504 3074 et
526 3041 637 3092 vespera

104 3098 274 3161 imminebat,
300 3097 361 3147 ideo
384 3106 490 3162 ponunt
518 3113 581 3148 eum
608 3100 637 3150 in

103 3169 259 3235 proximum
272 3178 489 3218 monumentum.
503 3187 517 3216 n
530 3169 564 3218 Et
576 3171 636 3220 Au·
649 3218 652 3229 ,

104 3241 232 3306 guntinus
249 3257 258 3289 .·
275 3257 288 3284 α
303 3240 483 3289 Acceleratam
507 3240 566 3290 vult
591 3242 638 3291 in-

104 3309 189 3375 telligi
229 3308 416 3374 sepulturam,
447 3325 481 3360 ne
507 3311 637 3378 advespe-

104 3390 234 3443 rasceret3
277 3380 385 3445 quando
424 3380 477 3444 jam
524 3389 638 3448 propter

107 3451 279 3501 Parasceven
293 3449 378 3501 facere
392 3450 496 3515 aliquid
515 3454 567 3503 tale
581 3469 638 3504 non

104 3519 213 3570 licebat.
227 3538 241 3566 n
255 3519 342 3580 Tunc,
363 3529 393 3570 ut
406 3520 442 3570 ait
456 3524 636 3588 Augustinus,

106 3591 181 3642 illius
205 3591 344 3657 exsequias
364 3593 528 3658 Angelorum
552 3596 638 3646 millia

104 3661 224 3712 millium
246 3662 438 3724 decantabant,
469 3665 520 3730 qui
543 3680 660 3717 omnes·

104 3746 285 3788 convenerant
298 3738 331 3787 ad
343 3739 515 3804 sepulchrum
528 3740 638 3791 Domini
657 3744 660 3749 '

107 3807 160 3858 sui.
170 3807 214 3858 llli
225 3808 368 3858 cantabant
381 3810 482 3869 laudes,
496 3810 542 3860 sed
554 3811 639 3862 Maria

106 3881 186 3934 dabat
208 3880 326 3950 gemitus
347 3893 374 3935 et
399 3883 516 3950 suspiria
535 3885 635 3939 cordia.
656 3884 659 3897 ¹

343 264 518 318 SECUNDAE
550 261 675 313 PARTIS
693 262 813 315 CAPUT
826 257 917 318 LXVi.

680 378 867 446 Dispensative
888 392 977 434 autem
994 383 1022 433 in
1044 399 1116 435 novo
1138 387 1212 451 poni·

680 460 724 500 tur
746 465 930 515 monumento,
953 455 1001 505 ubi
1027 456 1120 505 nullus
1137 457 1212 522 posi-

680 532 724 573 tus
752 524 892 590 eratzut,
917 528 1066 577 secundum
1096 529 1213 581 Ambro-

681 597 750 647 sium
766 607 791 648 et
818 599 1049 666 chrysostomum,
1066 615 1123 649 non
1143 601 1211 652 alius

682 669 729 734 qui
742 685 803 720 cum
816 685 847 719 eo
862 670 1145 733 jaceiet,surrexissea
1159 688 1212 738 per·

681 738 744 790 fidis
757 740 906 804 diceretur3
918 742 969 802 vel,
990 741 1141 792 secundum
1155 745 1213 794 Au·

683 811 829 876 guatinum,
858 811 929 861 sicut
946 812 973 861 in
992 812 1083 862 Mariae
1102 812 1214 879 virginis

682 892 759 931 utero
774 897 854 931 nemo
875 893 937 932 ante
956 881 1044 945 illum,
1060 898 1143 934 nemo
1156 894 1214 949 post

683 952 761 1002 illum
790 964 935 1018 conceptus
965 966 1015 1016 est,
1041 953 1078 1004 ita
1108 953 1137 1004 in
1165 955 1214 1005 hoc

683 1035 862 1073 monumento
888 1039 966 1074 remo
987 1035 1050 1074 ante
1072 1024 1152 1075 illum
1166 1040 1214 1076 ne-

684 1111 729 1144 mo
743 1104 803 1159 post
819 1095 897 1145 illum
912 1097 1034 1160 sepultus
1052 1106 1102 1146 est.
1124 1097 1158 1146 Et
1172 1112 1215 1147 se·

683 1167 804 1216 cundum
833 1166 1046 1230 Hieronymum,
1067 1167 1096 1216 in
1125 1183 1216 1217 monu-

684 1248 777 1288 mento
802 1239 896 1289 exciso
924 1238 957 1288 de
977 1246 1058 1305 petra
1090 1239 1216 1289 conditus

684 1319 738 1370 est,
750 1325 783 1359 ne
796 1309 818 1360 si
836 1326 867 1360 ex
885 1309 978 1358 multis
994 1309 1133 1374 lapidibus
1146 1309 1214 1360 fuis·

683 1391 725 1430 set
755 1379 933 1438 aedificatum,
962 1379 1086 1429 suffossis
1119 1379 1217 1430 tumuli

685 1450 879 1509 fundamentis,
897 1450 1000 1499 ablatus
1021 1450 1094 1500 furto
1114 1451 1218 1501 dicere-

686 1532 737 1572 tur.
760 1522 802 1581 Et,
819 1521 968 1570 secundum
987 1521 1181 1586 Augustinunt,
1194 1519 1216 1570 si

686 1594 767 1644 etiam
786 1592 961 1658 sepulchrum
977 1590 1076 1641 fuisset
1090 1592 1121 1642 in
1140 1602 1217 1652 terra,

685 1667 773 1715 dicere
795 1673 941 1730 poterant:
957 1663 1134 1714 suffoderunt
1159 1674 1218 1715 ter·

685 1755 752 1803 ram,
766 1749 793 1790 et
805 1737 887 1788 furati
905 1749 967 1788 sunt
986 1753 1059 1788 cum.
1075 1738 1156 1798 Quod
1172 1753 1218 1789 aa·

684 1823 740 1862 tem
761 1811 790 1860 in
813 1811 900 1860 alieno
928 1810 1072 1876 sepulchro
1099 1809 1218 1875 ponitur,

686 1894 868 1951 paupertatem
894 1884 952 1948 ejus
989 1892 1112 1933 testatur.
1140 1883 1218 1935 Unde

689 1957 874 2022 Theophilus:
888 1973 902 2002 (ι
916 1955 1123 2006 Attendeetiam
1136 1956 1220 2006 abun-

686 2029 806 2079 dantiam
830 2044 878 2093 pro
899 2028 978 2078 nobis
996 2037 1127 2093 suscepta
1151 2043 1219 2094 pau·

686 2099 809 2164 pertatis;
836 2114 952 2163 namque
974 2100 1087 2149 domurn
1115 2098 1146 2148 in
1165 2097 1220 2149 vita

687 2186 743 2220 non
766 2169 871 2231 habuit,
895 2178 956 2234 post
976 2180 1092 2219 mortem
1111 2184 1221 2236 quoquc

687 2241 715 2291 in
735 2240 823 2289 alieno
836 2239 981 2303 sepulchro
1005 2240 1172 2300 reconditur,
1195 2248 1221 2290 et

687 2313 777 2363 nudus
791 2307 908 2362 existens
921 2328 935 2361 a
946 2312 1046 2377 loseph
1060 2311 1190 2376 operitur.
1204 2330 1219 2359 a

687 2385 764 2435 Unde
788 2395 815 2434 et
835 2384 978 2433 Anselmus
1000 2400 1008 2433 :
1028 2384 1163 2449 «Pauper
1182 2382 1222 2433 ita

686 2457 739 2509 fuit
752 2456 877 2506 Christus
890 2464 921 2504 ut
937 2470 992 2505 non
1010 2455 1039 2505 in
1053 2470 1111 2518 sua,
1128 2455 1176 2505 sed
1193 2455 1222 2505 in

687 2528 773 2579 aliena
795 2529 877 2577 domo
901 2535 1067 2589 nasceretur,
1088 2536 1115 2576 et
1128 2526 1222 2577 vivens

687 2603 717 2652 in
736 2602 788 2650 hoc
811 2598 930 2657 mundo,
958 2613 1013 2647 non
1038 2597 1151 2648 haberet
1173 2597 1222 2648 ubi

687 2681 767 2736 caput
792 2684 873 2719 suum
909 2668 1063 2732 reclinaret;
1086 2683 1137 2718 nee
1158 2684 1222 2721 mo-

687 2742 771 2798 riens,
786 2739 857 2789 unde
872 2738 1021 2788 nuditatem
1044 2753 1123 2788 suam
1145 2748 1223 2805 tege-

688 2821 741 2876 ret3
757 2825 806 2860 nec
828 2819 962 2869 mortuus,
975 2810 1048 2859 unde
1066 2809 1222 2860 involvere-

688 2894 742 2941 tur,
756 2895 805 2930 nec
815 2879 990 2944 sepulchrum
1004 2890 1051 2929 aut
1062 2881 1164 2941 locum,
1174 2879 1222 2930 ubi

689 2969 788 3020 corpus
819 2968 900 3003 suum
939 2963 1093 3018 poneretur.
1115 2973 1129 3000 n
1158 2953 1224 3003 ldeo

689 3026 791 3086 etiam,
821 3023 970 3073 secundum
997 3024 1169 3075 Ambrosium
1198 3034 1226 3073 et

689 3097 890 3164 Augustinum,
925 3096 1048 3147 Salvator
1082 3096 1111 3146 in
1135 3095 1225 3148 aliena

690 3170 828 3234 sepultura
852 3165 972 3232 ponitur,
998 3166 1046 3232 qui
1072 3181 1121 3232 pro
1136 3165 1226 3218 aliena

691 3241 856 3291 moriebatur
869 3239 963 3289 salute.
980 3238 1084 3304 thuid
1103 3237 1143 3288 illi
1159 3253 1227 3305 pro·

690 3314 749 3380 pria
769 3315 916 3378 sepultura,
941 3312 988 3378 qui
1015 3312 1044 3362 in
1057 3328 1086 3363 se
1105 3323 1226 3364 mortem

690 3383 827 3450 propriam
856 3399 911 3432 non
927 3381 1059 3432 habebat?
1071 3385 1152 3446 ltem,
1179 3398 1226 3434 se-

689 3455 810 3506 cundum
833 3454 1013 3514 Ambrosium,
1028 3453 1061 3503 ad
1074 3453 1227 3505 ostenden-

689 3529 755 3578 dum
782 3526 856 3591 quod
883 3540 938 3574 non
957 3524 1053 3574 debuit
1081 3525 1195 3575 detineri
1208 3540 1227 3576 a

657 3638 660 3645 ,
690 3610 785 3652 morte.
800 3600 860 3650 Non
881 3599 954 3649 enim
977 3599 1023 3649 ille
1048 3599 1226 3665 sepulchrum

690 3673 787 3724 mortis
806 3670 985 3732 desiderabat,
1013 3671 1062 3737 qui
1089 3671 1123 3721 de
1137 3680 1228 3724 morte

689 3742 862 3808 triumphum
893 3741 1039 3806 quaerebat.
1068 3741 1228 3794 Secundum

690 3815 888 3880 Hieronymum
903 3822 994 3863 autem
1009 3822 1039 3863 et
1054 3814 1167 3877 Bedatn,
1193 3830 1227 3866 ex

690 3884 807 3950 simplici
822 3885 963 3950 sepultura
984 3883 1106 3945 Domini,
1132 3885 1228 3949 ambis
