2626 4328
495 249 545 302 DE
560 250 807 303 PENTECOSTE.

94 369 115 423 ti
134 377 161 418 et
175 368 354 433 perseveranti
374 369 407 418 ab
424 367 468 418 leis
483 368 563 418 rebus
584 383 630 418 cs·

95 440 182 503 ducis,
205 450 231 490 et
255 455 272 489 a
295 439 415 490 miseriis
442 439 580 502 brevibus,
606 448 632 490 et

94 512 200 563 leuibus
215 511 311 561 harum
322 527 412 561 rerum
423 510 578 562 visibilium
590 527 631 561 so·

95 584 261 644 latiunculis,
273 599 335 648 quae
349 583 457 637 animas
470 593 574 633 nostres
587 584 630 634 ri-

94 657 145 707 tiis
167 655 300 717 inficiunt,
326 666 352 706 et
377 655 490 705 virtutes
509 671 529 705 a
548 655 630 720 nobis

94 729 342 794 assiduumque,
354 730 503 780 oecundmn
519 730 629 796 Grego-

92 804 175 865 rr'um,
198 804 395 868 concupiscens
412 803 533 854 visibilia
555 804 630 854 invi-

93 875 188 926 sibiles
212 874 326 924 virtutes
343 873 461 936 amittit;
481 884 510 924 et
529 889 629 924 secun

92 947 161 997 dum
176 946 412 1012 chrysostomum,
434 946 509 995 nulla
526 960 570 995 res
590 944 629 994 sic

92 1018 223 1084 praepedit
243 1019 386 1078 virtutem,
413 1019 483 1069 sicut
505 1018 629 1082 voluptas

92 1090 248 1156 corporalis.
266 1091 343 1141 Unde
357 1093 413 1142 Leo
429 1093 523 1156 Papa:
542 1111 554 1135 s
571 1091 629 1140 Hoc

93 1161 212 1212 monime
225 1161 356 1211 interiora
370 1161 493 1212 hominis
510 1176 629 1212 corrum-

94 1232 144 1298 pit,
150 1231 226 1297 quod
237 1232 368 1281 exteriora
380 1232 506 1294 delectet3
517 1240 544 1280 et
553 1240 628 1280 tanto

94 1305 234 1356 rationalis
252 1305 344 1354 anima
359 1305 506 1370 purgatior,
525 1313 628 1370 quanto

95 1378 177 1429 fuerit
193 1379 345 1428 substantie
361 1378 452 1428 carnis
466 1378 601 1428 afflictior.
614 1396 628 1424 s

96 1452 130 1502 Et
152 1451 283 1513 breuiter,
311 1461 341 1501 ut
366 1451 404 1502 ait
423 1451 595 1515 Augustinus
620 1467 628 1501 τ

96 1540 110 1568 κ
127 1521 220 1571 Cetera
234 1532 354 1570 creatura
373 1521 490 1580 vilescet,
505 1530 536 1570 ut
555 1521 629 1572 solus

96 1590 207 1640 Creator
231 1590 259 1640 in
288 1591 367 1640 corde
385 1591 527 1654 dulcesort.
549 1591 628 1649 Nam,

94 1663 245 1730 secundum
252 1663 423 1726 Apostolum,
431 1663 549 1712 vanitati
555 1677 629 1714 ereo-

94 1741 159 1786 turo
174 1735 292 1801 subjecta
305 1741 355 1797 est,
371 1744 398 1784 et
416 1734 476 1784 ideo
494 1744 628 1785 amatores

95 1819 159 1856 suos
177 1804 240 1854 iacit
259 1820 352 1862 vanos,
370 1814 396 1854 et
413 1805 517 1856 multos
531 1805 630 1870 decipit

94 1876 225 1926 incautos.
238 1876 264 1926 0
280 1891 363 1941 quam
380 1875 455 1935 lelix,
472 1891 557 1942 quem
573 1876 629 1926 mi-

95 1961 155 1998 sere
175 1946 274 1996 mundi
298 1946 402 1997 sanitas
431 1962 483 1997 non
508 1946 629 2006 seduxit,

96 2033 157 2083 quae
187 2033 259 2067 nnnc
285 2018 420 2082 praecipue
446 2018 541 2069 multis
560 2019 629 2068 illu-

96 2087 149 2139 dit!
161 2107 176 2136 s
191 2089 270 2140 Unde
285 2089 498 2156 chrysostomus
512 2106 522 2140 e
535 2090 630 2140 eSem·

95 2177 143 2228 per
164 2161 294 2228 quidem,
323 2163 369 2211 sed
396 2178 469 2212 nunc
495 2163 630 2228 precipue

96 2244 287 2300 competenter,
306 2233 428 2284 dicitur:
448 2235 561 2284 Veritas
579 2249 629 2284 va-

97 2307 224 2368 nitatum,
249 2311 276 2356 et
296 2305 387 2356 omnia
409 2307 529 2357 renitor.
551 2307 630 2356 Hune

96 2376 261 2426 versiculum
282 2375 304 2427 si
326 2386 460 2441 saperent,
472 2376 520 2442 qui
535 2376 566 2426 in
579 2391 630 2441 po·

96 2447 180 2498 tentis
190 2459 341 2507 versentur,
354 2447 384 2498 in
401 2448 550 2514 parietibus
565 2463 628 2497 om-

96 2517 177 2566 nibus
202 2526 229 2567 et
247 2519 368 2569 vestibus
389 2518 450 2569 suis
470 2517 629 2576 scriberent,

96 2589 126 2638 in
139 2587 235 2650 domo,
248 2587 276 2639 in
289 2589 386 2654 jannis,
401 2589 431 2639 in
449 2587 628 2654 ingressibus,

95 2667 121 2709 et
142 2659 307 2710 anteornnia
326 2659 355 2708 in
372 2659 546 2710 conscientiis
560 2657 628 2721 suis,

94 2739 127 2781 ut
136 2745 247 2796 semper
258 2731 334 2781 enim
347 2731 589 2782 oculiseeroerent
603 2739 629 2781 et

94 2801 175 2851 eorde
198 2801 338 2852 sentirent.
361 2801 494 2861 Quoniam
518 2802 628 2868 quidem

96 2872 189 2922 multae
204 2883 270 2922 sunt
278 2872 373 2934 facies,
387 2875 480 2926 multae
496 2874 630 2940 imagines

95 2942 250 3009 salemquae
259 2944 399 3008 decipiunt
409 2946 541 2996 incautos.
551 2943 629 2995 istud

95 3022 202 3080 oportet
223 3016 345 3082 quotidie
369 3017 482 3068 recitare
505 3031 628 3075 carmen,

95 3095 122 3135 et
143 3086 172 3135 in
192 3086 324 3152 prandiis,
340 3096 366 3138 et
387 3088 416 3137 in
439 3086 539 3151 coenis3
558 3084 629 3136 etin

95 3159 222 3210 omnium
244 3172 378 3211 conventu
405 3174 646 3226 unumquemque-

96 3230 221 3295 prorino
244 3247 295 3282 suo
315 3247 408 3282 canere
424 3242 454 3283 et
471 3247 487 3282 a
504 3230 629 3296 proximo

95 3317 146 3352 suo
170 3303 284 3353 libenter
308 3304 413 3367 andire,
437 3303 503 3370 quis
521 3302 630 3353 sanitas

95 3375 244 3426 vanitatum
261 3383 350 3439 estet
363 3377 457 3427 omnia
468 3376 577 3427 mutas
588 3391 603 3425 e
615 3392 629 3422 s

95 3447 152 3497 haec
174 3448 396 3515 chrysostomos.
417 3451 547 3500 Amorem
567 3463 630 3514 ergo

94 3534 185 3570 rerum
199 3520 385 3571 deficientium
407 3522 440 3572 sd
464 3518 630 3585 inoorrupti-

95 3589 163 3639 bilia
176 3590 385 3653 transferamus,
404 3600 432 3641 et
452 3591 487 3642 ad
500 3589 631 3642 sublimia

94 3661 182 3711 vocati
211 3661 366 3712 coelestibus
394 3661 567 3712 delectentur.
595 3662 631 3713 Ut

96 3730 187 3781 Sancti
211 3733 343 3798 gaudent,
365 3732 430 3782 inde
451 3733 630 3811 gaudeamffi

97 3801 198 3853 horum
211 3803 320 3853 divitias
338 3802 567 3869 concupiscentes,
583 3819 631 3869 per

98 3872 198 3923 bonam
211 3873 412 3925 aemulationen'r
426 3873 459 3924 ad
474 3872 547 3939 ipsos
567 3883 630 3926 teo-

1166 257 1217 323 781

683 369 794 432 demus,
819 385 883 420 cum
907 370 1009 437 quibus
1034 372 1117 422 nobis
1139 372 1220 426 fuerit

683 439 848 490 consortium
859 441 1023 504 devotionis,
1037 445 1089 494 erit
1102 454 1130 512 et
1141 459 1217 495 cont-

672 496 778 562 'munio
791 513 941 578 dignitatis.
956 517 1074 566 Mentem
1095 526 1217 568 nostram

683 599 790 648 semper
810 585 837 634 in
855 585 931 636 coelis
949 587 1107 648 habeamus,
1133 597 1160 638 et
1183 589 1216 639 ad

682 654 832 704 Dominum
842 656 993 706 'multifarie
1005 673 1056 707 nos
1063 668 1215 717 vocantem,

682 727 838 775 totocorde
861 737 887 776 et
906 727 1040 778 desiderio
1061 730 1216 780 tendamus.

683 795 762 856 Quia,
770 807 800 847 nt
809 797 846 847 ait
854 799 1217 864 Augustinussfixsuumit

681 873 711 918 ut
726 869 813 934 gigas
827 869 863 919 ad
876 872 1037 922 currendam
1056 872 1145 936 viam‚·
1160 888 1215 923 non

681 939 756 989 enim
769 939 893 1000 tardavit,
905 941 952 991 sed
965 943 1084 992 cucurrit
1097 943 1216 993 clemens

681 1009 769 1070 dietis,
781 1010 868 1072 iactis,
884 1012 949 1073 vita,
963 1014 1215 1076 morte,=descensu,

681 1095 802 1144 ascensu,
824 1091 856 1132 ut
872 1083 1016 1134 redeamus
1036 1086 1069 1134 ad
1090 1101 1165 1148 eum3
1187 1095 1217 1136 et

680 1150 805 1202 discessit
817 1153 852 1203 eb
865 1153 960 1214 oculis,
975 1165 1006 1205 ut
1026 1155 1168 1208 redeamus
1180 1157 1217 1206 ad

680 1237 736 1281 cor,
750 1233 779 1273 et
792 1222 966 1275 inveniemus
979 1241 1053 1275 eum.
1064 1227 1109 1276 Ad
1123 1227 1217 1292 ipsunt

681 1310 792 1360 quoque
801 1296 973 1361 uspicientes,
989 1308 1017 1348 et
1029 1314 1093 1349 urin
1109 1315 1217 1365 semper

680 1365 803 1419 incorde
815 1368 961 1419 retinentes
975 1386 1131 1436 pugnemus
1146 1371 1217 1423 viri·

681 1438 757 1500 liter,
780 1440 845 1506 quie
863 1451 920 1491 tota
938 1443 996 1494 haee
1020 1459 1139 1508 praesens
1161 1443 1218 1494 rita

681 1511 887 1573 militinensem
904 1514 1054 1576 conflictus,
1070 1526 1096 1566 et
1115 1531 1215 1582 pugna.

681 1582 750 1633 Nam
764 1600 892 1650 prospera
904 1595 930 1636 et
946 1587 1065 1648 adversa,
1083 1587 1175 1639 ferror
1188 1597 1218 1637 es

680 1657 815 1722 sepelitote,
835 1657 946 1708 refectio
966 1670 992 1709 et
1013 1659 1113 1724 inedia,
1135 1675 1218 1726 sopor

682 1738 707 1779 et
731 1729 1017 1795 sigillusollicitudo
1042 1743 1072 1784 et
1097 1733 1216 1800 pigritie,

681 1799 760 1850 fleon
775 1809 802 1850 et
816 1801 919 1861 laetitia,
934 1803 1012 1868 quies
1027 1813 1055 1854 et
1069 1803 1155 1863 labor,
1167 1819 1216 1856 sa·

681 1871 725 1920 lus
732 1870 1039 1932 etiniirmitas‚afflictio
1049 1875 1216 1941 etvolupots,

682 1949 709 1990 et
719 1956 892 2008 quecunque
906 1943 935 1994 in
951 1944 1003 1994 hoc
1020 1945 1127 1995 mundo
1138 1954 1214 2005 sunt,

682 2020 802 2076 pugnant
822 2021 916 2064 contra
939 2029 1002 2075 nos,
1026 2023 1055 2065 et
1080 2015 1217 2066 insidian-

681 2094 726 2134 tur
743 2084 832 2136 nobis.
852 2087 885 2137 Fr
905 2087 971 2152 quis
983 2103 1125 2152 nunquam
1142 2089 1218 2141 deest

679 2155 847 2207 adversarius
874 2157 959 2208 nobis
980 2158 1158 2218 insidiando,
1176 2160 1218 2211 sit

680 2242 788 2292 semper
801 2237 909 2293 paratus
925 2239 1017 2279 noster
1039 2229 1151 2280 animus
1167 2246 1216 2282 re-

680 2300 809 2360 sistendo,
838 2301 902 2366 quia
926 2311 1062 2352 certamen
1089 2311 1214 2352 nostrum

682 2373 761 2436 brere
772 2383 821 2433 est,
833 2375 976 2438 praemium
990 2389 1055 2424 vero
1072 2383 1215 2426 eternum.

682 2447 738 2496 Nec
761 2462 883 2512 tunquam
911 2463 926 2498 a
951 2463 1043 2514 pugna
1065 2462 1214 2508 cessemus,

681 2517 745 2582 quia
774 2528 1017 2584 quantumcunque
1047 2517 1216 2579 vioerimus,

681 2603 789 2653 semper
809 2599 899 2640 tamen
924 2600 1008 2640 restet
1028 2590 1104 2657 quod
1119 2590 1217 2642 vincs-

682 2675 754 2710 mus.
778 2661 856 2713 Unde
882 2662 939 2713 Leo
960 2662 1033 2730 Papo
1059 2679 1104 2714 :s
1128 2664 1216 2714 Donet

681 2734 743 2786 lieet
756 2735 860 2786 Serretis
874 2736 932 2787 suis
946 2737 1135 2803 quotidianam
1149 2752 1214 2802 grs-

681 2806 719 2857 tia
748 2807 839 2858 divina
861 2808 1014 2868 victoriam,
1043 2825 1098 2858 non
1127 2807 1214 2858 auiert

681 2890 771 2930 tamen
791 2882 942 2932 dimicandi
967 2881 1127 2940 materiam,
1150 2880 1215 2946 qnia

681 2960 708 3000 et
721 2951 774 3000 hoc
784 2952 879 3016 ipsum
892 2951 925 3001 de
946 2950 1131 3000 misericordia
1148 2966 1214 3015 pro·-

681 3020 797 3085 tepentis
812 3030 863 3079 est,
882 3019 930 3085 qui
951 3029 1053 3070 naturae
1073 3019 1212 3083 mutabili,

681 3109 715 3143 ne
737 3094 770 3144 de
788 3093 912 3144 confecto
935 3094 1028 3159 prtelio
1049 3093 1214 3160 superbiret,

682 3179 791 3230 semper
801 3164 889 3215 uoluit
902 3179 1044 3229 superesse
1062 3166 1137 3231 quod
1150 3165 1214 3215 vin-

680 3244 761 3285 ceret.
782 3252 800 3282 ⁷»
828 3235 906 3285 Unde
924 3245 952 3286 et
975 3235 1214 3303 chrysostomus:

682 3325 696 3354 s
721 3306 815 3357 Sencti
842 3305 893 3357 etsi
920 3322 936 3357 a
960 3321 1039 3357 tarne
1061 3305 1132 3356 vinci
1155 3323 1215 3358 non

682 3388 806 3445 possunt,
820 3379 898 3444 qussi
920 3380 973 3445 jam
987 3379 1154 3445 spirituales,
1168 3390 1217 3431 ts·

682 3465 744 3501 men
766 3449 870 3515 petenti
892 3450 1016 3515 possunt,
1032 3450 1109 3515 quasi
1124 3451 1214 3503 adhoc

682 3523 801 3574 carnales
817 3539 824 3573 ε
838 3542 851 3571 s
867 3523 924 3574 baec
938 3523 1161 3591 chrysostomus.

714 3592 748 3643 16
774 3594 939 3644 Toarssnns
971 3609 1044 3644 snnrr
1071 3610 1154 3646 oront
1184 3610 1217 3645 os

681 3680 797 3716 onom
811 3664 963 3716 emsnsrns.
976 3691 1010 3704 -··
1028 3666 1116 3732 igitur
1129 3666 1213 3733 quid-

683 3733 749 3801 quid
776 3734 985 3796 delectomenti,
1009 3736 1054 3786 sel
1083 3736 1216 3786 cruciatus

682 3804 830 3855 transitorii
840 3804 968 3866 occurrit,
982 3805 1073 3856 stetim
1085 3805 1138 3855 boc
1151 3814 1215 3853 tan·

680 3889 765 3941 quam
777 3874 945 3940 petetmiutrn
956 3883 1127 3942 reputemus,
1137 3882 1167 3924 et
1180 3873 1214 3923 sd
