2626 4328
165 110 214 160 DE
229 111 398 162 SECUNDO
410 109 685 170 COMPLETORIO,
697 109 736 160 ΙΝ
753 108 923 160 Passioni:
938 110 1075 161 DOMINI.
1128 109 1179 162 633

63 241 152 294 neque
164 227 384 293 derelinquamus
397 228 425 277 in
439 227 598 278 tentationi-

61 301 113 351 bus
128 299 222 350 hum
235 315 249 349 τ·
268 318 284 347 n
302 299 363 350 baec
375 300 596 367 Chrysustomus.

63 371 112 420 Per
124 370 298 420 dwotionem
311 370 412 436 quippe
426 371 523 420 harum
536 385 598 420 mu·

61 442 160 494 limum
174 443 334 503 ostendimr,
349 442 413 509 quia
427 444 528 493 devotae
540 458 598 508 per-

62 528 139 564 son
158 515 266 564 mundo
287 524 401 563 mortuae
418 514 516 564 debent
534 528 596 564 cum

61 585 173 636 Ωιι-ἰαῦ
185 601 235 651 per
247 586 462 651 compassionem
477 585 596 652 sepeliri,

60 667 91 708 nt
119 669 279 708 mereantur
304 657 517 709 Resurrectionis
539 658 596 724 eius

11 768 15 773 .
60 727 207 794 participer
229 727 298 778 fieri.
334 729 403 778 Lava
431 744 493 794 ergo
520 737 546 778 et
564 737 595 778 tu

60 799 188 864 lacrymis
213 813 310 863 corpus
336 799 394 863 ejus
415 798 595 848 sacratissimo

59 868 194 934 sanguine
211 884 364 934 aspersum3
382 879 409 919 et
421 884 492 934 unge
505 869 595 934 ipsum

59 939 208 1005 nngtmntis
245 949 344 989 satrctae
384 938 540 1003 orationis;
569 941 596 988 et

60 1019 139 1076 ports
163 1009 286 1059 brachiis
320 1009 461 1059 cantativae
487 1019 514 1059 et
541 1009 596 1058 hu-

60 1081 138 1132 milis
160 1081 342 1146 operationis;
370 1091 398 1131 et
422 1081 506 1147 sepeli
532 1097 595 1130 cum

59 1151 228 1202 mutibus
257 1151 341 1201 bonae·
365 1150 594 1211 conversationis,

58 1237 89 1274 a:
99 1222 186 1273 bonis
198 1223 328 1272 doctrinis
338 1232 366 1274 et
376 1223 517 1288 exemplis,
532 1238 594 1272 ctrm

59 1293 157 1344 multis
175 1293 324 1358 gemitibus
345 1309 375 1343 ac
393 1293 546 1358 planctibus
569 1303 596 1343 et

58 1363 204 1431 lamentis3
223 1372 249 1412 et
267 1363 373 1428 cooperi
387 1364 440 1412 sub
455 1362 556 1413 amoris
569 1372 595 1412 et

58 1434 212 1486 &naonis
239 1434 409 1499 pavimento
425 1435 594 1486 conscientiae

58 1514 118 1557 tue
128 1505 159 1554 in
178 1505 296 1555 sindone
309 1517 337 1555 et
351 1506 471 1556 castitate
485 1506 593 1566 mentis,

58 1589 88 1626 ec
101 1574 215 1626 mdtrio
228 1585 255 1624 et
266 1576 356 1625 labore
370 1575 552 1641 poenitentiae3
567 1586 594 1626 et

58 1647 166 1698 sedebis
183 1647 221 1697 ibi
241 1648 316 1712 juxta
341 1664 404 1698 eum
428 1649 463 1706 ad
490 1664 593 1698 monu-

58 1727 204 1778 mentum,
235 1718 320 1768 donec
344 1720 435 1770 videas
462 1719 552 1785 ipsum
578 1733 593 1769 a

58 1789 177 1840 mortuis
199 1802 394 1856 resurgentem.
423 1793 531 1852 Quaeso,
559 1808 592 1842 ne

57 1871 199 1913 mortuum
221 1879 270 1928 pro
287 1873 313 1913 te
328 1864 456 1919 dilectum
478 1865 592 1930 rejicias,

58 1927 104 1983 se'd
127 1932 197 1983 totis
221 1933 365 1984 desideriis
391 1935 420 1985 in
450 1935 591 2000 sepulchro

57 2002 147 2053 cordis
164 2002 295 2068 recipias;
315 2005 431 2070 stringas
453 2005 592 2056 candidis-

58 2073 138 2125 simis
163 2075 358 2142 cogitationum
381 2087 410 2126 et
437 2077 592 2143 purissimis

56 2148 232 2200 &tionum
255 2149 474 2210 linteaminibus,
501 2167 592 2202 roseas

56 2218 282 2286 speciosissimas,
301 2222 516 2272 amorosissimas
534 2224 592 2288 ejus

57 2292 165 2357 plagam
184 2291 269 2341 donec
285 2301 310 2341 te
323 2293 405 2342 ducat
417 2293 443 2341 in
461 2293 591 2343 Resurre-

56 2360 155 2411 ctionis
185 2376 243 2411 sue
271 2361 394 2412 laetitiam
419 2362 591 2413 mirabilibus

57 2432 169 2483 dotibus
182 2433 344 2493 decoratam,
358 2444 386 2484 et
403 2435 431 2483 in
446 2433 592 2484 Ascensio-

57 2503 101 2553 nis
113 2518 174 2554 suae
195 2504 382 2554 excellentiam
404 2520 485 2570 super
499 2521 592 2555 omnes

57 2573 116 2624 endi
125 2572 240 2624 ordines
245 2575 383 2624 elevatam.
392 2575 428 2625 Et
438 2586 510 2639 nota,
518 2577 591 2642 quod

56 2641 119 2693 ticet
154 2643 183 2693 in
211 2643 262 2693 hec
297 2644 434 2708 sepultura
465 2645 592 2696 Christus

57 2711 128 2763 uiuit
143 2729 243 2780 passus
261 2713 352 2774 fuerit,
368 2714 433 2780 qnia
447 2726 590 2779 mortuus3

56 2792 148 2834 tamen
164 2784 219 2834 hoc
239 2784 339 2834 famum
355 2785 383 2833 in
396 2800 426 2835 se
439 2785 592 2836 miserabile

56 2855 109 2907 fun
121 2866 150 2908 et
160 2858 343 2918 lamentabile,
360 2868 467 2924 propter
474 2858 592 2908 rationes

57 2937 84 2978 et
96 2942 194 2979 causm
208 2944 299 2993 supra,
312 2929 382 2979 circa
394 2929 592 2994 depositionem

58 2996 171 3047 Domini
181 2997 218 3048 de
232 3013 311 3048 cruce
326 3007 458 3048 tractatas.

86 3082 106 3134 9
129 3067 268 3128 Quaruon
288 3083 448 3117 menarum
462 3084 478 3117 r
492 3082 592 3118 sarun-

57 3152 131 3188 τω
143 3139 267 3199 Cunmrt,
287 3153 369 3189 ncrus
391 3155 592 3189 cosroanarro-

58 3224 100 3260 trs
118 3224 154 3259 rr
174 3225 282 3259 ουτω.
298 3238 330 3248 -
347 3210 386 3260 Er
409 3211 460 3261 isto
480 3211 593 3261 articulo

56 3280 206 3346 septdturae
232 3280 378 3330 trahuntur
404 3281 480 3346 plura
507 3283 595 3332 docuss

57 3362 160 3403 mentm
187 3351 312 3401 Primum
346 3362 405 3413 est,
443 3354 593 3404 secundum

62 3422 250 3490 Theophilum,
268 3424 342 3489 quod
363 3440 414 3474 nos
427 3425 514 3476 simus
529 3426 594 3476 imi-

57 3504 161 3545 tatores
173 3494 278 3559 ioseph
293 3494 321 3544 in
338 3495 399 3555 hoc,
413 3497 496 3561 quod,
512 3513 596 3564 quan·

57 3567 94 3617 do
104 3576 209 3632 corpus
223 3564 325 3617 Christi
341 3578 497 3633 susceptum
513 3569 596 3620 fuerit

57 3650 74 3685 ι
88 3635 183 3698 nobis,
197 3644 225 3686 et
248 3635 410 3696 involutum,
432 3647 495 3689 tunc
510 3639 595 3690 debe-

59 3724 124 3761 mus
146 3709 240 3777 ipsum
261 3724 361 3776 ponere
374 3709 401 3760 in
418 3722 596 3764 monumento

651 239 720 276 noro
745 225 833 276 exciso
858 224 887 275 in
910 237 1001 292 petra,
1034 227 1063 276 id
1086 236 1126 278 est
1153 227 1180 277 in

651 306 741 345 mente
753 306 846 345 nostra
862 295 910 346 Dei
925 296 1044 362 imagine
1064 295 1184 363 insigni-

649 374 685 423 ta,
702 375 825 414 renovata
845 374 872 414 et
888 363 994 416 firmata
1012 366 1042 415 in
1061 366 1181 425 Christo,

650 433 699 499 qni
713 442 753 482 ert
769 433 866 496 Petra3
884 445 913 483 ut
924 435 995 484 dicat
1007 435 1072 485 illud
1084 435 1181 486 canti

649 518 762 553 oerum-t
787 503 873 552 Tenui
887 518 954 568 eum,
973 520 1020 556 nac
1038 506 1180 556 dimittam.

647 603 678 612 -
692 574 848 625 Secundum
864 585 914 639 est,
933 578 1006 642 quod
1031 577 1103 628 sicut
1123 578 1179 628 Dn-

648 647 738 698 minus
751 662 856 714 passus,
867 660 1000 710 mortuns,
1014 661 1040 700 et
1050 651 1181 717 sepultus,

647 721 809 771 lamentatus
820 720 884 783 fuit,
896 721 971 773 sicet
981 740 1029 774 nos
1038 725 1180 775 lamentari

647 807 710 842 eum
737 793 876 852 debemus,
895 809 943 859 per
966 796 1180 861 compassionem

647 874 674 914 et
685 880 776 916 veram
804 865 1048 931 compunctionem.
1070 896 1100 905 -
1116 869 1182 919 Ter-

646 935 715 987 tium
737 947 787 997 est,
803 937 874 1004 quod
900 937 970 987 sicut
991 939 1116 990 Christus
1133 957 1178 992 se-

646 1008 738 1072 pultus
763 1006 913 1057 custoditus
937 1007 1007 1068 fuit,
1033 1009 1072 1059 sic
1088 1021 1116 1060 et
1131 1026 1181 1061 nos

647 1080 754 1130 eumin
770 1090 860 1129 mente
876 1089 965 1130 nostra
985 1082 1122 1145 sepultum
1136 1082 1178 1132 tir

646 1151 726 1201 miter
735 1152 869 1201 custodire
881 1153 1019 1212 debemus,
1032 1168 1065 1203 ne
1073 1154 1179 1204 latrun-

646 1221 709 1280 culi,
736 1221 820 1271 idest
841 1221 976 1272 daemones
1002 1223 1178 1288 sepulchrum

646 1292 734 1342 cordis
744 1291 828 1342 nostri
843 1292 1006 1351 subintrent,
1019 1303 1044 1343 et
1058 1291 1181 1343 furentur

645 1364 724 1414 nobis
737 1363 838 1414 iesum.
855 1393 885 1402 —
898 1366 1030 1425 Quartum
1045 1375 1094 1426 est,
1107 1370 1181 1433 quoi

646 1443 672 1484 et
685 1449 735 1484 nos
756 1433 803 1500 qui
822 1434 998 1499 spiritualiter
1014 1436 1114 1486 mortui
1132 1452 1181 1487 sn-

646 1522 707 1557 mus
721 1508 844 1572 peceatis,
866 1508 1081 1573 consepeliamur
1095 1511 1176 1560 etiam

645 1593 707 1628 cum
730 1577 839 1627 Christo
849 1593 860 1641 ς
875 1578 912 1628 ita
934 1590 963 1628 ut
982 1579 1179 1632 abscondamur

645 1659 672 1699 et
687 1649 862 1715 quiescamus
882 1650 1030 1714 apeccatis,
1049 1651 1087 1700 sic
1102 1654 1176 1718 quod

643 1728 720 1770 vetus
738 1719 822 1769 homo
843 1718 870 1768 in
885 1720 965 1768 nobis
983 1721 1101 1786 amplius
1121 1737 1177 1771 non

644 1800 772 1855 resurgat.
795 1791 871 1841 Unde
893 1793 1056 1857 Apostolus:
1074 1794 1174 1856 Conse·
1254 1788 1256 1792 ’

640 1861 720 1926 palti,
747 1859 847 1926 inquit,
870 1875 962 1912 stemus
991 1877 1048 1912 narr
1068 1863 1177 1914 Christo

639 1944 690 1995 per
715 1931 884 1996 Baptismum
916 1931 942 1980 in
977 1939 1097 1981 mortem.
1124 1933 1176 1982 Ubi
1252 1950 1255 1955 ·

643 2002 766 2052 Glossa:
784 2001 939 2052 «Christus
953 2002 982 2051 in
998 2019 1111 2068 persona
1128 2019 1174 2054 ve-

643 2073 707 2124 ten's
717 2073 840 2123 hominis
852 2074 967 2146 habebat
976 2076 1099 2125 membra
1109 2091 1176 2124 con-

642 2145 695 2196 fixa
717 2146 745 2195 in
768 2160 854 2205 cruce,
870 2161 904 2194 ne
918 2147 950 2195 ad
975 2147 1077 2211 priores
1102 2157 1177 2196 actus

643 2227 823 2282 moverentur,
843 2234 857 2268 a
878 2218 979 2284 quibus
1001 2218 1083 2268 etiam
1099 2235 1174 2268 mnr-

643 2303 706 2342 tuus
728 2303 754 2343 et
776 2293 897 2357 sepultus
924 2291 1027 2355 quievit
1049 2292 1176 2344 humanis

644 2363 795 2421 subtractus
809 2361 970 2428 aspectibus,
989 2378 1035 2427 per
1054 2362 1105 2412 hoc
1119 2363 1177 2412 exi-

644 2447 738 2498 gensa
764 2430 852 2490 nobis,
878 2440 909 2480 ut
937 2432 1059 2482 membra
1083 2442 1173 2482 nostra

643 2500 816 2552 continentiae
839 2510 865 2551 et
880 2500 989 2565 justitiae
1014 2502 1097 2553 clavis
1110 2519 1179 2552 con-

644 2571 696 2622 fixa
718 2571 874 2632 habeamus,
895 2587 929 2621 ne
949 2572 981 2622 ad
1005 2573 1095 2638 priora
1110 2574 1180 2624 mala

644 2646 794 2705 redeamus,
816 2644 947 2711 aquibus
968 2646 1050 2695 etiam
1064 2647 1100 2696 ita
1115 2661 1178 2712 per-

643 2717 711 2767 fecte
738 2717 925 2782 quiescamus,
953 2727 983 2767 ut
1010 2733 1058 2767 nec
1083 2733 1176 2767 eornm

643 2787 723 2849 visio,
738 2803 786 2837 ner
796 2787 928 2837 memoria
940 2788 1071 2838 habeatur
1081 2797 1126 2849 3et
1139 2787 1177 2837 sic

642 2859 724 2911 veteri
741 2858 851 2908 homine
878 2859 907 2909 in
935 2859 1015 2909 nobis
1038 2859 1174 2917 crucifixo,

644 2941 760 2994 mortuo,
775 2942 801 2981 et
814 2932 929 2996 sepulto,
944 2932 976 2980 ad
992 2932 1062 2981 bona
1084 2947 1176 2982 resur·

644 3013 751 3070 gentes,
780 3001 807 3050 in
842 3003 959 3052 novitate
984 3003 1049 3054 vitae
1080 3005 1176 3054 ambu-

645 3075 728 3126 lemus
752 3091 761 3124 ι
795 3093 808 3121 n
841 3074 899 3124 brec
928 3074 956 3124 in
991 3075 1100 3126 Glossa.
1136 3075 1177 3125 Ad

645 3142 869 3194 conformandum
897 3159 925 3194 se
950 3144 1015 3194 huic
1045 3145 1178 3204 articulo,

645 3214 810 3281 imaginetur
832 3213 915 3263 homo
930 3215 1008 3280 quasi
1029 3231 1076 3265 cor
1098 3231 1177 3266 suum

646 3283 681 3335 sit
709 3282 814 3335 Christi
840 3284 1033 3348 sepulchrum,
1057 3295 1083 3335 et
1109 3285 1179 3336 inibi

648 3357 739 3422 ipsum
759 3354 949 3405 venerabiliter
971 3357 1107 3421 recondat,
1133 3373 1178 3426 ref

647 3428 786 3480 conditum
809 3427 1018 3478 lamentabiliter
1030 3429 1135 3489 defleat,
1155 3442 1181 3480 et

647 3497 791 3564 diligenter
825 3496 984 3558 custodiat,
1026 3516 1059 3550 ne
1087 3500 1180 3566 ipsum

647 3572 761 3622 amittat.
798 3568 967 3635 Consepeliat
1001 3572 1122 3638 seipsum
1153 3571 1182 3622 in

650 3643 745 3694 eodem
780 3641 924 3707 sepulchro
956 3660 1018 3695 cum
1047 3644 1128 3708 iesu,
1154 3652 1181 3693 et

649 3714 768 3767 ruminet
803 3728 912 3777 sensnm
945 3716 1180 3773 documentorum,
