2626 4328
301 160 348 210 DE
362 153 665 210 RESURRECTIONE
678 151 807 204 DOMINI
823 151 962 204 NOSTRI.

69 280 134 347 quia
162 278 184 328 si
213 292 260 341 pro
287 289 377 324 amore
401 271 502 323 Christi
531 285 603 320 nunc

69 361 208 403 mortuum
234 362 331 412 corpus
355 353 512 410 portamus,
538 352 603 393 tunc

69 425 102 474 in.
123 420 276 472 laetabundo
309 417 425 484 gaudio,
452 430 513 466 cum
544 415 603 479 ipso

69 490 304 557 conregnabimus.
328 487 371 537 Sic
394 502 457 552 ergo
480 499 604 536 curemus

71 565 200 615 interesse
220 559 297 608 festis
321 557 475 616 hominum,
494 565 526 606 ut
545 570 604 605 me-

70 649 178 686 reamur
198 631 285 680 etiam·
299 629 427 679 interesse
449 626 524 677 festis
545 628 604 677 An-

71 706 203 772 gelorum.
223 701 300 751 Unde
320 698 496 764 Gregorius:
511 715 525 744 κ
540 698 606 748 Ecce

74 775 210 828 Paschalia
222 772 354 822 solemnia
370 770 489 836 agimns;
508 769 605 820 sedita

70 846 217 897 vivendum
242 853 281 892 est
304 840 393 900 nobis,
414 848 444 889 ut
467 839 606 904 pervenire

72 920 105 968 ad
129 927 226 967 aeterna
250 915 316 965 festa
339 927 497 963 mereamur.
518 912 607 961 Tran-

73 997 154 1039 seunt
176 995 279 1044 cuncta,
294 997 354 1049 quae
370 980 553 1047 temporaliter
565 980 607 1030 fe-

73 1058 141 1108 stive
163 1055 349 1115 celebrantur3
376 1063 475 1115 curate,
492 1049 539 1118 qui
563 1051 607 1100 his

72 1127 251 1180 solemnitatis
270 1124 414 1184 interestis,
434 1140 467 1174 ne
480 1124 514 1173 ab
528 1132 608 1172 aeter-

73 1219 108 1253 na
136 1200 305 1251 solemnitate
329 1196 500 1263 separemini.
536 1197 608 1255 Quid

72 1275 181 1342 prodest
204 1273 334 1323 interesse
356 1270 432 1320 festis
453 1269 608 1328 hominum,

74 1345 98 1396 si
121 1344 214 1395 deesse
238 1341 375 1410 contingat
394 1339 470 1391 festis
491 1340 610 1404 Angelo-

75 1415 159 1468 rum?
186 1414 287 1465 Umbra
307 1422 427 1463 venturae
450 1409 610 1461 solemnita-

76 1488 112 1538 tis
132 1497 172 1538 est
190 1485 348 1536 solemnitas
367 1497 494 1546 praesens.
510 1481 609 1532 Idcirco

76 1558 146 1608 hanc
168 1571 258 1605 annue
280 1555 395 1620 agimus,
417 1563 447 1602 ut
469 1553 502 1602 ad
526 1551 609 1611 illam,

77 1644 139 1694 quae
160 1643 216 1676 non
241 1636 282 1676 est
304 1639 403 1684 annua,
425 1624 610 1690 perducamur.

78 1697 148 1748 Cum
170 1697 227 1746 haec
248 1704 347 1745 statuto
366 1705 487 1760 tempore
500 1692 610 1759 geritur,

77 1771 112 1821 ad
128 1769 203 1820 illius
226 1766 391 1817 desiderium
411 1765 542 1816 memoria
558 1782 611 1815 no-

77 1853 133 1894 stra
149 1841 296 1892 refricatur.
314 1839 537 1905 FrequentatIone
547 1854 611 1905 ergo

78 1914 169 1981 gaudii
185 1912 352 1978 temporalis,
371 1911 404 1962 ad
424 1920 522 1961 aeterna
543 1927 611 1977 gau-

78 1984 123 2034 dia
145 1998 223 2032 mens
248 1982 389 2031 incalescat
411 1990 438 2031 et
458 1978 565 2042 ferveat,
581 1990 612 2030 ut

21 2069 27 2083 ·
78 2070 111 2104 ex
136 2053 247 2102 veritate
274 2051 368 2101 laetitia
400 2049 551 2116 perfruatur
582 2051 611 2101 in

79 2124 165 2192 patria
188 2123 262 2189 quod
281 2123 315 2172 de
338 2120 434 2171 umbra
449 2121 538 2196 gandii
553 2136 612 2172 me-

80 2194 222 2245 ditatur-in
238 2192 301 2243 via:
316 2210 330 2239 n
346 2192 402 2242 haec
419 2192 582 2258 Gregorius,

112 2264 129 2315 8
150 2264 261 2314 Frouna
276 2263 506 2313 Rasunnucrrours
527 2262 614 2312 Curu-

82 2351 133 2387 srr.
163 2360 194 2372 -·
225 2332 352 2384 Christus
381 2332 614 2382 Resurrectionem

83 2423 161 2459 suam
185 2422 232 2472 per
254 2408 414 2457 samsonem
436 2405 615 2457 fortissimum

84 2478 151 2528 olim
165 2477 298 2544 figuravit,
314 2476 362 2543 qui
378 2475 512 2526 civitatem
526 2475 617 2525 inimi-

84 2564 177 2600 corum
198 2563 311 2598 suorum
331 2545 454 2597 introivit
473 2556 499 2596 et
514 2546 616 2596 ibidem

85 2630 163 2671 nocte
185 2619 338 2682 dormivit;
370 2629 397 2669 et
422 2634 483 2669 curn
512 2618 617 2669 inimici

84 2701 175 2757 portas
210 2689 325 2740 civitatis
363 2689 552 2753 custodirent,
588 2700 619 2740 ut

85 2762 176 2829 Ipsum
199 2777 276 2812 mane
303 2759 570 2826 comprehenderent,
593 2769 620 2810 et

1136 155 1185 206 661

656 268 815 328 occiderent,
837 267 895 333 ipse
920 269 1008 320 media
1032 280 1108 323 nocte
1126 289 1189 325 sur-

656 339 734 400 rexit,
750 348 776 390 et
789 350 894 405 portam
909 340 1023 391 civitatis
1036 359 1127 394 secum
1140 347 1189 396 de·
1250 404 1252 408 y

658 413 729 464 tulit.
752 413 797 463 Sic
814 414 940 465 Christus
960 416 1055 466 urbem
1069 417 1189 470 hostium

659 499 782 544 suorum,
806 484 858 534 hoc
878 495 917 536 est
932 485 1079 550 infernum,
1094 500 1191 554 poten-

658 563 699 604 ter
717 554 826 606 intravit
832 571 840 618 ;
856 565 883 605 et
896 557 1030 608 destructo
1045 575 1085 622 eo,
1104 561 1191 611 media

658 635 735 677 nocte
752 627 879 678 surrexit.
903 629 1029 681 Christus
1044 632 1124 682 etiam
1145 649 1193 698 per

658 701 763 760 Jonam,
784 701 1017 751 Resurrectionem
1036 719 1112 753 suam
1127 720 1192 770 prae·

659 769 792 837 figuravit,
809 786 891 836 quern
912 773 941 822 in
959 782 1049 824 ventre
1073 776 1123 825 ceti
1145 792 1192 842 per

659 841 780 892 triduum
796 839 888 891 vivum
903 844 1079 904 conservavit,
1094 856 1193 911 etpost

658 914 780 964 triduum
795 922 868 963 cetus
881 913 972 978 ipsum
985 917 1018 965 de
1035 932 1081 966 ore
1095 917 1124 966 in
1136 928 1192 968 ter-

660 1001 718 1035 ram
734 985 828 1040 vivum
848 984 949 1037 emisit.
963 986 1026 1037 Fuit
1040 988 1121 1038 etiam
1137 990 1193 1040 Re-

660 1055 790 1106 surrectio
818 1054 919 1105 Christi
947 1056 1116 1122 praefigurata
1147 1058 1194 1125 p¹er

661 1127 788 1192 lapidem,
804 1141 886 1193 quern
901 1126 1112 1191 reprobaverunt
1127 1131 1195 1180 aedi·

661 1198 770 1249 ficantes
782 1198 914 1263 templum
929 1198 1050 1250 Domini.
1064 1201 1116 1259 Qui
1132 1218 1194 1252 cum

662 1267 696 1318 ab
719 1267 759 1317 eis
782 1277 892 1332 propter
916 1264 1125 1332 ineptitudinem
1142 1270 1194 1321 ab·

662 1341 746 1406 jectus
768 1346 847 1401 esset,
872 1337 981 1387 tandem
1007 1351 1194 1392 consummato

663 1410 775 1475 templo,
800 1423 863 1459 cum
885 1408 954 1474 lapis
976 1411 1114 1476 angularis
1131 1413 1195 1478 poni
1234 1444 1236 1449 .

664 1485 786 1543 deberet,
812 1482 860 1549 qui
885 1482 914 1532 in
937 1497 967 1532 se
991 1483 1059 1534 duos
1083 1486 1197 1550 parietes

665 1554 860 1620 complecteret,
872 1568 925 1602 non
938 1562 979 1604 est
988 1553 1114 1606 inventus
1128 1557 1198 1624 Iapis

664 1626 698 1676 ad
712 1625 764 1675 hoc
777 1634 866 1690 aptus,
889 1624 942 1673 nisi
964 1624 1008 1674 ille
1023 1627 1070 1691 qui
1085 1627 1118 1676 ab
1130 1627 1198 1677 aedi-

664 1695 808 1746 ficantibus
821 1704 879 1745 erat
889 1697 1059 1760 reprobatus.
1074 1698 1199 1748 Christus

665 1777 721 1818 erat
741 1766 811 1832 lapis
834 1767 1001 1832 reprobatus,
1021 1767 1050 1818 in
1071 1784 1118 1820 sua
1134 1771 1199 1820 Pas-

665 1841 760 1904 sione;
776 1849 802 1890 et
816 1837 903 1889 factus
923 1849 963 1890 est
987 1841 1114 1892 Ecclesiae
1130 1841 1199 1908 lapis

664 1910 818 1974 angularis,
847 1909 877 1958 in
906 1924 954 1959 sua
983 1909 1198 1962 Resurrectione.

666 1981 746 2031 Tunc
762 1980 907 2047 adimpleta
928 1989 969 2030 est
992 1981 1037 2032 illa
1058 1982 1200 2048 prophetia

666 2051 772 2105 David:
789 2051 919 2117 Lapidem
942 2066 1017 2117 quem
1036 2054 1200 2119 reprobave-

665 2118 729 2174 runt
741 2121 915 2188 aedificatrice,
933 2132 999 2186 etc.;
1024 2133 1050 2172 et
1065 2124 1124 2173 ideo
1143 2123 1201 2189 ipsa

666 2194 788 2244 cantatur
797 2191 826 2241 in
837 2192 881 2242 dle
895 2190 963 2242 festo
978 2194 1201 2245 ResurrectionIs.

668 2263 749 2330 Lapis
766 2263 818 2313 iste
840 2263 908 2313 duos
927 2264 1041 2329 parietes
1058 2265 1200 2328 intemplo

668 2332 780 2384 Domini
796 2332 965 2393 coadunavit,
988 2333 1053 2400 quia
1075 2335 1202 2386 Christus

669 2405 703 2454 de
716 2402 816 2472 populo
833 2403 935 2453 Gentili
949 2412 974 2454 et
989 2405 1099 2455 Iudaico
1118 2421 1201 2455 unam

670 2474 818 2526 Ecclesiam
834 2472 989 2539 aedificatum
1004 2475 1032 2524 in
1045 2477 1098 2527 hoc
1110 2486 1202 2527 autem

671 2543 785 2596 aedificio
799 2558 849 2610 pro
864 2556 997 2596 caemento
1011 2561 1076 2597 usus
1097 2559 1137 2598 est
1153 2562 1203 2597 suo

670 2615 812 2682 sanguine,
830 2625 856 2667 et
879 2632 927 2682 pro
941 2617 1078 2685 lapidibus
1093 2634 1142 2669 suo
1158 2633 1204 2670 sa-

671 2687 824 2738 cratissimo
836 2703 956 2754 corpore.

580 3056 717 3108 ORATIO

121 3277 240 3328 Domine
257 3278 320 3328 Jesu
336 3277 455 3339 Christe,
477 3277 574 3327 dulcor
585 3277 675 3337 unice,
691 3277 739 3344 qui
754 3277 843 3344 ruptis
854 3277 969 3329 vinculis
984 3276 1091 3338 mortis,
1104 3276 1209 3343 glorifi-

89 3349 156 3400 casti
172 3364 269 3413 corpus
285 3358 373 3408 tuum,
388 3357 415 3398 et
430 3349 459 3398 in
473 3358 528 3399 tam
543 3348 670 3399 ineffabili
686 3349 772 3415 gloria
785 3350 935 3410 surrexisti,
950 3364 1043 3416 precor
1056 3357 1083 3399 et
1098 3349 1209 3401 obsecro

89 3430 126 3484 te,
143 3435 192 3484 per
203 3430 277 3470 tuam
291 3420 526 3470 Resurrecnonem
540 3418 666 3469 floridam
679 3421 715 3470 da
726 3420 797 3471 mihi
812 3430 843 3471 ut
859 3420 967 3484 avitiis,
982 3430 1036 3471 eta
1052 3433 1140 3472 morte
1152 3421 1210 3473 ani·

90 3506 144 3542 mae
165 3505 320 3556 resurgens,
338 3490 368 3539 in
387 3490 536 3540 virtutibus
558 3505 666 3556 semper
680 3490 799 3552 floream,
821 3491 890 3542 etin
905 3491 1024 3542 novitate
1037 3491 1098 3542 vitae
1111 3493 1210 3543 ambu-

90 3561 155 3621 lem,
180 3570 210 3610 ut
235 3577 295 3628 qnae
317 3575 426 3611 sursum
448 3569 515 3611 sunt
528 3575 649 3628 quaeram
668 3571 695 3612 et
711 3563 826 3628 sapiam,
846 3577 902 3613 non
915 3576 976 3628 quae
998 3578 1080 3629 super
1102 3574 1208 3615 terram.

91 3632 145 3682 Per
157 3641 212 3682 tuae
224 3632 353 3683 claritatis
366 3632 505 3692 virtutem,
519 3647 604 3700 purga
623 3633 743 3685 animam
757 3649 846 3685 meam
859 3649 875 3684 a
890 3634 1010 3686 tenebris
1023 3645 1192 3701 peccatorum
1200 3651 1208 3699 ;

91 3714 118 3756 et
139 3721 188 3772 per
210 3707 332 3757 eamdem
345 3706 472 3757 virtutem
486 3705 532 3756 die
544 3707 703 3758 universalis
720 3707 923 3759 resurrectionh
943 3722 1004 3759 caro
1018 3723 1078 3760 mea
1090 3715 1210 3774 resurgat

92 3778 126 3828 ad
141 3779 266 3844 gloriam,
284 3789 315 3831 ut
327 3789 415 3831 tecum
429 3778 592 3832 eternaliter
605 3779 636 3832 in
649 3790 765 3849 utroque
778 3780 916 3849 gaudeam.
933 3781 1030 3849 Amen.
1053 3826 1063 3845 ,
