2626 4328
144 224 194 275 522

141 356 170 393 es
198 345 243 402 tu,
271 355 303 390 ex
326 355 382 406 quo
404 338 470 390 alibi
495 348 536 390 est
559 352 673 404 regnum

140 410 234 463 tuum't
250 410 401 478 Respondit
419 411 500 461 Jesus
515 426 524 460 .·
542 408 585 458 Tu
605 407 674 459 dicis

139 482 204 549 quia
218 481 282 532 Rex
296 496 354 532 sum
369 495 430 547 ego.
449 479 535 541 Quasi
551 479 651 529 diceret
666 495 673 528 ε

142 554 198 618 Ego
223 567 271 601 nec
285 566 362 617 nego,
381 565 428 600 nec
448 549 566 608 affirmo,
582 549 628 598 sed
645 557 674 598 tu

140 625 217 685 dicis,
241 640 295 674 non
323 634 412 674 mmen
442 624 597 680 asserendo,
627 621 673 670 sed

142 694 339 762 interrogando.
350 693 453 744 Eodem
467 694 549 744 verbo
565 689 674 742 Praesidi

142 782 197 832 quo
212 776 238 815 et
254 763 424 830 principibus
443 764 612 814 sacerdotum
630 775 675 810 re-

142 838 262 905 spondit,
277 848 307 887 ut
324 836 433 903 propria
453 835 587 888 sententia
608 849 676 882 con-

142 911 313 962 demnentur.
339 908 433 961 Noluit
457 908 545 960 dicere
574 927 580 959 :
610 905 675 959 Non

143 998 230 1038 sum,
253 998 287 1033 ne
316 981 416 1033 falsum
442 983 562 1043 diceret,
589 985 676 1036 noluit

142 1053 222 1104 etiarn
230 1053 333 1103 dicere:
347 1053 401 1119 Ego
409 1069 480 1117 sum,
489 1069 522 1103 ne
534 1055 676 1106 calumniae

142 1126 307 1175 occasionem
329 1126 411 1176 daret.
440 1126 518 1176 Unde
540 1128 579 1178 sic
603 1139 676 1179 tern-

142 1197 243 1261 peravit
257 1195 471 1261 responsionem,
488 1207 518 1247 ut
536 1209 561 1248 et
582 1215 674 1249 verum

141 1267 251 1328 diceret,
277 1279 304 1318 et
334 1284 423 1318 sermo
448 1269 505 1334 ejus
534 1271 677 1321 calumniae

140 1355 196 1389 non
218 1349 332 1406 pateret,
348 1350 373 1390 et
388 1339 496 1405 penitus
509 1342 584 1392 nulla
599 1343 677 1408 culpa

143 1409 172 1458 in
196 1425 227 1459 eo
250 1419 463 1474 cognosceretur.

177 1495 205 1529 11
226 1479 358 1529 Counrrro
374 1494 454 1529 assur
469 1481 588 1545 Cnarsrr,
606 1498 679 1533 venr-

144 1565 221 1600 snrrs
235 1565 408 1599 rnnnrcnrro.
427 1552 572 1602 -Deinde
586 1555 677 1604 deter-

144 1620 230 1671 minat
237 1622 278 1671 sui
287 1621 362 1686 regni
372 1621 678 1684 conditionem,dicens:

144 1691 210 1756 Ego
233 1692 260 1740 iu
280 1691 330 1742 hoc
352 1697 432 1741 natus
457 1706 524 1754 sum,
543 1702 680 1759 tempora-

145 1760 216 1819 liter,
239 1767 264 1810 et
287 1760 323 1810 ad
344 1760 393 1811 hoc
416 1762 476 1812 veui
496 1762 522 1812 in
545 1764 679 1826 mundum,

146 1848 193 1898 per
213 1832 301 1882 carnis
320 1833 543 1897 assumptionem,
568 1842 596 1885 ut
610 1838 682 1886 testi-

145 1903 261 1954 monium
271 1903 425 1969 perhibeam
439 1905 556 1969 veritati,
566 1906 681 1957 dicendo

145 1985 171 2025 et
196 1974 340 2023 radicando
364 1974 503 2026 veritatem
526 1977 560 2027 de
581 1977 681 2028 divinis

145 2045 173 2094 in
189 2044 315 2093 cordibus
326 2043 457 2094 fidelium.
469 2046 502 2095 Et
512 2045 582 2108 ideo,
597 2048 682 2098 omnis

145 2115 191 2179 qui
217 2120 258 2164 est
286 2129 323 2164 ex
353 2115 467 2165 ueritate
490 2115 594 2181 prima,
622 2133 682 2183 quae

145 2186 217 2234 Deus
241 2194 289 2245 est,
303 2201 358 2234 non
379 2185 466 2235 solum
495 2201 542 2251 per
567 2188 682 2237 creatio-

147 2273 219 2316 nem,
235 2259 282 2307 sed
298 2256 379 2307 etiam
402 2272 449 2322 per
463 2256 643 2309 imitationem
656 2271 682 2308 et

147 2330 354 2393 subjectionem,
370 2330 447 2380 audit
459 2331 540 2380 uerba
554 2345 620 2381 mea·
630 2346 682 2380 cre-

146 2404 244 2462 dendo,
256 2414 282 2454 et
298 2419 378 2469 opere
391 2403 581 2469 adimplendo;
597 2415 624 2455 et
635 2420 682 2470 per

147 2489 316 2538 consequens
335 2474 362 2523 in
379 2474 480 2524 talibus
505 2474 682 2540 spiritualiter

146 2557 238 2607 regno.
261 2544 344 2594 Dixit
367 2544 392 2593 ei
406 2545 516 2595 Pilatus
528 2564 537 2596 .·
550 2545 622 2606 Quid
641 2552 682 2596 est

147 2613 274 2662 ueritas?
294 2615 327 2663 Et
346 2615 428 2678 hujus
451 2617 609 2682 quaestionis
637 2632 681 2667 re-

146 2699 278 2749 sponsum
315 2701 371 2735 non
410 2687 590 2751 exspectavit,
618 2688 683 2753 quia

145 2755 300 2806 Judaeorum
321 2754 461 2815 malitiam,
475 2767 501 2806 et
518 2756 621 2807 Christi
638 2758 682 2807 in-

146 2827 300 2877 nocentiam
314 2825 475 2892 percipiens,
491 2827 523 2877 ad
538 2828 596 2891 ejus
611 2828 682 2878 libe-

146 2900 279 2951 rationem
299 2899 453 2963 festinavit3
477 2900 518 2949 vel
550 2901 681 2965 quaestio-

146 2986 208 3020 nem
241 2971 274 3020 de
307 2969 419 3020 veritate
461 2937 565 3019 tantbm
598 2970 682 3021 iacere

146 3041 245 3107 potuit,
260 3041 306 3091 sed
322 3055 483 3107 responsum
496 3039 575 3091 finale
587 3041 682 3108 audire

148 3128 201 3161 non
220 3112 328 3172 meruit,
342 3111 406 3178 quia
419 3111 551 3177 judicium
570 3127 651 3162 suum
668 3129 683 3162 a

146 3183 258 3232 veritate
282 3182 436 3246 inchoavit,
453 3193 479 3232 et
495 3198 551 3232 non
568 3182 596 3232 in
610 3183 683 3233 veri-

149 3261 210 3311 tate,
223 3252 269 3302 sed
284 3252 312 3301 in
329 3252 502 3318 perversitate
516 3251 614 3303 finivit.
630 3253 682 3304 Le-

149 3323 222 3387 gitur
255 3335 344 3373 tamen
370 3324 399 3374 in
426 3325 572 3391 Evangelio
597 3326 683 3375 Naza-

149 3407 277 3452 reorum,
302 3404 328 3444 et
355 3394 436 3444 etiam
465 3393 570 3445 videtur
595 3394 683 3444 dicere

148 3464 328 3528 Augustinus,
341 3464 415 3529 quod
431 3464 557 3516 Christus
573 3480 683 3531 respon·

111 3572 112 3576 ,
148 3535 197 3596 dit,
222 3538 295 3602 quod
322 3536 419 3587 veritas
443 3548 484 3588 est
504 3539 538 3588 de
558 3540 635 3599 coelo,
657 3549 683 3588 et

149 3621 202 3655 non
221 3607 316 3657 eratin
332 3618 417 3672 terra;
433 3609 480 3658 sed
502 3608 604 3660 Pilatus
627 3625 683 3659 non

146 3678 249 3729 audivit
264 3696 271 3729 ε
287 3681 327 3730 vel
342 3679 407 3746 quia
419 3680 502 3731 exivit
516 3682 549 3732 ad
565 3682 682 3744 Judaeos,

149 3753 188 3803 vel
204 3765 311 3818 propter
329 3755 476 3806 tumultum
499 3755 681 3806 clamantium.

147 3825 250 3876 Pilatus
270 3827 450 3893 quaestionem
463 3828 496 3878 de
513 3827 625 3878 veritate
642 3826 682 3877 fe-

434 221 608 273 SECUNDAE
626 183 749 271 PARTlS
767 220 884 272 CAPUT
903 221 969 273 LXI.

728 337 773 401 cit,
787 337 834 388 sed
845 337 879 389 de
890 338 1065 404 responsione
1080 353 1136 390 non
1150 339 1265 390 curavit.

728 409 833 460 Veritas
849 409 923 460 enim
940 421 980 460 est
998 409 1068 460 sicut
1087 425 1158 476 aqua
1180 411 1265 462 bene

1305 354 1310 485 l

727 480 807 541 dicta,
833 480 865 531 ad
888 495 971 547 quarn
999 496 1094 531 omnes
1127 494 1264 543 currunt,
1308 508 1310 521 ·

728 561 819 602 tamen
841 567 939 603 manus
958 551 1034 603 faciei
1058 563 1212 618 apponunt,
1227 570 1262 605 ne
1307 548 1310 607 ἶ

729 638 810 689 super
829 622 923 674 faciem
938 639 1008 689 aqua
1021 622 1104 674 cadat.
1124 623 1170 674 Sic
1184 622 1264 677 mulii

1306 672 1310 703 l

728 705 855 763 quaerunt
868 696 902 746 de
916 696 1037 760 veritate,
1054 697 1151 746 nolunt
1173 706 1265 749 tamen
1307 736 1310 755 ,

728 766 802 832 quod
818 765 859 816 eis
872 766 971 816 veritas
985 767 1018 817 de
1037 766 1094 816 suis
1115 765 1266 818 defectibus
1306 790 1310 799 =

728 836 843 896 dicatur,
860 835 941 886 etiam
955 852 1003 902 pro
1017 851 1112 886 eorum
1137 836 1235 888 salute.
1308 886 1311 905 ἶ

764 921 794 955 ra
807 907 969 956 Purro'uora
978 921 1136 956 ravennense
1146 921 1175 955 ns
1185 907 1264 958 Cunt-

729 993 777 1028 sro
801 992 910 1037 cnusnu,
933 977 1018 1027 lunnr
1036 992 1124 1026 nanno
1146 993 1183 1027 ar
1198 993 1267 1029 ron·
1308 1006 1311 1049 2

729 1063 791 1097 stus
802 1063 855 1098 nuu
869 1063 1011 1098 accusans.
1027 1076 1057 1086 -
1074 1047 1114 1097 Et
1130 1061 1191 1098 cum
1208 1047 1265 1100 haec

730 1117 856 1182 dixisset,
868 1117 1012 1183 quaerendo
1025 1116 1091 1183 quid
1105 1126 1146 1167 est
1156 1116 1265 1177 veritas,

730 1190 826 1240 iterum
852 1188 940 1239 exivit
963 1188 1000 1238 ad
1022 1188 1143 1248 Judaeos,
1164 1196 1197 1238 ut
1218 1203 1267 1255 pro
1309 1222 1311 1231 .

731 1260 884 1311 innocentia
909 1259 1019 1309 Domini
1043 1260 1218 1326 loqueretur,
1239 1266 1264 1311 et
1309 1314 1311 1321 ,

731 1331 805 1382 dixit
826 1331 863 1381 ad
887 1345 932 1381 eos
953 1348 961 1381 :
986 1331 1051 1396 Ego
1077 1331 1178 1381 nullam
1192 1331 1220 1382 iu
1236 1344 1268 1383 eo
1309 1330 1311 1343 '

731 1401 834 1451 inuenio
854 1415 972 1463 causam,
994 1399 1096 1450 scilicet
1113 1410 1202 1451 morte
1223 1399 1266 1451 di·
1308 1416 1311 1469 3

732 1487 822 1537 gnam.
838 1469 910 1531 Quia
927 1470 1001 1520 enim
1015 1469 1123 1531 Pilatus,
1135 1479 1163 1521 et
1176 1471 1266 1537 lmpe·
1308 1482 1311 1495 ¹

732 1552 803 1593 rator
817 1541 944 1591 dominus
968 1557 1043 1601 suus,
1059 1557 1114 1591 non
1138 1542 1268 1592 curabant

733 1612 786 1662 nisi
806 1612 840 1662 de
858 1627 941 1678 regno
957 1622 1073 1672 terreno,
1086 1610 1146 1662 ideo
1166 1611 1266 1662 Pilatus

733 1684 829 1735 habuit
843 1685 936 1734 lesum
951 1693 1116 1744 excusatum,
1131 1684 1225 1735 dicens
1236 1698 1265 1734 se

734 1756 806 1806 nihil
817 1755 939 1806 criminis
954 1755 1075 1806 invenire
1087 1755 1116 1805 in
1131 1770 1174 1806 eo.
1185 1755 1268 1807 Judaei

734 1842 797 1892 ergo
826 1825 928 1876 invidia
952 1825 1083 1876 stimulati
1111 1835 1193 1886 sunt,
1220 1826 1267 1893 qui

734 1896 835 1961 justum
860 1895 1024 1946 mendaciter
1049 1896 1178 1947 damnare
1191 1896 1270 1963 ‘labo-

736 1980 870 2020 taverunt.
887 1969 939 2019 Sed
956 1968 1001 2019 hic
1017 1979 1058 2019 est
1071 1970 1170 2020 modus
1182 1969 1268 2020 malo·

735 2057 806 2100 rum,
826 2042 899 2107 quod
920 2056 967 2106 per
988 2040 1127 2091 mendacia
1144 2051 1270 2108 quaerunt
1309 2058 1312 2063 ·

735 2113 989 2164 condemnationem
1007 2113 1150 2178 justorum.
1167 2114 1208 2164 Ex
1220 2113 1270 2165 hoc
1300 2146 1312 2181 ·,

736 2185 817 2235 etiam
831 2193 902 2249 patet
916 2183 989 2250 quod
1011 2183 1156 2250 aliquando
1173 2183 1269 2250 justius
1305 2186 1312 2243 ζ

735 2256 823 2323 agitur
840 2255 865 2305 in
886 2254 959 2305 curia
974 2253 1070 2314 laicali,
1085 2270 1170 2321 quam
1192 2254 1271 2306 eleri-
1305 2292 1312 2329 .·

735 2329 804 2395 cali3
830 2328 966 2395 principes
1001 2328 1075 2378 enim
1102 2328 1270 2381 sacerdotum
1309 2332 1312 2399 ξ

736 2399 876 2451 Christum
889 2399 1136 2449 condemnaverunt
1144 2409 1271 2466 tanquam
1310 2428 1312 2433 ·

736 2473 831 2524 mortis
854 2488 940 2533 reum,
969 2487 1052 2538 quern
1081 2471 1184 2522 Pilatus
1207 2486 1271 2538 pro-
1301 2468 1312 2533 ,'

738 2544 843 2597 nuntiat
864 2543 1036 2593 innocentem
1057 2551 1083 2592 et
1097 2542 1210 2607 iustum.
1228 2541 1270 2593 Sic
1309 2560 1312 2569 ·

736 2625 762 2666 et
778 2614 860 2666 hodie
873 2613 903 2665 fit
917 2613 947 2663 in
962 2612 1086 2679 pluribus
1100 2611 1178 2673 locis,
1197 2612 1269 2679 quod

737 2685 920 2736 malefactores
934 2682 982 2750 qui
998 2697 1046 2748 per
1060 2683 1193 2733 seculares
1202 2681 1268 2748 judi-

737 2772 781 2807 ces
806 2756 980 2821 punirentur,
1003 2768 1051 2819 per
1079 2753 1271 2804 ecclesiasticos

736 2826 818 2887 viros,
840 2827 868 2876 in
894 2841 1023 2892 magnum
1043 2825 1203 2875 scandalum
1221 2839 1270 2888 po·

737 2900 804 2966 puli,
819 2909 937 2950 tuentur.
951 2899 1036 2949 Judaei
1049 2912 1112 2948 vero
1128 2913 1192 2948 cum
1206 2895 1272 2947 nihil

736 2971 810 3022 aliud
843 2970 962 3021 iacerent
991 2968 1133 3021 calumniae
1165 2983 1267 3027 eorum,

736 3044 909 3095 recurrebant
929 3043 960 3092 ad
974 3041 1095 3093 subsidia
1108 3042 1267 3092 clamorum.

737 3115 815 3166 Unde
839 3112 903 3179 quia
927 3111 1086 3163 deficiebant
1105 3111 1268 3168 rationibus,

736 3185 933 3236 invalescebant
966 3183 1086 3244 vocibus,
1117 3182 1235 3234 dicentes
1262 3198 1269 3232 ι

737 3256 886 3307 Commouit
912 3255 1060 3321 populum,
1089 3254 1188 3305 docens
1218 3267 1270 3321 per

737 3326 889 3376 uniuersam
909 3325 1042 3388 audeam,
1059 3330 1085 3374 et
1098 3324 1230 3391 incipiens
1253 3336 1270 3374 a

737 3397 856 3448 Galilaea
871 3396 1023 3462 usquehuc.
1041 3396 1124 3456 Quasi
1136 3395 1271 3448 dicerent:

737 3466 867 3519 Pervertit
885 3469 1025 3534 populum,
1041 3477 1067 3518 et
1086 3467 1207 3518 turbavit
1221 3482 1269 3534 pa-

736 3554 795 3588 cem
809 3552 1001 3598 communem,
1016 3553 1063 3587 nec
1084 3537 1112 3586 in
1129 3551 1185 3587 una
1201 3545 1274 3604 parte

736 3620 851 3670 tanturn,
879 3610 926 3660 sed
956 3624 970 3659 a
995 3608 1107 3658 Galilaea
1128 3607 1228 3674 incepit
1247 3615 1273 3657 et

736 3683 789 3733 huc
808 3698 895 3748 usque
917 3680 1046 3748 pervenit.
1068 3679 1121 3730 llic
1141 3695 1273 3730 accusan-

735 3756 804 3806 tium
834 3770 941 3815 sermo,
967 3753 1116 3804 secundum
1149 3752 1272 3813 Bedam,

737 3826 823 3891 magis
843 3836 869 3876 et
891 3839 953 3876 eum
969 3823 1018 3890 qui
1037 3831 1178 3874 accusatur
1194 3821 1272 3873 docet
