2626 4328
152 263 324 316 EPlLOGUS
339 262 524 314 DOMINICAE
543 261 730 322 PASSIONlS,
746 260 797 312 ET
808 260 856 311 DE
870 258 987 310 LAUDE
1004 259 1138 311 CRUClS.
1167 257 1220 326 639

103 384 163 434 sius
184 398 193 432 .·
215 399 229 428 a
250 381 313 430 Plus
340 379 430 445 itaque
454 378 523 429 mihi
542 387 638 428 contu-

103 453 135 502 lit
155 452 228 502 Deus
250 449 418 510 redimendo,
439 465 520 516 quam
541 463 637 499 crean-

103 523 148 572 do.
161 520 283 571 Creando
300 520 401 586 quippe
415 535 459 570 me
469 518 538 569 mihi
553 519 636 577 dedit,

102 595 262 646 redimendo
283 604 383 654 autem,
399 604 425 644 et
445 593 566 658 seipsum
586 591 636 642 de-

102 665 156 725 dit,
182 674 208 715 et
230 679 274 714 me
301 664 369 714 mihi
396 663 521 714 reddidit.
545 663 636 728 ltaque

102 735 127 785 si
142 750 187 785 me
203 744 291 784 toturn
308 735 347 783 illi
361 735 446 784 debeo
461 749 510 800 pro
534 748 577 784 me
594 733 636 783 ia-

103 815 156 866 cto,
181 805 247 871 quid
272 806 326 870 jam
346 805 442 855 addam
466 820 514 870 pro
536 819 579 854 me
593 819 637 854 re-

102 875 190 926 fecto?
213 877 273 926 Non
294 875 369 925 enim
390 885 442 926 tam
472 874 550 925 facile
573 890 634 925 sum

101 945 226 1009 refectus,
241 961 323 1012 quam
338 945 431 995 factus.
446 945 586 1010 Siquidem
602 944 635 993 de

101 1018 177 1069 omni
205 1019 278 1083 quod
302 1017 401 1068 factum
426 1027 467 1067 est
481 1034 488 1087 ².
504 1017 587 1067 Dixit
608 1021 634 1065 et

95 1091 176 1156 sacta
189 1097 266 1152 sunt,·
289 1090 319 1140 in
334 1105 377 1140 me
395 1100 485 1140 autem
506 1089 632 1140 reficien-

101 1163 147 1224 do,
160 1174 187 1214 et
202 1164 270 1214 dixit
284 1165 412 1224 multa,et
423 1163 506 1229 gessit
517 1163 594 1222 mira,
607 1171 634 1212 et

102 1235 214 1301 pertulit
230 1235 305 1296 dura,
321 1246 483 1287 nectantum
493 1236 569 1293 dura,
586 1234 632 1285 sed

101 1309 183 1360 etiam
200 1309 329 1375 indigna:
346 1328 359 1356 n
375 1310 432 1359 haec
448 1307 616 1359 Ambrosius.

134 1397 150 1432 a
168 1382 269 1432 Passus
284 1398 331 1432 rsr
343 1383 464 1432 Douxuus
475 1397 540 1431 otuu
556 1396 634 1430 mra-

101 1472 144 1517 ra,
159 1473 266 1507 ursano
278 1473 312 1507 rr
325 1472 457 1507 resinous.
473 1485 503 1494 -
520 1457 581 1506 Non
594 1466 634 1506 est

101 1537 192 1578 autem
206 1527 394 1577 aestimandum
408 1527 481 1593 quod
501 1525 635 1576 Passionis

102 1611 159 1647 suae
172 1613 258 1663 poena,
280 1597 308 1646 in
324 1598 380 1663 ejus
401 1598 490 1647 solum
511 1596 634 1662 captione

102 1680 129 1720 et
147 1672 291 1722 traditione
315 1670 394 1721 fuerit
422 1671 560 1733 inchoata,
587 1669 633 1720 sed

103 1742 195 1808 potius
207 1743 241 1792 ab
257 1742 366 1793 instanti
381 1758 436 1792 suae
452 1741 635 1808 conceptionis

103 1831 190 1881 usque
203 1817 234 1866 ad
249 1826 364 1867 mortem
374 1816 431 1880 ejus
440 1815 553 1866 duravit.
563 1816 631 1867 Cum

102 1886 175 1937 enim
195 1895 310 1937 mortem
332 1901 408 1937 suam
422 1886 633 1944 acerbissimam,

103 1973 185 2025 quam
208 1975 257 2024 pro
270 1959 355 2008 salute
370 1967 461 2009 nostra
477 1960 531 2024 pati
546 1956 633 2007 voluit

102 2028 258 2080 firmissime
279 2030 421 2095 praesciret,
436 2039 462 2080 et
478 2044 535 2080 eam
557 2028 633 2078 lutu-

102 2118 158 2154 ram
172 2101 348 2154 infallibiliter
361 2113 539 2170 cognosceret,
550 2117 633 2169 opor-

103 2173 153 2224 tuit
169 2175 243 2240 quod
267 2173 294 2223 in
311 2174 430 2237 qualibet
452 2173 518 2224 hora
539 2188 633 2239 proca

104 2244 259 2295 naturaliter
278 2245 389 2308 doleret,
406 2244 552 2310 praesertim
568 2260 632 2295 cum

104 2315 231 2382 cogitaret
256 2326 357 2366 tantam
379 2316 475 2367 mortis
500 2316 630 2366 acerbita-

102 2396 166 2447 tem,
188 2395 214 2436 et
230 2395 331 2436 tantam
353 2386 454 2437 doloris
474 2386 633 2452 generalita-

102 2467 166 2516 tem,
179 2473 242 2523 quae
258 2473 304 2522 per
325 2467 411 2507 totum
423 2472 521 2523 corpus
534 2467 560 2508 et
570 2473 633 2508 orn-

103 2527 147 2578 nia
162 2527 285 2578 membra
293 2528 422 2593 corporis,
438 2538 465 2578 et
479 2543 527 2594 per
537 2544 633 2579 omnes

102 2596 172 2647 vires
187 2597 329 2648 inferiores
343 2599 441 2649 animae
455 2597 570 2648 diffundi
582 2598 632 2649 de-

103 2666 189 2718 bebat.
204 2668 288 2718 Multa
307 2683 370 2718 vero
384 2668 418 2718 de
434 2668 477 2719 his
497 2668 632 2720 Dominus

103 2751 195 2802 passus
215 2747 255 2787 est
279 2753 327 2803 pro
350 2738 438 2797 nobis,
462 2754 522 2804 quae
542 2738 632 2804 colligi

102 2818 216 2872 possunt
230 2823 262 2858 ex
271 2808 360 2859 verbis
371 2809 530 2876 Augustini,
543 2810 635 2860 dicen·

102 2879 136 2932 tis
152 2898 160 2933 .·
176 2899 190 2927 a
210 2882 324 2932 Attende
344 2892 370 2932 et
390 2882 520 2947 intellige,
541 2882 633 2932 anima

103 2967 168 3015 mea,
184 2961 291 3017 tempus
309 2952 468 3003 beatissimae
485 2953 632 3003 Passionis.

103 3022 199 3073 Passus
212 3033 254 3073 est
266 3023 343 3074 lesus
356 3039 442 3083 meus,
458 3039 534 3074 amor
545 3039 633 3088 meus,

101 3090 213 3141 dulcedo
234 3106 302 3152 mea,
321 3106 382 3156 spes
403 3106 472 3150 mea,
495 3091 632 3143 beatitudo

104 3175 171 3225 mea,
195 3161 345 3212 consolatio
373 3175 440 3224 mea,
460 3171 486 3212 et
507 3161 536 3211 in
557 3163 632 3213 omni

102 3239 231 3296 tempore,
247 3231 274 3281 in
289 3242 345 3282 toto
360 3246 480 3297 corpore,
493 3241 520 3282 et
532 3231 561 3282 in
576 3248 632 3283 om·

102 3301 130 3350 ni
141 3315 191 3351 suo
207 3316 297 3366 opere.
312 3302 341 3350 ln
355 3312 475 3367 tempore
486 3301 608 3353 infantia>
623 3319 630 3352 ε

101 3372 239 3436 angustias
251 3372 331 3433 uteri,
346 3382 539 3438 paupertatem,
552 3388 632 3440 aspe-

101 3440 217 3503 ritatem,
248 3454 274 3493 et
297 3443 478 3494 humilitatem
499 3443 631 3510 praesepii,

100 3513 321 3564 consecutionem
353 3514 514 3574 adversarii,
540 3513 632 3580 fugam

100 3585 220 3651 AEgypti.
239 3587 270 3635 ln
290 3596 411 3651 tempore
424 3585 631 3637 adolescentiae:

101 3652 322 3720 disputationem,
338 3655 588 3721 praecipitationem.
602 3656 632 3707 ln

102 3733 221 3793 tempore
245 3728 409 3793 juventutis,
436 3728 631 3780 amarissimam

101 3806 126 3847 et
146 3799 332 3866 turpissimam
349 3800 512 3851 Passionem.
534 3801 633 3853 Passus

102 3876 140 3918 est
154 3868 238 3922 etiam
259 3869 287 3919 in
307 3879 363 3920 toto
376 3885 487 3936 corpore
504 3870 554 3921 :in
571 3885 633 3922 ocu·

690 376 733 437 lis,
748 375 907 427 effusionem
921 375 1114 440 lacrymarum
1130 373 1159 424 in
1169 388 1220 423 au-

690 449 774 509 ribus,
801 448 924 498 auditum
947 447 1169 497 contumeliarum
1194 455 1220 496 et

690 519 937 585 blasphemiarum;
961 518 991 568 in
1021 519 1107 584 genis,
1132 518 1219 567 mole·

689 590 768 641 stiam
789 591 942 656 alaparum,
958 589 987 640 in
1001 589 1119 650 naribus,
1141 587 1220 639 foeto-

689 679 746 713 rem
769 664 862 729 sputi·,
884 663 911 713 in
929 679 984 722 ore,
1008 661 1219 712 amaritudinem

688 733 755 784 aceti
771 745 797 784 et
813 733 897 797 fellis;
915 734 943 784 in
961 733 1097 796 manibus,
1111 731 1219 782 vincula

688 816 714 856 et
734 807 906 858 afflictionem
930 808 1079 873 plagarum,
1096 805 1165 856 sicut
1189 803 1218 855 in

688 880 821 946 pedibus;
840 880 870 930 in
889 889 945 929 toto
963 896 1074 946 corpore
1099 878 1218 944 flagella-

687 951 797 1001 tionem.
814 952 843 1001 ln
868 965 948 1015 opere
967 966 1029 1002 vero
1047 951 1218 1001 detraxerunt

686 1020 879 1085 praedicationi‚
905 1020 1110 1079 conversationi,
1135 1017 1218 1068 mira·

686 1091 808 1142 culorum
823 1091 981 1157 operationi.
1002 1091 1129 1141 Traditur
1142 1099 1168 1140 et
1182 1089 1217 1139 li-

686 1173 764 1228 gatur
795 1163 882 1228 justus
912 1172 937 1212 et
974 1162 1117 1224 innocens,
1149 1160 1218 1211 sicut

685 1247 771 1298 agnus
790 1234 822 1284 ad
837 1232 1006 1291 sacrificium,
1020 1242 1047 1282 et
1063 1232 1132 1282 sicut
1150 1233 1217 1280 latro

686 1303 718 1353 ad
729 1303 920 1369 suspendium3
936 1312 962 1352 et
973 1312 1063 1352 tamen
1079 1316 1133 1350 non
1145 1315 1218 1365 quae·
1296 1323 1298 1329 ν

686 1372 721 1423 rit
735 1373 889 1433 vindictam,
910 1389 963 1424 non
987 1370 1105 1422 ostendit
1127 1369 1216 1435 impu·-

685 1443 817 1505 dentiam,
830 1444 885 1494 imo
897 1443 983 1509 arguit
996 1443 1103 1492 Petrum
1115 1455 1215 1505 ampu-

686 1523 785 1565 tantem
827 1514 991 1573 auriculam,
1022 1526 1084 1562 cum
1125 1519 1216 1576 posset

686 1585 838 1637 obtineres
857 1587 934 1637 Patre
951 1584 1086 1650 legionem
1109 1581 1216 1647 angeli-

685 1671 744 1708 cam
757 1658 918 1708 duodenam.
937 1654 1047 1721 Ligatur
1061 1668 1124 1719 ergo
1144 1651 1214 1702 sicut

685 1731 761 1791 latro,
782 1741 920 1781 accusatur
941 1740 970 1779 ut
987 1729 1063 1786 latro,
1084 1726 1214 1777 condem·

686 1814 765 1853 natur
778 1813 809 1853 ut
829 1804 906 1864 latro,
921 1800 1067 1866 expellitur
1089 1809 1120 1849 ut
1136 1797 1213 1856 latro,

685 1875 809 1939 plectitur
823 1874 894 1924 inter
908 1874 1034 1931 latrones,
1045 1880 1075 1920 ut
1090 1870 1214 1934 princeps

684 1949 829 1999 latronum.
844 1946 958 2012 Liguris
973 1943 1098 2002 Domine,
1114 1951 1144 1991 ut
1158 1940 1214 1990 sol-

684 2033 731 2068 vas
746 2017 853 2068 vincula
872 2026 1056 2082 peccatorum
1071 2023 1101 2062 ut
1114 2009 1215 2060 dissol-

684 2104 731 2140 vas
753 2087 952 2154 colligationem
973 2083 1119 2151 impietatis
1131 2091 1156 2131 et
1172 2079 1214 2130 fa-

685 2160 801 2210 sciculos
833 2157 1024 2224 deprimentes.
1068 2150 1214 2217 Pungeris,

685 2231 754 2280 bone
768 2229 840 2289 Jesu,
862 2227 957 2294 spinis,
973 2224 1054 2275 clavis
1069 2233 1094 2272 et
1113 2224 1213 2278 lancea,

685 2309 715 2349 ut
738 2298 772 2349 sit
792 2299 822 2348 in
843 2297 922 2347 nobis
940 2305 1009 2345 recta
1032 2289 1153 2349 intentio,
1169 2287 1213 2338 di-

684 2382 768 2423 screta
786 2371 914 2437 operatis,
938 2366 1079 2418 manifesta
1097 2361 1212 2413 dilectio.

684 2441 848 2508 Flagellaris‚
874 2450 904 2490 ut
927 2438 942 2489 a
966 2453 1009 2488 me
1034 2434 1137 2501 flagella
1160 2443 1213 2482 tuae

684 2512 829 2562 iracundiae
849 2510 1028 2578 propulsares.
1051 2507 1212 2556 Vulneratus

684 2600 722 2646 es,
744 2585 860 2635 Domine
877 2585 949 2647 lesu,
972 2591 1080 2650 propter
1111 2586 1214 2645 peccata

685 2667 784 2716 nostra,
800 2655 906 2707 attritus
920 2662 1028 2722 propter
1044 2652 1141 2702 scelera
1161 2662 1214 2698 no-

684 2738 752 2791 stra,
769 2736 799 2777 ut
813 2727 868 2777 sint
883 2728 966 2792 plagae
987 2733 1040 2773 tuae
1056 2731 1211 2771 nostrorum

684 2803 827 2853 vulnerum
837 2799 927 2851 efficax
940 2796 1081 2848 medicina.
1093 2794 1213 2856 Tempus

684 2873 774 2934 etiam,
793 2871 882 2922 dulcis
898 2871 970 2929 lesu,
995 2877 1068 2917 tuam
1087 2869 1212 2929 aggravat

686 2944 850 2996 Passionem.
867 2943 963 2992 Passus
979 2939 1051 2989 enim
1066 2950 1094 2985 es
1105 2945 1213 2999 tempo-

685 3032 714 3067 re
729 3024 872 3074 nocturno,
887 3014 994 3070 diurno,
1013 3009 1122 3074 frigido,
1140 3005 1213 3057 aesti-

683 3102 728 3138 v0.
740 3086 772 3137 ln
784 3083 924 3136 Matutinis
937 3080 1091 3147 castigatus,
1108 3077 1136 3126 in
1152 3091 1214 3126 ma-

685 3174 719 3209 ne
734 3166 881 3214 accusatus,
897 3154 925 3204 in
942 3152 1033 3203 Tertia
1046 3149 1213 3210 acclamatus,

685 3228 714 3278 in
743 3229 822 3278 Sexta
851 3227 1053 3281 condemnatus,
1081 3221 1109 3270 in
1137 3218 1215 3270 Nona

685 3315 746 3351 cum
762 3299 878 3350 clamore
891 3307 917 3347 et
933 3295 1061 3362 lacrymis
1077 3290 1213 3359 expirasti.

686 3374 783 3438 Plange
807 3372 890 3437 igitur
913 3380 939 3421 et
962 3371 1033 3429 dole,
1061 3379 1087 3418 et
1113 3376 1213 3434 satage,

684 3445 775 3497 anima
789 3461 857 3506 mea,
879 3455 905 3496 et
928 3444 1060 3495 deducant
1082 3441 1154 3493 oculi
1172 3438 1213 3490 tui

685 3519 824 3584 lacrymas,
839 3526 865 3567 et
881 3532 935 3567 non
947 3525 1029 3566 taceat
1039 3513 1141 3581 pupilla
1155 3526 1215 3563 ocu·

685 3588 704 3638 li
719 3586 759 3639 tui
774 3603 855 3653 super
866 3586 975 3638 fratrem
991 3596 1069 3637 tuum
1085 3585 1213 3635 decorum

685 3658 778 3720 nimis,
796 3668 822 3710 et
836 3658 978 3709 amabilem
999 3673 1080 3724 super
1094 3668 1214 3708 amorem

685 3732 845 3793 mulierum,
860 3731 907 3798 qui
925 3731 1033 3782 vestivit
1055 3739 1080 3780 te
1096 3727 1213 3784 coccino,

685 3812 711 3854 et
734 3803 850 3869 praebuit
872 3812 918 3854 tuo
942 3801 1026 3852 cultui
1051 3805 1214 3851 ornamenta.

687 3873 878 3926 Dolebisenim
890 3872 912 3926 si
925 3872 1077 3924 consideras
1085 3871 1216 3935 lacrymas
