2626 4328
228 280 275 330 DE
290 278 547 343 assUMPTlONE,
567 279 614 330 ET
630 274 749 329 EAUDE
764 278 892 329 BEATAE
907 277 1071 329 VIRGINIS.

93 410 119 450 te
143 407 266 463 tempora
282 394 406 446 universa
436 395 464 445 in
484 394 532 445 Dei
553 411 624 460 prae·

92 469 272 520 destinatione
308 467 510 533 compositum,
545 477 571 517 et
595 467 623 517 in

92 551 213 606 tempore
224 540 313 605 dignae
330 554 461 603 personae,
478 539 624 588 secundum

94 627 160 671 rem,
188 610 379 661 convenienter
399 607 572 674 impositum!
600 608 624 658 O

95 698 194 732 nomen
212 681 285 747 quod
309 680 466 730 nominatur
483 678 582 744 saepius
599 690 625 729 et

93 752 279 819 frequentatur
298 751 403 801 dulcius
417 750 446 800 in
469 750 585 800 concilio
599 762 625 800 et

93 823 301 890 congregatione
325 823 468 887 justorum,
498 833 525 873 et
551 823 624 889 quod

94 907 214 946 versatur
234 895 395 945 clementius
416 894 506 945 inore
531 909 625 960 pecca-

92 969 198 1019 torum!
219 969 273 1028 Qui
295 967 367 1018 enim
391 983 511 1033 unquam
530 968 625 1018 crimi-

95 1055 161 1089 num
176 1039 284 1088 veniam
306 1039 392 1104 petiit,
413 1039 466 1089 nisi
490 1039 625 1089 mediante

95 1112 195 1162 Maria?
221 1113 325 1162 Omnes
351 1112 462 1162 Mariam
484 1111 624 1174 invocant;

94 1198 190 1232 omnes
212 1182 323 1232 Mariam
339 1182 494 1244 nominant;
513 1180 625 1231 Mariam

97 1267 151 1317 prae
164 1252 294 1302 omnibus
316 1262 416 1302 amant.
441 1252 539 1304 Omnis
552 1262 625 1310 aetas,

96 1339 195 1385 sexus,
214 1335 239 1374 et
256 1325 403 1390 professio,
431 1324 542 1375 Mariam
566 1335 626 1374 stu-

95 1395 171 1445 diose
195 1397 331 1446 reclamat.
356 1396 425 1446 Cum
447 1395 521 1445 enirn
547 1410 625 1445 surn-

96 1483 172 1516 mum
192 1468 294 1533 Regem
323 1469 455 1531 peccando
476 1467 625 1534 perdimus,

94 1553 156 1588 cum
174 1539 303 1603 Angelos,
314 1549 339 1588 et
350 1539 460 1589 Sanctos
475 1553 571 1589 omnes
587 1537 627 1588 of-

94 1607 249 1667 fendimus,
273 1625 335 1659 curn
362 1609 442 1659 etiarn
477 1607 627 1674 nobisipsis

94 1697 186 1747 graves
201 1698 306 1742 sumus,
323 1693 348 1732 et
362 1681 476 1732 omnino
491 1682 628 1733 nescimus

95 1755 161 1820 quid
182 1771 259 1820 agere
282 1755 443 1816 debeamus3
471 1755 523 1805 hoc
537 1755 626 1805 solum

95 1835 177 1875 restat
196 1827 303 1876 miseris
329 1836 357 1876 ut
380 1827 473 1876 oculos
496 1825 585 1876 cordis
602 1833 628 1875 et

95 1895 216 1959 corporis
235 1897 269 1945 ad
293 1894 461 1957 relevemus,
482 1894 627 1946 consilium

96 1978 262 2031 quaerentes,
289 1979 314 2018 et
341 1978 462 2033 petentes
485 1967 626 2017 auxilium.

97 2037 174 2087 Unde
189 2039 331 2089 Anselmus
346 2055 352 2088 :
369 2058 383 2086 u
395 2039 472 2089 Nihil
488 2048 558 2090 certe
570 2038 627 2088 uti-

95 2107 149 2158 lius
175 2119 235 2174 post
259 2109 356 2175 Deum,
381 2110 513 2160 memoria
536 2108 628 2160 Matris

96 2177 160 2241 Dei;
183 2178 252 2228 nihil
283 2180 420 2231 salubrius
456 2180 628 2230 meditatione

96 2248 133 2315 pii
149 2250 258 2311 amoris,
271 2267 326 2317 quo
344 2251 461 2304 fervebat
476 2252 505 2303 in
520 2268 627 2303 memo-

95 2319 134 2370 ria
156 2332 182 2372 et
208 2325 436 2389 contemplatione
466 2324 528 2374 Filii
565 2325 626 2387 suit

96 2393 164 2443 nihil
199 2396 345 2460 jucundius
378 2412 472 2460 sapore
503 2397 626 2462 pertracti

97 2464 187 2527 gaudii
201 2465 267 2529 ejus,
281 2482 336 2532 quo
347 2465 531 2532 multipliciter
543 2482 629 2533 pasce-

97 2533 176 2584 batur
192 2535 218 2584 in
231 2537 336 2596 eodem,
349 2547 376 2588 et
387 2553 435 2602 per
447 2538 572 2587 eumdem
587 2537 629 2587 Fi·

95 2604 163 2655 lium
179 2621 268 2657 suum.
286 2607 366 2673 Saepe
387 2608 498 2673 quidem
510 2607 628 2658 vidimus

96 2688 122 2728 et
139 2679 294 2731 audivimus
321 2681 454 2746 plurimos
481 2680 626 2732 hominum

96 2751 126 2801 in
143 2751 200 2801 suis
214 2752 342 2816 periculis
360 2753 491 2804 recordari
506 2753 628 2805 nominis

96 2822 182 2886 ipsius
203 2823 286 2873 beatae
309 2824 399 2874 Mariae
415 2824 539 2890 virginis,
554 2835 581 2876 et
592 2825 628 2875 il-

96 2892 149 2942 lico
163 2893 254 2943 omnis
269 2895 380 2958 periculi
401 2895 503 2946 malum
527 2896 628 2946 evasis-

97 2979 134 3015 se.
152 2965 276 3015 Velocior
290 2976 330 3016 est
344 2965 418 3016 enim
433 2982 629 3033 nonnunquam

97 3035 188 3094 salus,
229 3047 378 3086 memorato
412 3036 523 3086 nomine
555 3038 628 3102 ejus,

96 3124 178 3174 quam
200 3109 323 3160 invocato
344 3109 455 3159 nomine
469 3109 532 3160 Jesu
555 3110 628 3161 unici

96 3179 159 3229 Filii
184 3181 250 3244 ejus.
267 3181 299 3230 Et
320 3181 348 3230 id
371 3180 481 3246 quidem
496 3196 552 3232 non
568 3181 628 3233 ideo

98 3248 137 3309 fit,
151 3252 225 3316 quod
238 3251 296 3316 ipsa
312 3251 397 3316 major
419 3266 451 3301 eo
465 3251 500 3301 sit
516 3262 562 3303 aut
576 3268 627 3318 po-

97 3321 210 3385 tenti0r;
228 3338 276 3372 nec
290 3321 364 3372 enim
377 3322 435 3388 ipse
451 3338 566 3389 magnus
580 3336 627 3375 aut

98 3403 193 3457 potens
223 3406 263 3446 est
281 3411 327 3461 per
348 3396 432 3454 illam,
448 3396 556 3448 sedilia
580 3412 629 3462 per

95 3462 194 3528 ipsum.
211 3465 299 3524 Quare
314 3482 377 3532 ergo
392 3467 465 3516 salus
474 3467 629 3532 promptior

98 3534 126 3584 in
152 3537 336 3587 recordatione
365 3538 423 3602 ejus
452 3551 535 3601 quam
565 3536 627 3587 l'ilii

96 3607 149 3668 sui,
164 3623 234 3673 saepe
250 3608 432 3675 percipiatur?
446 3608 541 3658 Dicam
555 3610 628 3675 quod

97 3679 184 3729 sentio
201 3697 208 3729 2
223 3680 309 3730 Filius
324 3680 435 3746 quidem
456 3680 514 3745 ejus
532 3680 628 3730 Domi-

98 3763 150 3798 nus
163 3759 213 3811 est,
234 3760 260 3799 et
281 3750 367 3800 Judex
382 3749 507 3800 omnium
526 3749 628 3801 discer-

39 3861 41 3865 .
97 3836 165 3871 nens
179 3822 275 3873 merita
290 3823 469 3888 singulorum.
485 3823 557 3873 Dum
576 3823 628 3888 igi-

98 3899 142 3940 tur
174 3890 232 3957 ipse
265 3907 280 3944 a
308 3892 407 3959 quovis
440 3907 489 3944 suo
517 3893 628 3944 nomine

1158 293 1210 346 799

679 395 829 455 invocatus,
845 412 900 445 non
913 394 1004 445 statim
1021 393 1139 457 exaudit,
1154 409 1213 460 pro-

679 469 748 520 fecto
763 470 833 534 justo
846 469 945 534 judicio
958 469 984 517 id
999 467 1071 522 facit.
1087 467 1210 518 invocato

679 549 770 590 autem
781 540 892 590 nomine
904 539 998 589 Matris
1016 553 1081 599 suae,
1095 539 1143 589 etsi
1157 554 1210 589 me-

679 610 730 660 rita
749 610 899 661 invocantis
915 627 971 661 non
987 620 1132 671 merentur,
1148 625 1209 660 me-

679 683 729 733 rita
743 684 835 734 Matris
845 683 1023 743 intercedunt,
1036 694 1067 734 ut
1082 683 1205 733 exaudia-

679 764 732 804 tur.
754 754 818 804 Haec
845 754 960 821 denique
986 755 1122 804 humanus
1143 768 1208 804 usus

679 827 801 894 quotidie
815 822 919 893 probat,
932 844 994 878 curn
1007 828 1071 894 quis
1084 827 1209 894 proposi-

679 910 707 949 to
721 899 802 949 amici
820 899 938 957 nomine,
956 899 989 948 ab
1009 901 1061 950 alio
1084 901 1210 965 impetrat

680 969 840 1031 efficaciter,
872 970 946 1035 quod
976 969 1136 1036 simpliciter
1162 983 1211 1020 sua

679 1056 756 1106 prece
776 1056 947 1107 nequaquam
970 1041 1115 1106 impetrare
1135 1041 1209 1091 vale·

681 1111 734 1161 bat.
749 1113 841 1178 ltaque
858 1112 880 1162 si
893 1122 947 1162 tam
959 1112 1034 1162 utilis
1050 1123 1099 1172 est,
1111 1111 1140 1161 in
1151 1111 1214 1160 sub-

680 1182 821 1245 veniendo,
837 1184 969 1234 memoria
984 1183 1104 1234 nominis
1117 1182 1210 1233 Matris

680 1253 748 1318 Dei,
776 1270 830 1305 non
855 1255 957 1304 mirum
980 1255 1004 1306 si
1028 1254 1114 1319 magis
1137 1252 1214 1303 affert

680 1324 799 1376 fructum
825 1325 951 1392 frequens
979 1325 1105 1376 mediatio
1128 1323 1214 1374 sancti

681 1399 781 1449 amoris
795 1400 860 1464 ejus,
879 1398 902 1448 si
928 1399 1035 1464 plenam
1058 1395 1214 1462 jucundita-

682 1478 736 1519 tem
760 1469 835 1520 dabit
859 1469 930 1518 dulci
953 1467 1045 1518 studio
1061 1467 1175 1533 cogitata
1187 1476 1213 1516 et

681 1541 1003 1608 recogitatairnmensitas
1013 1540 1104 1608 gaudii
1115 1541 1173 1605 ejus
1185 1557 1213 1590 :n

681 1615 739 1664 haec
752 1614 905 1664 Anselmur.

712 1687 798 1738 81²1AE
811 1703 999 1738 asaraurrorvas
1015 1703 1049 1737 ar
1065 1700 1212 1737 oanrronas

681 1778 715 1812 un
727 1762 757 1813 B.
768 1764 886 1812 Marulla.
908 1761 1014 1812 -Tibi
1041 1776 1113 1826 ergo,
1126 1776 1142 1809 o
1155 1774 1215 1824 spes

681 1842 782 1891 nostra,
805 1831 933 1898 gaudium
959 1842 986 1882 et
1016 1830 1107 1881 laetitia
1126 1829 1215 1879 cordis

682 1903 777 1962 nostri,
789 1918 839 1968 ego
851 1912 972 1968 peccator
984 1901 1012 1952 in
1027 1916 1121 1952 vocem
1138 1899 1213 1949 salu-

681 1974 792 2025 tationis
804 1985 830 2025 et
844 1974 933 2025 laudis
952 1973 1064 2039 cupiens
1087 1987 1215 2038 prorum-

680 2064 751 2114 pere,
772 2057 853 2113 teque
875 2064 908 2098 ex
929 2048 1028 2098 intimo
1046 2046 1136 2097 cordis
1151 2060 1212 2095 cum

681 2119 783 2185 gemitu
796 2129 822 2169 et
831 2119 965 2185 lacrymis,
977 2129 1003 2168 et
1017 2118 1112 2167 devota
1127 2115 1215 2166 cordis

680 2188 868 2256 genuflexione
895 2186 1118 2239 affectuosissime
1154 2187 1215 2234 Ma-

681 2271 749 2311 trem
770 2260 862 2325 gratiae
885 2261 1014 2319 salutare,
1034 2266 1060 2307 et
1088 2255 1212 2317 laudare3

681 2347 743 2382 cum
770 2342 860 2382 mente
893 2339 1025 2396 pertracto
1050 2326 1123 2377 viros
1147 2326 1213 2375 illu-

682 2415 759 2464 stres,
779 2405 827 2470 qui
842 2414 868 2455 te
886 2404 920 2454 ab
935 2402 1015 2453 initio
1029 2402 1213 2460 laudaverunt,

682 2492 737 2543 prae
751 2486 861 2541 stupore
880 2475 984 2535 deficio,
1006 2483 1032 2524 et
1051 2473 1122 2523 ultra
1136 2470 1216 2536 spiri·

682 2558 740 2598 tum
769 2562 822 2597 non
852 2546 948 2596 habeo.
976 2545 1028 2596 Sed
1047 2559 1109 2594 cum
1122 2543 1155 2592 ad
1170 2555 1214 2590 me

682 2617 773 2682 ipsum
794 2616 883 2679 redeo,
907 2616 965 2666 haec
986 2615 1057 2666 intra
1072 2629 1115 2664 me
1132 2611 1215 2662 revol-

681 2704 734 2749 vo,
764 2687 856 2738 dicens
877 2703 884 2736 t
905 2689 996 2752 Salve,
1019 2703 1035 2737 ο
1060 2684 1103 2751 pia
1131 2684 1215 2733 Mater

682 2759 741 2820 Dei,
767 2768 794 2810 et
807 2758 894 2825 virgo,
916 2773 998 2824 quarn
1023 2756 1113 2807 laudat
1137 2750 1212 2802 orbis

683 2840 769 2891 terrae,
794 2839 820 2879 et
839 2829 980 2894 plenitudo
995 2828 1061 2892 ejus,
1081 2822 1139 2875 coeli
1156 2837 1212 2871 coe-

683 2900 791 2960 lorum,
825 2910 851 2950 et
871 2899 961 2948 omnis
987 2897 1073 2947 virtus
1100 2905 1211 2952 eorum;

683 2968 817 3035 quidquid
835 2969 868 3018 de
890 2966 1023 3032 praeconio
1048 2975 1095 3014 tuo
1118 2961 1212 3026 lingua

682 3038 769 3089 dicere
781 3036 877 3103 potuit,
898 3037 1016 3087 calamus
1032 3034 1151 3085 scribere
1163 3045 1212 3082 va·

682 3109 742 3168 luit,
754 3123 801 3158 cor
826 3107 914 3173 potuit
932 3107 1057 3173 cogitare,
1081 3101 1212 3154 omnibus

682 3179 737 3230 illis
760 3178 843 3230 simul
857 3178 975 3228 collectis
998 3186 1026 3227 et
1042 3171 1212 3238 conscriptis,

682 3262 708 3303 et
734 3251 761 3301 in
775 3267 862 3301 unum
883 3251 1055 3316 manipulum
1079 3244 1214 3312 congestis

681 3322 864 3389 centuplicata,
882 3334 908 3374 et
928 3321 1059 3373 infinities
1077 3315 1214 3382 multipli-

682 3403 746 3455 cata,
761 3394 840 3445 corde
861 3395 975 3456 devoto,
992 3407 1073 3443 aureo
1087 3406 1148 3441 cum
1163 3392 1213 3442 de·

681 3481 757 3526 core,
780 3465 911 3516 mellifluo
941 3478 1053 3529 sapore,
1079 3474 1105 3515 et
1131 3463 1214 3514 odore

682 3536 837 3596 aromatico,
854 3535 903 3585 tibi
919 3534 1028 3601 porrigo
1044 3534 1076 3586 ad
1100 3534 1214 3586 laudan-

682 3607 748 3656 dum
777 3617 804 3656 et
827 3604 1029 3671 glorificandum
1062 3615 1097 3665 te,
1132 3603 1213 3668 Virgo

683 3679 759 3729 beata
782 3694 856 3728 nunc
885 3687 911 3729 et
933 3677 960 3727 in
976 3690 1117 3730 aeternum.
1137 3675 1214 3727 Unde

682 3750 853 3816 Augustinus
875 3767 883 3801 .·
901 3751 1026 3817 «Accipe
1040 3752 1130 3818 itaque
1144 3763 1215 3814 qua-

682 3837 802 3889 scunque
817 3821 921 3872 meritis
945 3823 1000 3873 tuis
1022 3823 1138 3889 impares
1153 3833 1214 3886 gra-

683 3893 783 3944 tiarum
796 3893 916 3945 actiones
940 3903 966 3945 et
980 3894 1087 3957 laudes3
1111 3901 1137 3942 et
1151 3905 1213 3941 cum
