2626 4328
92 252 144 304 602
368 243 918 301 SECUNDAEPARTISCAPUTLXIH.

92 367 155 418 terit
169 366 256 416 dicere
270 380 333 416 cum
349 365 410 416 lesu
424 381 431 414 ε
447 365 624 415 Consumma-

92 445 147 488 tum
161 443 210 500 est,
225 451 287 486 cum
307 436 370 486 lesu
387 434 435 501 qui
454 445 494 486 est
510 453 528 490 n
544 443 570 484 et
584 451 623 503 tu,

90 519 116 559 et
143 523 301 558 sermonum
329 508 546 560 consummatio·
565 510 625 560 Non

92 589 132 629 est
157 577 300 644 praemium
325 576 352 626 in
376 576 557 639 inchoatione,
579 579 625 630 sed

91 651 121 700 in
143 647 395 711 consummatione3
412 664 465 698 non
482 651 561 703 datur
579 653 626 702 de-

93 724 186 774 narius
209 720 411 786 incipientibus,
436 724 482 773 sed
506 723 627 775 finienti-

94 796 161 859 bus;
172 806 197 846 et
211 810 307 845 corona
321 811 374 845 non
387 798 569 859 currentibus,
580 799 626 848 sed

95 865 321 933 pervenientibus.
344 865 441 916 Inchoa
464 867 546 934 igitur
568 884 627 934 poe-

96 936 246 997 nitentiam,
258 946 283 986 et
303 951 469 999 consumma,
486 950 516 989 ut
527 940 559 989 ad
573 956 629 990 cru-

96 1023 153 1057 cem
170 1007 239 1056 sicut
253 1005 385 1067 Christus
400 1009 433 1057 ad
443 1009 629 1074 poenitentiam

96 1077 165 1127 sicut
192 1077 258 1126 latro
291 1092 397 1141 curras;
436 1095 488 1129 non
516 1081 629 1130 descen·

97 1148 145 1197 das
176 1147 209 1197 de
234 1162 328 1210 cruce,
355 1158 386 1198 ut
419 1150 531 1201 salutem
562 1167 629 1200 con-

97 1219 218 1285 sequaris
234 1221 448 1285 perseverantia:
466 1224 551 1273 »haec
570 1225 630 1274 Au-

97 1292 232 1358 gustinus.
260 1292 404 1343 Sciendum
429 1306 529 1356 autem,
557 1297 629 1362 quod

99 1378 297 1423 consummare,
318 1363 388 1413 idem
408 1376 448 1415 est
462 1368 534 1432 quod
549 1368 632 1418 simul

98 1452 252 1500 summare;
269 1437 341 1486 unde
362 1447 426 1487 tunc
440 1440 543 1506 aliquid
566 1457 632 1491 con-

98 1517 258 1569 summatur,
268 1508 375 1572 quando
388 1509 481 1560 omnia
493 1510 632 1576 sigillatim

99 1588 155 1627 acta
167 1579 207 1627 vel
222 1591 299 1641 passa
310 1576 393 1626 simul
409 1586 589 1640 summantur,
606 1581 633 1630 id

100 1659 141 1697 est
166 1647 194 1696 in
227 1662 333 1696 summa
359 1649 562 1714 recolliguntur.
590 1652 634 1700 Sic

104 1719 158 1769 fuit
185 1719 214 1768 in
240 1718 387 1784 proposito.
407 1721 475 1770 Nam
491 1732 633 1788 postquam

104 1790 232 1840 Christus
259 1805 353 1840 omncs
380 1806 474 1855 poenas
498 1793 635 1843 Passionis

102 1875 158 1910 suae
184 1860 322 1925 sigillatim
347 1862 493 1926 pertulerit,
516 1874 543 1914 et
566 1864 635 1914 nihil

103 1931 220 1997 amplius
246 1931 314 1981 circa
338 1942 453 1982 mortem
478 1935 635 1999 patiendum

104 2010 223 2064 restaret,
238 2010 303 2050 tunc
325 2001 436 2052 demum
458 2004 551 2054 omnia
573 2021 636 2071 per-

104 2086 181 2137 pessa
196 2086 387 2132 rememorans,
403 2074 535 2140 recolligit
548 2091 578 2126 ea
596 2074 636 2125 si-

107 2143 162 2192 mul
180 2142 208 2192 in
229 2157 311 2192 unam
327 2157 473 2202 summam,
493 2154 520 2194 et
539 2145 637 2195 obtulit

107 2230 137 2265 ea
151 2215 206 2264 Deo
224 2213 305 2274 Patri,
326 2213 438 2263 dicens:
462 2215 638 2266 Consumma-

108 2292 229 2337 tumeat.
249 2285 332 2345 Quasi
353 2285 478 2337 diceret:
500 2289 637 2339 Consum-

109 2367 210 2407 matum
224 2367 264 2406 est
285 2349 354 2422 opus
372 2357 541 2418 obedientia,
556 2374 638 2425 quam

108 2427 252 2491 assumpsi,
274 2438 492 2478 consummatum
511 2440 551 2480 est
571 2446 639 2495 opus

108 2497 192 2547 totius
201 2497 337 2547 Passionis
348 2513 424 2558 meae,
437 2501 510 2564 quod
525 2500 574 2550 tibi
584 2502 640 2551 Deo

109 2568 180 2617 Patri
195 2583 257 2617 meo
275 2569 358 2618 offero
372 2586 420 2635 pro
436 2571 521 2622 salute
535 2573 641 2639 generis

109 2637 232 2687 humani.
260 2639 338 2688 Unde
367 2641 513 2704 Apostolus
535 2660 541 2692 :
570 2644 642 2695 Cun-

110 2712 257 2757 summutus
274 2707 371 2772 factus
385 2716 431 2759 'est
451 2712 570 2763 omnibus
593 2713 642 2763 ob-

111 2777 316 2844 temperantibus
350 2778 402 2828 sibi
432 2794 515 2831 causa
545 2783 643 2832 salutis

110 2856 228 2900 aeternae.
267 2849 299 2899 Et
333 2849 447 2910 adverte,
480 2853 552 2917 quod
585 2854 643 2904 haec

112 2919 310 2972 consummatio
326 2935 379 2970 non
395 2920 447 2971 fuit
461 2922 519 2972 sine
533 2925 644 2975 notabili

113 3007 209 3058 poena;
225 2991 294 3041 sicut
309 2992 356 3058 qui
375 2993 547 3058 pertransivit
560 2995 646 3045 multa

113 3064 239 3130 pericula,
262 3063 304 3113 vel
322 3064 411 3129 gravia
434 3065 575 3131 supplicia,
590 3081 645 3116 non

114 3135 173 3185 sine
190 3149 288 3200 magno
302 3135 415 3186 horrore
430 3147 517 3202 potest
530 3137 646 3204 cogitare

115 3223 154 3266 ca,
172 3207 235 3256 licet
249 3206 344 3257 exalia
357 3218 430 3272 parte
446 3209 559 3274 gaudeat
572 3224 601 3260 ea
619 3209 646 3258 in

117 3277 282 3341 praeteritum
305 3279 510 3342 pertransivisse
529 3297 536 3344 ;
565 3282 646 3331 talem

116 3349 257 3399 horrorem
280 3350 436 3401 dolorosum
460 3369 514 3403 non
533 3353 646 3404 dubium

116 3419 183 3484 quin
199 3419 324 3470 Christus
339 3421 463 3472 habuerit
477 3423 504 3473 in
516 3439 647 3474 consum-

117 3490 216 3539 mando
244 3490 336 3541 omnia
360 3490 493 3558 perpessa.
517 3495 571 3545 Nec
592 3496 647 3546 mi-

116 3573 177 3608 rum
192 3575 199 3607 ι
215 3559 280 3624 quia
294 3560 357 3610 talis
373 3565 571 3616 consummatio
592 3566 646 3617 vir·

116 3631 247 3692 tualiter,
283 3634 327 3683 vel
367 3635 447 3685 etiam
484 3638 649 3705 integraliter

116 3700 269 3752 continebat
288 3702 315 3752 in
329 3719 358 3754 se
372 3721 467 3758 omnes
482 3719 569 3775 partes
586 3710 649 3760 Pas-

117 3773 213 3834 sionis,
240 3790 307 3840 quas
332 3777 414 3830 simul
435 3781 463 3830 in
488 3797 595 3833 summa
608 3783 649 3833 si-

118 3841 261 3909 gnificabat
280 3861 342 3896 cum
361 3848 465 3902 dicebat
484 3869 490 3902 :
517 3853 648 3904 Consum-

678 368 777 412 nmtum
802 369 851 415 est.
873 364 951 424 Quod
970 363 1083 414 verbum
1102 376 1202 429 magnae

679 434 800 486 efficaciae
821 451 878 487 esse
897 436 922 486 in
937 436 1072 502 periculis,
1087 435 1204 501 perhibe-

679 515 723 555 tur
747 507 780 557 ab
794 507 918 572 expertis.
943 509 975 557 Et
995 506 1146 572 specialiter
1160 522 1204 558 va-

680 577 734 628 lere
761 578 858 629 dicitur
881 579 908 628 in
934 580 1111 630 immoderato
1134 579 1204 631 fluxu

681 651 821 717 sanguinis
837 667 851 701 e
866 652 985 711 naribus,
1001 651 1023 702 si
1039 667 1102 701 cum
1115 653 1205 703 eodem

680 721 811 788 sanguine
826 723 958 774 scribatur
969 723 1040 774 idem
1056 724 1169 775 verbum
1182 725 1206 775 in

679 793 764 843 fronte
781 793 916 859 patientis.
934 795 969 845 Et
989 811 1043 845 non
1059 795 1170 856 mirum,
1186 795 1205 847 si

680 880 783 930 magnae
805 864 927 915 efficaciae
949 865 983 915 sit
997 867 1111 916 verbum
1130 867 1206 926 istud,

680 934 708 983 in
730 949 784 1000 quo
794 944 849 984 tota
863 951 969 985 summa
980 935 1119 986 Passionis
1137 936 1208 986 Chri·

680 1005 715 1055 sti
729 1004 892 1055 continetur.

712 1077 747 1142 48
769 1077 953 1128 Docuuauruu
981 1094 1101 1139 nonnas,
1133 1093 1210 1129 ncrus

682 1166 906 1201 couronnnrtoms
935 1167 969 1201 ar
994 1167 1103 1202 ounrro.
1123 1180 1154 1190 -
1175 1151 1209 1201 Ex

683 1221 735 1270 hoc
763 1219 874 1270 articulo
901 1220 1147 1271 consummationis
1173 1231 1210 1271 to·

684 1291 738 1341 tius
747 1290 882 1340 Passionis
888 1292 1000 1341 habetur
1010 1292 1211 1350 documentum,

685 1363 757 1428 quod
778 1377 827 1412 nos
854 1362 882 1411 in
905 1361 958 1411 fine
986 1362 1130 1426 cujuslibet
1153 1361 1211 1412 boni

685 1433 773 1496 operis
789 1442 877 1498 partes
891 1432 1025 1494 habentis,
1036 1433 1168 1483 debemus
1177 1430 1213 1482 fa·

686 1519 744 1553 cere
765 1518 900 1553 summam
914 1504 956 1553 vel
976 1504 1125 1570 epilogum,
1141 1502 1214 1554 etsie

687 1574 715 1623 in
726 1590 833 1624 summa
847 1574 913 1624 illud
923 1575 1019 1625 offerre
1029 1576 1093 1625 De0.
1104 1575 1133 1625 Si
1145 1574 1213 1642 quis,

686 1645 760 1694 verbi
786 1645 879 1710 gratia,
910 1661 958 1711 pro
979 1646 1035 1695 Deo
1060 1645 1139 1696 vadat
1161 1646 1214 1696 Ro-

687 1732 777 1776 mam,
804 1718 960 1782 perveniens
994 1719 1026 1768 ad
1055 1717 1215 1781 terminum,

688 1801 783 1836 omnes
797 1802 891 1852 passus
905 1798 931 1838 et
943 1788 1035 1838 omnia
1047 1788 1163 1854 vestigia
1172 1802 1216 1839 sua

688 1858 781 1909 offerat
799 1860 854 1909 Deo
873 1870 899 1910 et
921 1861 997 1911 beato
1017 1861 1105 1921 Petro,
1129 1861 1217 1911 dicens

689 1946 750 1980 cum
770 1929 881 1982 Christo
903 1949 909 1982 :
936 1933 1155 1983 Consummatum
1171 1937 1217 1984 est.

690 2001 821 2050 Similiter
842 2002 864 2051 si
886 2002 947 2068 quis
962 2004 1032 2068 legat
1054 2003 1218 2069 psalterium,

691 2070 718 2120 in
737 2069 799 2130 fine,
815 2086 910 2122 omnes
930 2074 1057 2138 psalmos,
1073 2088 1178 2134 versus,
1196 2082 1220 2122 et

690 2140 769 2190 verba
784 2141 867 2191 totius
882 2142 1000 2206 psalterii
1016 2142 1045 2192 in
1056 2157 1166 2194 summa
1179 2142 1219 2192 oi-

690 2212 756 2262 ferat
769 2213 842 2277 Deo;
866 2224 891 2263 et
911 2215 950 2265 sic
970 2215 1003 2265 de
1023 2215 1171 2267 similibus.
1187 2217 1221 2265 lta

691 2284 770 2334 etiam
784 2284 897 2336 facimus
914 2287 942 2336 in
960 2286 1048 2337 officio
1060 2287 1220 2338 ecclesiasti-

691 2372 731 2419 co,
754 2359 826 2423 quod
846 2375 953 2426 semper
971 2361 999 2410 in
1014 2359 1068 2410 fine
1084 2377 1147 2411 cum
1166 2361 1221 2412 col-

692 2431 757 2482 lecta
784 2434 970 2500 concluditur3
996 2451 1056 2501 quae
1080 2436 1222 2487 etidcirco

693 2503 801 2553 collecta
827 2504 933 2564 dicitur,
960 2505 1024 2571 quia
1045 2506 1072 2557 in
1097 2506 1145 2558 illa
1163 2521 1223 2557 ora-

693 2573 765 2623 tione
778 2584 834 2624 tota
847 2574 888 2624 vis
908 2575 981 2626 illius
996 2577 1077 2627 officii
1100 2576 1180 2642 quasi
1196 2577 1222 2626 in

694 2659 802 2694 summa
819 2655 859 2694 est
878 2645 1007 2698 collectio.
1025 2647 1130 2698 Eodem
1146 2646 1224 2697 modo

695 2717 746 2766 hoc
757 2717 880 2778 verbum,
893 2727 1100 2770 consummatum
1115 2727 1165 2784 est,
1177 2718 1226 2770 fuit

695 2787 803 2836 collecta
832 2787 913 2838 totius
943 2790 1078 2840 Passionis
1104 2790 1223 2850 Christi,

696 2856 760 2906 citra
783 2866 907 2907 mortem.
935 2860 975 2909 Ad
1002 2860 1225 2912 conformandum

696 2941 725 2977 se
752 2925 815 2976 huic
835 2928 962 2992 articulo,
984 2932 1120 3001 recolligat
1145 2933 1226 2984 homo

698 2999 814 3050 breviter
830 3000 858 3051 in
881 3017 987 3054 summa
1006 3021 1102 3056 omnes
1125 3005 1227 3056 articu-

697 3072 738 3122 los
749 3070 885 3123 Passionis
901 3074 1062 3138 praelibatos,
1076 3085 1103 3126 et
1111 3085 1172 3142 agat
1181 3090 1228 3141 pro

698 3144 738 3194 eis
767 3143 865 3209 gratias
881 3145 991 3196 Christo
1011 3159 1037 3198 et
1057 3148 1114 3198 Deo
1137 3147 1229 3205 Patri,

698 3214 788 3264 dicens
811 3231 819 3264 ι
857 3216 1073 3268 Consummatum
1103 3223 1162 3282 est;
1190 3217 1229 3267 vel

699 3286 765 3337 alias
780 3297 860 3352 prout
871 3290 976 3340 devotio
992 3290 1170 3342 ministrabit.
1184 3291 1230 3342 Je-

699 3373 740 3422 su,
749 3358 877 3408 Salvator
888 3367 987 3423 noster,
998 3368 1024 3412 et
1035 3367 1231 3413 consummator

700 3428 817 3494 gloriosi
845 3431 946 3496 operis,
972 3433 1042 3498 quod
1063 3432 1193 3499 accepisti
1214 3445 1231 3480 α

700 3499 786 3549 Patre
799 3503 1040 3565 consummandum,
1050 3503 1098 3568 qui
1109 3499 1233 3568 incepisti

701 3584 768 3635 opus
783 3576 854 3620 tunm
869 3585 926 3622 cum
942 3573 1033 3623 multis
1047 3574 1193 3637 laboribus,
1207 3576 1233 3624 et

702 3643 892 3694 consummasti
913 3658 969 3694 cum
984 3645 1113 3697 maximis
1127 3643 1232 3698 dolori-

703 3714 770 3777 bus3
797 3719 824 3763 et
851 3713 955 3764 tandem
983 3716 1234 3768 consummationem

704 3784 785 3835 totius
798 3784 942 3835 Passionis
956 3792 1010 3837 tuoe
1024 3788 1051 3838 in
1061 3801 1165 3839 summa
1176 3787 1235 3839 Deo

704 3855 786 3905 Patri
794 3855 921 3917 obtulisti,
937 3856 1049 3908 dicens:
1064 3858 1237 3910 Consumma-
