2626 4328
371 322 418 372 Da·
431 320 551 383 PRIMA,
570 321 604 372 IN
622 319 792 371 PASSIONE
806 320 945 371 DOMINI.

93 438 297 497 documentum,
314 438 388 504 quod
401 454 456 489 non
467 439 543 489 omni
560 438 628 500 loco,

94 521 119 560 et
140 508 276 575 tempore,
288 520 318 559 et
340 526 431 560 curam
451 509 627 576 quibuslibet,

93 579 189 630 verius
205 590 253 630 est
273 581 477 644 manifestante,
498 581 545 630 sed
568 581 629 645 ple-

94 668 210 718 rumque
223 651 368 702 silentium
386 652 513 703 divinum
527 663 575 702 esc
587 651 629 701 nd

94 723 322 775 conformandum
357 740 388 774 se
415 724 465 774 :isti
496 723 628 783 articulo,

95 808 261 848 memoretur
277 797 362 848 homo
384 798 540 864 gravitatem
561 796 629 846 arti-

94 872 156 932 culi,
185 881 304 931 steret,
330 872 422 921 dicens
449 888 458 922 z
483 873 563 931 Jesu,
582 869 631 936 qui

94 958 184 995 coram
213 942 326 993 Herode
355 943 512 993 eonstilrrurr
534 941 630 1008 salsas

94 1014 333 1075 imminutiones,
354 1028 400 1064 nec
415 1014 494 1064 verbo
505 1011 630 1080 refellere

94 1085 218 1147 meuse,
251 1085 288 1134 da
317 1084 381 1135 miln'
403 1084 557 1148 iniquorum
578 1097 629 1134 noa

88 1157 191 1222 sroeagi
204 1156 322 1220 injuriis,
345 1170 391 1205 nec
398 1169 484 1206 sacra
493 1154 630 1221 mysteria

91 1227 241 1293 prepalare
260 1227 392 1292 indignis.

126 1297 159 1348 16
174 1299 330 1348 &macero
352 1298 473 1358 Ganrsrr,
490 1313 630 1348 nocum-

94 1385 150 1419 rus
164 1385 205 1419 ex
222 1385 262 1419 nn
284 1385 318 1418 nr
342 1384 450 1418 onnrno.
470 1397 504 1406 —
527 1369 630 1418 Videris

94 1445 181 1490 amm
195 1439 330 1500 Herodes
347 1439 419 1504 quod
431 1439 556 1489 Christus
562 1439 631 1489 nul-

95 1511 152 1560 lum
168 1510 286 1574 signum
310 1509 423 1572 faceret,
446 1524 495 1558 nec
517 1511 629 1560 verbum

94 1579 205 1646 aliquod
218 1580 252 1630 ad
272 1579 434 1645 interrogata
448 1581 630 1646 responderet,

96 1660 252 1701 nectontra
266 1660 431 1700 accusatores
444 1667 510 1702 suos
529 1652 631 1718 aliqui-

96 1723 146 1773 bus
170 1721 402 1787 responsionibus
419 1738 447 1772 se
468 1721 631 1783 defenderet,

97 1792 232 1858 reputavit
256 1807 318 1841 eum
339 1791 451 1841 idiotam
470 1808 500 1842 ac
516 1792 630 1852 fatuum,

97 1873 123 1913 et
143 1879 203 1914 non
233 1879 305 1913 sanae
322 1864 437 1922 mentis,
459 1878 491 1913 ac
513 1878 559 1928 per
579 1863 633 1912 hoc

98 1934 200 2000 sprevit
219 1932 634 1998 eum,‚ipseetsimiliterexer·

98 2004 166 2055 cim
178 2004 248 2071 eires,
260 2015 290 2054 ut
304 2019 400 2054 omnes
411 2005 440 2054 in
453 2005 634 2069 eadem-culpa

100 2085 317 2125 monstrarentur
328 2090 386 2124 esse
400 2091 484 2140 pares.
495 2075 540 2125 Sic
553 2075 634 2125 hodie

99 2159 243 2200 sectaturus
261 2148 365 2199 Christi
384 2164 401 2198 n
417 2149 496 2199 malis
510 2149 633 2200 homini-

100 2221 149 2271 bus
158 2229 342 2286 spermmtur,
351 2229 384 2269 et
400 2219 487 2269 abeis
502 2219 573 2270 ¹fatui
586 2235 633 2270 re-

101 2301 238 2357 punnurr.
261 2292 353 2342 lesum
368 2290 456 2340 :hodie
474 2291 552 2342 multi
567 2307 633 2343 ,cum

103 2365 207 2415 Herode
229 2374 378 2430 spernunt,
402 2364 449 2429 qui
472 2365 550 2430 signa
573 2363 634 2414 fieri

103 2448 239 2518 quierunt,
248 2447 442 2502 conquerentes
461 2437 535 2502 quod
552 2437 641 2486 modo-

103 2509 232 2559 macula
258 2509 292 2558 ab
313 2522 349 2558 eo
372 2524 428 2557 non
453 2507 540 2568 frunt,
570 2523 634 2558 cum

104 2581 183 2630 modo
211 2596 266 2630 non
291 2579 329 2629 sit
354 2589 466 2644 tempus
482 2579 634 2644 signorum,

104 2651 147 2703 sed
157 2667 286 2718 operum
301 2652 379 2702 Unde
395 2651 529 2701 Dominus
545 2667 554 2702 z
569 2651 636 2701 Ha-

104 2723 161 2781 bent
169 2721 508 2789 moysensis-opletas,
521 2722 637 2772 audient

106 2794 196 2860 ipsus,-
210 2795 294 2844 modo
305 2805 395 2844 nutem
409 2803 506 2859 preter
523 2794 578 2844 haec
589 2794 638 2844 lta-

107 2867 199 2917 bemus
215 2876 243 2916 et
260 2865 449 2932 Evangelium,
468 2876 500 2915 et
518 2867 636 2930 Aposto-

108 2938 170 2999 lurn,
180 2938 313 2989 et-aclbuc
321 2939 401 3003 signa
412 2938 567 3004 querimus,
577 2952 637 2986 non

111 3009 284 3075 Evangelium
298 3008 452 3074 implemus,
467 3009 513 3058 sed
531 3007 639 3073 sperni·

111 3092 176 3131 mus.
189 3081 230 3131 Ex
250 3079 307 3129 hoc
322 3079 437 3129 articulo
462 3077 639 3144 despectionis

111 3151 222 3202 trahitur
245 3151 460 3220 documentum,
488 3151 567 3216 ¹<ruod
589 3166 639 3200 nus

110 3222 196 3286 potius
214 3222 283 3272 velle
305 3222 433 3272 debemus
455 3221 570 3271 amalis
590 3221 640 3272 de-

111 3295 182 3359 spici,
192 3310 276 3360 quam
288 3294 323 3344 eb
334 3294 518 3345 adulatoribus
528 3294 639 3354 laudari,

111 3367 175 3418 sicut
199 3367 336 3418 Uorenus
351 3378 463 3430 noster,
480 3366 541 3433 qui,
556 3375 586 3417 nt
599 3365 641 3416 sit

111 3437 272 3504 Gregorius,
289 3438 376 3503 magis
393 3438 508 3503 eligebat
521 3446 642 3503 spectes

109 3507 327 3574 mperhientibus
336 3509 447 3574 despici,
461 3524 545 3575 quam
557 3523 641 3558 arnon

111 3579 280 3631 sedenibus
310 3595 393 3630 vacua
428 3595 494 3631 voce
526 3578 640 3630 laudari

110 3653 183 3715 dm,
194 3653 242 3719 qni
252 3653 289 3702 ab
299 3653 410 3704 Herode
421 3653 581 3704 eteeorcitu
593 3665 642 3702 suo

111 3728 200 3794 mi
208 3742 262 3778 non
278 3728 419 3792 sprevisti,
432 3726 547 3777 ria-mihi
563 3740 642 3776 mun-

111 3799 208 3850 danum
219 3800 329 3868 sartum
343 3799 488 3864 despicere,
507 3803 532 3848 et
543 3798 643 3864 iniquo-

111 3885 168 3922 rum
199 3870 341 3936 despectus
368 3884 422 3936 pro
451 3869 562 3936 justitia
590 3883 642 3919 non

112 3953 220 3994 unare.

1162 320 1212 371 525

717 452 748 502 17
768 437 858 487 Veste
884 454 952 487 nnsn
967 438 1100 487 Cnarsrus
1123 453 1215 487 rusur-

681 523 743 570 run,
765 525 799 558 nr
815 525 878 566 Qum
898 525 948 558 rsa
963 524 1013 559 soc
1033 523 1173 558 struncon
1184 538 1215 547 -

681 578 741 627 Non
763 580 855 629 solum
880 589 970 629 autern
998 579 1118 628 Herodes
1148 594 1214 629 eum

682 647 789 712 sprevit,
807 649 951 699 sedetiam
971 648 1067 711 illusit,
1083 648 1215 700 induendo

682 727 754 772 veste
777 722 848 786 alba,
870 732 899 773 et
923 723 975 772 hoc
998 722 1027 771 in
1052 721 1216 772 derisionem

682 805 707 846 et
722 794 833 861 signum
842 795 992 858 illusionis,
1007 796 1076 846 sicut
1089 795 1216 846 latui-so·

682 867 736 917 lent
748 866 837 932 aliqua
855 877 926 917 veste
941 867 1044 917 ludicra
1059 867 1148 931 indui,
1163 882 1218 934 qus

682 949 877 1006 cognoscentis
888 941 922 990 ab
935 941 1013 1004 aliis;
1029 952 1056 991 et
1071 941 1140 991 forte
1147 951 1216 991 tunc

683 1013 812 1079 temporis
838 1012 1001 1063 derisorium
1030 1012 1082 1063 fuit
1113 1024 1219 1080 portare

682 1085 797 1149 desuper
814 1094 915 1134 vestem
930 1085 1028 1144 albam,
1047 1085 1164 1150 eoquod
1179 1085 1218 1135 sic

682 1155 838 1206 illuderetur
855 1165 921 1205 tunc
936 1155 1036 1205 fatuus.
1050 1157 1113 1205 Haec
1128 1165 1217 1206 nutem

681 1225 835 1288 vestissent,
843 1236 874 1276 ut
884 1225 992 1285 dicitur,
999 1226 1031 1275 ad
1039 1227 1152 1274 modum
1166 1241 1221 1276 sca-

682 1297 784 1361 pularis
801 1296 1001 1362 religiosorum,
1022 1294 1081 1344 sine
1102 1295 1219 1360 capuiin,

681 1368 854 1432 dependensa
864 1368 935 1417 collo
946 1377 1008 1416 ante
1019 1376 1046 1416 et
1055 1375 1135 1416 retro
1150 1367 1220 1424 Eur-

682 1439 809 1488 tesubito
820 1438 924 1504 peciam
933 1438 1019 1504 panni
1027 1437 1080 1487 albi
1090 1438 1220 1503 accipien-

682 1522 722 1562 tes
735 1511 857 1562 forameu
868 1511 897 1561 in
911 1511 1001 1561 medio
1017 1511 1072 1575 ejus
1088 1511 1216 1565 fecerum.

683 1592 708 1633 et
727 1583 767 1632 sic
782 1583 851 1632 collo
875 1598 924 1632 suo
950 1582 1148 1648 imposuerunt.
1167 1583 1219 1632 Sed

683 1666 924 1723 quantumcunque
939 1655 1059 1705 Herodes
1071 1656 1123 1705 hoc
1135 1655 1164 1704 in
1179 1655 1215 1704 il-

684 1726 837 1778 lusionibus
858 1724 969 1785 fecerit,
996 1742 1052 1775 non
1080 1735 1172 1775 tamen
1198 1741 1220 1776 :a
1243 1778 1245 1783 ,

685 1797 813 1864 mysterio
829 1807 912 1855 vacat,
929 1796 998 1846 sicut
1015 1807 1041 1847 et
1059 1796 1153 1847 omnia
1165 1796 1218 1846 alis

684 1870 753 1919 circa
776 1868 879 1923 Christi
900 1868 1056 1919 Passionem
1078 1877 1161 1935 gesta.
1184 1869 1216 1918 ln

684 1948 757 1990 veste
769 1939 845 1988 enim
855 1939 925 1999 alba,
937 1939 1091 1989 innocentia
1106 1949 1132 1989 et
1141 1937 1220 1988 cesti-

685 2023 725 2062 tas
734 2021 885 2077 assumpte
908 2011 1092 2062 immanitatis
1115 2021 1141 2062 et
1158 2012 1219 2077 glo-

685 2084 725 2134 ria
750 2084 827 2149 regni
857 2083 1039 2144 immortalis,
1064 2098 1147 2149 quam
1171 2097 1219 2148 per

686 2155 843 2206 Passionem
871 2155 973 2219 accepit
996 2155 1169 2219 designatur;
1187 2162 1220 2203 «et

686 2227 759 2293 quod
775 2225 952 2291 propeccatis
969 2225 1054 2274 totius
1069 2223 1166 2272 mundi
1186 2221 1220 2272 in

686 2312 765 2348 carne
773 2305 844 2346 casta
856 2305 884 2344 et
899 2296 1042 2345 innocente
1057 2293 1219 2343 immacule-

687 2380 730 2419 tus
751 2369 847 2432 Agnus
860 2377 900 2416 est
923 2381 1026 2432 passus.
1045 2366 1088 2415 Tu
1107 2379 1219 2431 quoque

688 2456 744 2490 non
755 2438 810 2487 nisi
827 2438 857 2487 in
870 2447 944 2487 veste
960 2437 1028 2496 alba,
1043 2436 1148 2487 scilicet
1158 2435 1219 2486 sine

688 2509 792 2559 macula
806 2517 836 2558 et
858 2523 937 2558 causa
960 2506 1083 2557 illudaris
1098 2517 1124 2558 et
1142 2521 1221 2572 sper-

688 2581 770 2639 naris,
785 2579 906 2645 alioquin
916 2578 1011 2628 illusio
1032 2578 1083 2629 erit
1099 2578 1149 2629 tibi
1164 2593 1223 2644 pm-

688 2669 721 2703 na
743 2650 859 2718 peccati3
894 2660 919 2700 et
948 2649 1035 2714 magis
1066 2649 1222 2716 dolendum

688 2725 721 2774 de
746 2737 824 2772 causa
853 2729 879 2770 et
914 2720 1027 2770 materia
1060 2719 1217 2778 irrisionis,

689 2794 820 2861 quamde
841 2791 969 2843 irrisione
989 2793 1055 2856 ipsa.
1081 2791 1216 2855 Designa-

689 2865 728 2915 vit
739 2881 802 2931 ergo
816 2864 936 2913 Herodes
946 2878 996 2912 suo
1008 2861 1089 2920 facto,
1097 2859 1222 2910 nesciens

689 2937 758 2986 forte
781 2936 848 3002 quid
866 2936 969 3000 agebat,
997 2933 1070 2992 quod
1093 2930 1222 2981 Christis

690 3006 813 3057 albedine
828 3005 953 3070 puritatis
966 3013 992 3052 et
1001 3000 1166 3052 innocentie
1174 3001 1224 3050 rin-

691 3079 774 3127 dutus
816 3085 880 3126 erat.
921 3073 1001 3124 Unde
1035 3071 1224 3121 Ambrosius:

692 3166 706 3194 u
731 3147 794 3196 Non
818 3144 936 3196 otiosum
967 3142 1040 3209 quod
1068 3151 1141 3191 veste
1166 3141 1226 3191 alba

692 3217 814 3269 induitur
839 3217 872 3265 ab
892 3215 1018 3274 Herode,
1042 3213 1225 3263 immaculsnre

692 3292 816 3341 tribuens
841 3287 941 3338 indicia
966 3286 1119 3350 Passionis,
1151 3289 1225 3351 quel

692 3363 788 3427 Agnus
812 3359 861 3410 Dei
884 3358 1062 3408 sinemacula
1087 3359 1226 3422 cumnglo·

693 3432 733 3482 ria
759 3440 865 3496 peccata
905 3429 1000 3479 mundi
1029 3427 1186 3493 susciperet.
1206 3445 1226 3473 n

694 3505 770 3554 Hanc
783 3513 873 3553 autem
897 3512 998 3552 vestem
1018 3502 1107 3550 albam
1126 3513 1227 3563 repre-

694 3585 784 3627 sentat
826 3573 907 3623 hodie
942 3573 1003 3623 alba
1042 3569 1226 3629 sacerdotalis.

695 3648 774 3699 Unde
808 3645 922 3712 mystice
961 3644 1129 3702 notandum,
1155 3639 1228 3707 quod

695 3720 820 3772 Pontifex
847 3730 940 3769 noster
963 3719 996 3769 ‘in
1024 3734 1073 3768 sua
1101 3715 1229 3766 Passinne

696 3791 791 3843 habuit
823 3790 914 3841 omnia
946 3788 1120 3854 pontificalia.
1148 3783 1228 3836 Ami-

696 3874 768 3914 ctum
784 3861 912 3926 suscepit,
930 3876 993 3911 curn
1004 3860 1108 3909 velatus
1124 3865 1165 3906 est
1176 3869 1229 3905 'co-

696 3952 756 3988 ram
772 3935 875 4000 Caipba
898 3932 1154 3984 sturemutham
1177 3927 1230 3977 hs-
