2626 4328
76 243 129 306 554

76 358 160 408 tiam:
177 366 203 407 et
223 357 288 424 quia
311 358 430 408 medium
445 355 607 407 denomina-

75 439 121 478 tur
140 430 174 478 ab
187 439 312 495 ‘utroque
336 439 526 487 extremorum,
547 427 607 477 ideo

76 501 109 549 ab
132 501 310 566 Evangelistis
325 500 486 566 quandoque
510 497 608 548 dicitur

75 570 173 634 tertia,
209 570 355 636 aliquando
392 569 491 619 dicitur
524 579 605 619 sexta.

76 642 152 692 Unde
176 642 257 692 etiam
274 641 303 691 in
323 643 432 708 signum
457 641 536 704 hujus
562 655 607 690 ec·

76 713 155 762 clesia
171 711 362 773 communiter,
384 711 452 761 inter
464 711 568 762 tertiam
581 720 607 760 et

76 793 178 833 sextam
205 784 319 833 celebrat
344 783 440 833 missas
464 783 607 840 solemnes,

77 853 143 917 quia
160 853 248 903 missae
261 853 289 902 in
305 853 463 904 memoriam
478 851 608 902 celebran-

76 931 120 972 tur
136 924 280 973 Passionis.

110 995 142 1045 28
165 997 347 1048 Docuusuruu
362 1014 396 1048 nx
412 1000 522 1049 Cnnrsrr
542 1011 608 1046 cou-

77 1084 255 1132 nrnaarrour,
277 1085 360 1120 acrus
382 1082 609 1121 consonusrrours

77 1155 110 1188 nr
125 1156 231 1190 onarro.
243 1136 276 1179 ’-
291 1143 330 1192 Ex
345 1142 396 1192 hoc
409 1141 521 1191 articulo
542 1153 609 1188 con-

78 1211 257 1262 demnationis
272 1212 374 1263 Christi
387 1214 419 1263 ad
435 1223 550 1262 mortem
564 1225 610 1275 per

78 1282 239 1331 sententiam
270 1283 386 1333 trahitur
408 1285 609 1340 documentum,

78 1352 151 1416 quod
177 1368 225 1403 nos
256 1369 396 1404 caveamus
425 1371 457 1404 ne
490 1369 610 1421 unquam

79 1424 176 1487 justam
200 1426 294 1476 mortis
321 1427 481 1476 sententiam
513 1427 611 1477 animae

78 1496 120 1545 vcl
133 1497 251 1560 corporis
271 1499 525 1559 mereamur.11em,
544 1497 612 1547 sicut

80 1567 200 1616 Salvator
221 1576 312 1618 noster
325 1568 456 1619 sustinuit
471 1585 519 1634 pro
535 1568 612 1618 nobis

81 1637 213 1701 iniquam,
226 1637 260 1686 ab
274 1638 395 1697 homine,
406 1649 498 1689 contra
512 1655 539 1689 se
549 1639 611 1689 ferri

81 1709 239 1759 sententiam
248 1726 255 1772 ;
272 1710 350 1761 sicet
367 1727 415 1762 nos
430 1729 478 1778 pro
492 1710 547 1763 Deo
563 1729 612 1763 cu-

81 1795 139 1830 rare
153 1796 207 1830 non
218 1782 347 1832 debemus
362 1782 455 1848 iniqua
470 1783 612 1834 hominurn

83 1850 188 1915 iudicia.
212 1852 288 1902 Unde
301 1854 448 1918 Apostolus
462 1855 494 1904 ad
515 1855 613 1905 Corin-

83 1921 157 1972 thios
173 1922 294 1972 scribens
320 1940 327 1974 ι
352 1924 433 1988 Mihi,
450 1924 548 1991 inquit,
561 1941 613 1991 pro

82 1995 188 2045 minimo
210 2002 250 2046 est
273 2001 301 2045 ut
318 2011 335 2046 a
352 1997 425 2047 vobis
437 1997 550 2062 judicer,
565 2004 613 2048 aut

83 2068 117 2116 ab
133 2068 247 2119 humano
265 2069 316 2119 die.
334 2070 375 2119 Ad
389 2070 612 2121 conformandum

85 2153 113 2188 se
123 2139 188 2190 huic
204 2140 324 2202 articulo,
341 2150 398 2191 oret
411 2141 504 2201 homo,
520 2142 613 2192 dicen-

83 2210 117 2258 do
134 2226 140 2259 :
156 2211 231 2274 Jesu,
255 2211 300 2277 qui
321 2212 475 2262 sententiam
489 2213 614 2263 condem·

84 2280 201 2331 nationis
215 2281 252 2331 ad
264 2287 382 2343 mortem,
398 2292 511 2332 mortem
525 2294 613 2332 autem

83 2353 179 2412 crucis,
199 2353 350 2404 innocenter
372 2354 461 2404 subire
483 2354 592 2405 voluisti
603 2392 612 2416 ,

79 2423 130 2486 sac
149 2437 190 2472 me
201 2425 307 2490 justam
329 2426 424 2476 mortis
447 2426 613 2489 sententiam,

84 2492 182 2542 sivein
198 2507 319 2559 corpore,
338 2495 394 2545 sive
415 2495 441 2544 in
459 2496 550 2546 anima
563 2510 614 2547 non
633 2511 636 2517 ’

77 2562 193 2625 ⁸inereri,
217 2569 242 2613 et
261 2566 299 2613 tui
318 2580 410 2616 amore
423 2566 514 2630 iniqua
528 2567 614 2625 homi-

85 2647 146 2681 num
156 2631 265 2696 judicia
280 2649 331 2684 non
346 2636 444 2686 timere.

115 2718 149 2769 ²9
166 2703 244 2753 Caux
260 2721 405 2756 ruronrrun
427 2707 538 2757 Cnarsrt
561 2723 615 2756 rru-

33 2776 61 2843 0
83 2789 168 2824 naurs,
198 2802 229 2812 -
256 2775 321 2826 Data
349 2787 438 2827 autem
466 2778 614 2835 sententia,

84 2844 222 2894 reducitur
233 2846 365 2896 Dominus
380 2847 462 2907 intus,
478 2857 503 2897 et
517 2848 616 2914 spolia-

44 2968 47 2973 ,
84 2928 128 2965 tur
150 2917 294 2983 chlamyde
317 2924 342 2968 et
361 2934 496 2986 purpura,
516 2919 616 2985 quibus

88 2986 173 3037 fuerat
195 2989 228 3038 ab
249 2988 304 3038 illis
329 2989 455 3052 indutus3
482 2999 508 3040 et
530 2990 616 3040 adhuc

88 3059 161 3108 nudo
175 3074 265 3109 coram
280 3074 312 3110 eo
331 3060 464 3120 existenti,
481 3060 526 3111 vix
539 3061 617 3111 datur

88 3127 140 3176 sibi
164 3129 269 3180 licentia
293 3130 433 3182 vestiendi.
459 3132 565 3182 intuere
592 3142 618 3182 et

87 3199 132 3247 hic
154 3200 311 3261 Dominum,
326 3204 472 3252 secundum
491 3202 617 3254 conside—

89 3267 220 3319 rationem
236 3286 316 3334 supra
329 3272 362 3322 de
377 3272 555 3338 flagellatione
567 3290 617 3340 po-

89 3339 176 3388 sitam.
205 3341 327 3391 Tandem
352 3344 515 3394 vestimentis
543 3345 617 3407 suis,

90 3408 191 3473 quibus
212 3426 274 3460 eum
292 3413 480 3476 spoliaverant,
491 3414 618 3464 reindue-

90 3490 152 3530 runt
178 3496 249 3541 eum,
275 3492 306 3531 ut
325 3483 421 3534 ductus
448 3485 479 3534 ad
504 3495 617 3535 mortem

90 3550 176 3615 magis
190 3563 393 3616 cognosceretur
416 3553 444 3603 in
463 3565 536 3606 veste
556 3571 619 3622 pro-

92 3621 158 3686 pria,
176 3637 258 3688 quam
273 3623 301 3674 in
315 3625 409 3675 aliena.
426 3625 533 3675 Etcum
550 3635 621 3676 esset

91 3693 260 3745 vestimentis
281 3696 339 3746 suis
356 3697 504 3758 revestitus,
519 3698 621 3748 ducunt

94 3783 156 3817 eum
172 3767 243 3818 foras
265 3778 366 3834 quanto
385 3769 472 3834 citius,
496 3786 529 3821 ne
545 3786 620 3821 mor-

92 3848 146 3889 tem
173 3839 230 3904 ejus
261 3839 385 3892 differant
411 3841 542 3908 amplius3
572 3841 620 3893 ubi

365 241 537 294 SECUNDAE
554 239 677 290 PARTlS
692 240 807 294 CAPUT
824 241 902 292 LXII.

659 356 773 421 ligantes
800 356 864 407 fune
900 366 1053 408 manuset
1087 359 1187 410 collum

660 426 763 490 ipsius,
788 427 917 492 judicium
946 442 1000 478 suae
1037 429 1134 479 mortis
1163 431 1187 480 ei

661 496 812 562 imponunt,
828 508 853 548 et
875 497 965 562 ipsum
985 507 1114 565 tanquam
1129 516 1188 551 rna-

659 566 808 619 lefactorem
822 579 895 619 extra
907 569 1041 634 propriam
1053 569 1187 621 civitatem

660 639 779 703 ejiciunt.
809 641 877 691 Nam
905 641 1058 692 venerabile
1085 641 1189 708 lignum

660 710 745 760 crucis
760 711 872 777 longum
892 722 918 762 et
933 727 1057 778 grossum
1077 721 1103 763 et
1117 713 1189 763 rnul-

660 789 718 830 tum
733 796 811 846 grave
830 793 934 848 ponunt
955 798 1035 848 super
1061 782 1190 835 humeros

660 867 724 903 suos
737 853 950 916 delicatissimos,
963 864 992 905 ut
1003 864 1089 917 portet
1101 854 1189 920 ipsum

660 923 693 972 ad
720 923 807 973 locum
827 925 874 974 ubi
901 935 956 975 erat
983 923 1189 991 crucifigendus.

662 996 698 1046 Ut
711 997 783 1047 enim
798 997 897 1048 dicitur
911 999 939 1049 in
955 998 1086 1060 historiis,
1099 999 1191 1065 opinio

662 1081 701 1121 est
725 1087 829 1123 crucem
856 1073 1011 1138 quindecim
1035 1074 1115 1140 pedes
1141 1073 1192 1124 ha-

662 1142 754 1192 buisse
778 1143 806 1192 in
827 1143 1005 1209 longitudine.
1026 1145 1059 1194 Et
1074 1144 1139 1209 quia
1151 1143 1188 1194 li·

663 1228 747 1277 gnum
768 1212 834 1263 illud
857 1214 1030 1279 reputabatur
1049 1213 1192 1280 profanum

663 1294 689 1334 et
703 1285 885 1346 immundum,
901 1297 926 1336 et
938 1302 1011 1336 mors
1022 1286 1108 1337 crucis
1122 1287 1196 1352 igno·

664 1356 874 1418 miniosissima,
895 1357 968 1422 quia,
993 1366 1024 1407 ut
1042 1357 1143 1407 dicitur
1165 1357 1193 1407 in

664 1426 873 1477 Deuteronomio
885 1445 891 1477 :
903 1427 1070 1478 Maledictus
1079 1427 1126 1493 qui
1132 1441 1195 1494 pen-

665 1497 710 1547 det
731 1499 758 1548 in
774 1497 858 1563 ligno,
872 1497 932 1548 ideo
945 1498 1036 1547 nullus
1051 1512 1147 1547 eorum
1159 1497 1194 1546 li·

665 1583 749 1632 gnum
764 1568 831 1617 illud
847 1569 946 1618 nedum
958 1577 1073 1632 portare,
1087 1568 1134 1617 sed
1148 1582 1194 1617 nec

665 1650 770 1705 tangere
801 1641 895 1690 voluit.
924 1640 1024 1689 ldcirco
1055 1639 1196 1704 imposue-

666 1721 729 1762 runt
755 1712 822 1763 illud
850 1715 911 1763 Jesu
929 1722 960 1762 ut
975 1713 1027 1777 jam
1051 1713 1196 1775 damnato;

665 1784 758 1849 Agnus
781 1793 869 1833 autern
891 1782 1130 1833 mansuetissimus
1151 1798 1198 1849 pa·

666 1853 762 1904 tienter
774 1853 894 1918 suscipit,
910 1863 936 1902 et
949 1862 1036 1918 portat
1046 1853 1198 1918 patibulum

666 1924 723 1974 suis
749 1923 870 1973 humeris
891 1924 919 1973 in
935 1923 1074 1988 angariam
1092 1923 1198 1987 mortis,

665 1995 778 2045 tendens
794 1994 826 2043 ad
845 1995 934 2043 locum
956 1993 1102 2044 Passionis.
1120 1993 1199 2044 Unde

665 2065 835 2130 Augustinus
856 2081 864 2114 :
886 2083 900 2110 a
920 2063 971 2114 Hic
986 2063 1151 2129 adimpletur
1163 2063 1199 2114 il·

665 2136 712 2186 lud
734 2134 808 2185 Isaiae
832 2151 839 2183 :
861 2135 945 2201 Cujus
960 2134 1133 2200 principatus
1151 2148 1200 2185 su-

663 2207 858 2273 perhumanum
869 2205 935 2272 ejus.
946 2205 1115 2269 Principatus
1126 2204 1201 2255 enim

666 2276 767 2329 Christi
778 2286 818 2326 est
830 2291 895 2335 crux
906 2277 972 2340 ejus,
986 2284 1094 2340 propter
1106 2289 1199 2340 quam,

666 2350 814 2400 secundum
830 2348 1000 2414 Apostolum,
1021 2347 1096 2396 Deus
1115 2345 1199 2398 exai-

667 2421 735 2471 tauit
748 2419 821 2470 illum
825 2437 835 2482 5
852 2429 877 2469 et
892 2418 962 2468 sicut
976 2418 1087 2484 signum
1106 2417 1200 2484 digni-

667 2494 728 2544 tatis
739 2510 745 2544 :
755 2492 800 2542 alii
815 2493 942 2551 balteum,
956 2491 1001 2541 alii
1017 2491 1126 2540 mitram
1142 2506 1201 2556 por-

666 2574 731 2623 tant,
746 2564 784 2613 sic
800 2574 825 2612 et
841 2561 976 2611 Dominus
994 2566 1120 2610 crucem?
1129 2560 1162 2610 Et
1178 2559 1203 2610 si

668 2635 795 2701 inquiras,
811 2632 932 2683 invenies
946 2647 998 2681 non
1013 2630 1089 2680 aliter
1104 2629 1134 2679 in
1150 2645 1204 2679 no-

668 2706 710 2756 bis
731 2720 840 2771 regnare
855 2705 956 2764 lesum,
971 2702 1024 2752 nisi
1038 2716 1085 2766 per
1096 2701 1203 2765 asperi-

668 2785 748 2838 tates3
772 2789 827 2840 quo
848 2772 877 2822 fit
900 2782 930 2822 ut
955 2771 1076 2826 deliciosi
1095 2769 1203 2820 inimici

668 2845 724 2895 sint
739 2843 825 2894 crucis
843 2860 849 2892 ε
866 2863 880 2890 n
895 2843 952 2893 haec
968 2841 1149 2907 Augustinus.

701 2915 734 2966 30
760 2917 870 2965 Frourtn
893 2929 1079 2965 satutarronrs
1102 2928 1204 2964 caucrs.

669 3014 699 3023 -
708 2986 865 3052 Completur
877 3001 947 3035 nunc
960 2983 1046 3050 figura
1058 2983 1129 3033 lsaac
1143 2982 1204 3033 obe·

669 3060 777 3119 dientis,
798 3068 824 3110 et
847 3059 880 3108 ad
902 3057 984 3123 patris
1002 3057 1107 3122 jussum
1129 3055 1204 3121 ligna

670 3145 718 3196 pro
737 3129 779 3180 sui
799 3128 985 3178 immolatione
1002 3126 1141 3192 portantis.
1158 3126 1206 3183 Et,

670 3203 820 3252 secundum
836 3199 1068 3266 chrysostomum,
1081 3214 1202 3265 quomo-

670 3273 705 3322 do
723 3273 794 3322 Isaac
814 3270 944 3320 dimissus
959 3280 1008 3330 est,
1028 3279 1054 3320 et
1074 3279 1208 3320 mactatus

671 3343 752 3406 aries;
770 3342 849 3392 sicet
864 3341 909 3392 hic
923 3341 1015 3392 divina
1035 3352 1129 3391 natura
1144 3357 1206 3392 ma·

671 3423 715 3465 net
740 3412 931 3478 impassibilis,
959 3412 1005 3462 sed
1029 3421 1141 3461 mactata
1165 3421 1208 3463 est

671 3482 834 3545 humanitas,
854 3482 960 3533 haerens
984 3479 1111 3531 cornibus
1136 3479 1208 3530 inter

670 3571 773 3622 vepres,
790 3555 817 3604 id
838 3564 878 3606 est
899 3555 968 3606 inter
981 3554 1128 3605 retinacula
1143 3568 1208 3619 pec-

672 3627 699 3679 c'
714 3643 809 3687 orum,
839 3626 940 3692 quibus
966 3635 1061 3675 natura
1087 3623 1208 3673 humana

673 3700 849 3750 detinebatur.
875 3697 925 3748 Hic
953 3696 1032 3747 etiam
1058 3696 1208 3761 completur

673 3751 768 3833 viduit,
781 3772 932 3836 Sareptanae
949 3768 1044 3834 figura,
1068 3782 1130 3833 quae
1151 3765 1207 3816 col·

675 3841 738 3908 legit
757 3841 811 3896 duo
832 3841 913 3907 ligna.
934 3839 1010 3890 Unde
1033 3836 1176 3890 Anselmus
1197 3852 1206 3886 :

890 3955 923 4033 t.

903 4040 914 4067 ἱ

914 4071 946 4167 b
