2626 4328
481 237 531 288 DE
550 234 672 286 LAUDE
690 233 822 285 Divina.

86 369 147 406 mus
162 370 169 404 ι
183 373 198 401 n
213 354 271 404 haec
283 354 504 421 chrysostome.

116 445 131 479 2
154 429 311 479 Homereas
332 443 418 477 nessi·
441 438 616 482 emerissus,

84 516 131 560 Qut
155 515 228 549 vuer
260 500 339 549 Dsurs
366 513 498 548 munias.
526 523 559 534 -·
580 495 617 545 Ut

84 582 174 622 autem
200 570 299 619 melius
322 569 350 618 in
377 569 455 619 leude
479 566 617 616 divinate

84 644 172 692 valeas
197 655 329 700 exercere,
352 640 428 704 prius
452 637 568 688 humilia
592 645 617 686 te

83 715 140 765 Deo
152 713 247 774 vaide3
268 722 296 762 et
316 712 359 762 dic
374 727 408 762 ex
429 709 533 760 intimis
548 723 616 774 prse-

83 784 185 835 cordiis
201 784 258 834 tuis
278 782 420 833 humiliter
445 791 473 831 et
497 780 616 830 devote:

84 859 109 908 O
125 860 203 909 Pater
224 856 482 914 misericordiarum,
505 853 562 904 scio
589 862 616 902 et

82 942 145 978 vere
161 942 305 992 cognosco,
330 926 402 991 quod
426 940 471 975 me
490 933 616 990 peccato-

82 1014 140 1049 rem
161 999 293 1048 miserum
309 997 394 1063 magis
406 996 512 1046 deceret
525 1010 615 1044 coram

82 1080 108 1120 te
121 1071 206 1134 iacere
220 1078 397 1134 prostratum,
419 1077 446 1118 et
467 1082 530 1118 cum
552 1067 616 1116 fletu

83 1156 113 1191 ac
133 1142 235 1206 gemitu
260 1151 428 1206 peccatorum
443 1139 552 1190 reniam
563 1137 616 1187 fla-

83 1213 177 1278 gitare,
204 1228 286 1278 quam
309 1223 335 1263 te
358 1228 408 1262 ore
427 1211 533 1278 polluto
556 1210 616 1260 lau-

83 1284 155 1334 dare.
178 1284 230 1334 Sed
253 1295 343 1334 tamen
369 1284 402 1333 de
422 1293 469 1333 tus
493 1281 616 1348 piissima

84 1358 218 1418 bonitate,
245 1369 272 1409 et
300 1357 422 1423 ingenita
454 1356 615 1412 dulcedine,

82 1429 266 1496 omnibusque
296 1428 455 1479 mortalibus
491 1427 616 1494 promul-

82 1510 141 1565 gata
168 1501 265 1551 virtute
293 1499 429 1559 confisus,
457 1509 483 1549 te
510 1499 617 1550 laudere

81 1572 163 1637 ospio
176 1589 209 1622 ex
223 1572 329 1622 intimis
347 1570 513 1637 praecordiis,
532 1571 615 1620 obse-

81 1655 161 1692 crans
184 1644 287 1693 viscera
315 1641 526 1693 miserationum
552 1651 614 1692 tus-

81 1726 152 1775 rum,
168 1722 198 1762 ut
219 1729 264 1762 me
282 1728 403 1763 vermem
427 1713 613 1772 immundum,

81 1797 174 1834 canem
190 1795 340 1846 mortuum,
355 1796 384 1835 et
401 1786 511 1836 cadaver
524 1784 614 1850 putri-

80 1856 147 1906 dum
161 1873 215 1906 non
236 1857 376 1922 despicias,
401 1856 518 1906 Domine
539 1856 614 1906 Deos

80 1942 168 1977 meus.
190 1929 315 1993 Namque
343 1929 465 1978 Virtutes
484 1927 613 1978 coelomm

81 2010 107 2050 te
144 2000 276 2067 condigne
311 2002 419 2051 laudare
455 2010 613 2068 nequeunt,

81 2072 276 2137 quantominus
305 2072 389 2122 homo
414 2071 531 2138 fragilis,
560 2088 613 2137 pu·

81 2142 160 2192 tredo
172 2154 198 2194 et
211 2143 332 2194 vermis?
348 2145 487 2194 Bonorum
500 2142 612 2209 quidem

80 2206 267 2266 meormflnon
289 2229 370 2280 eges3
397 2215 443 2265 sed
467 2224 542 2264 tuem
561 2229 613 2263 su·

81 2286 302 2347 perexcellentem
316 2285 464 2336 bonitatem
477 2294 553 2334 tanto
565 2299 614 2333 no

81 2352 125 2402 bis
138 2355 309 2405 manikstam
325 2355 399 2419 facis,
413 2364 517 2421 quanto
532 2353 612 2404 iufir-

82 2423 221 2476 mitatibus
234 2426 336 2477 nostris
356 2426 443 2491 magis
460 2425 611 2477 miserando

81 2497 326 2558 condescendisse
344 2499 459 2564 gratiam
474 2497 557 2562 gratis
580 2512 612 2546 ex

80 2568 137 2618 sola
157 2569 316 2621 liberalitate
339 2570 458 2636 largiris.
480 2570 610 2620 Umbram

80 2638 192 2704 quidem
203 2639 299 2690 nititur
309 2640 517 2706 apprehendere,
531 2649 559 2689 et
571 2655 613 2690 se-

80 2709 174 2774 quitur
187 2721 308 2770 ventum,
327 2711 374 2777 qui
389 2727 417 2761 se
430 2727 463 2762 ex
475 2711 611 2777 condigno

80 2780 189 2831 laudare
210 2791 237 2832 tc
263 2782 417 2846 existiman
440 2781 611 2848 impossibiie

80 2858 200 2912 attentat,
217 2852 265 2918 qui
286 2863 311 2902 te
326 2854 358 2902 ad
376 2854 487 2919 plenum
505 2854 612 2903 laudare

80 2920 192 2972 laborat.
219 2924 274 2973 Nec
296 2933 387 2974 tamen
412 2924 475 2974 ideo
498 2940 513 2974 s
534 2925 612 2975 laude

80 2994 239 3045 cessandum
254 3007 306 3061 est;
320 2997 366 3047 sed
375 2997 445 3047 mihi
458 2996 611 3063 pariterque

79 3064 209 3115 omnibus
219 3067 281 3117 aliis
289 3068 419 3118 creaturis
431 3068 538 3118 laudare
549 3084 612 3118 con·

80 3136 154 3186 venit
168 3153 251 3188 suum
272 3141 435 3202 Creatorem,
456 3139 521 3206 quia
536 3141 611 3191 nulls

79 3217 198 3258 creatura
222 3219 270 3268 est,
296 3225 355 3276 quae
381 3209 504 3276 opificem
528 3225 610 3261 suum

80 3292 137 3327 non
149 3278 249 3342 laudet,
267 3282 309 3331 vel
332 3282 427 3332 saltem
449 3281 610 3332 laudabilem

80 3347 182 3399 reddat.
211 3350 272 3399 Non
301 3351 397 3416 ignoro
420 3350 523 3402 dictum
545 3366 611 3416 pro·

77 3419 227 3484 pheticum,
246 3424 311 3488 quia
328 3424 452 3476 videlicet
474 3442 483 3475 ι
510 3426 610 3476 Recios

77 3493 153 3543 decet
177 3495 351 3560 collaudatio,
376 3498 485 3564 etquis
501 3513 553 3550 non
569 3504 611 3548 est

77 3567 276 3629 spedosauaus
291 3570 317 3619 in
330 3584 378 3619 ore
393 3570 568 3634 peecatorem·
585 3581 611 3620 et

78 3638 138 3689 ideo
162 3656 203 3691 vae
225 3642 310 3693 mihi!
334 3642 408 3708 quia,
434 3642 501 3708 quid
523 3642 610 3693 dicam

79 3725 135 3759 non
160 3711 257 3772 habeo,
283 3723 330 3763 aut
352 3712 418 3778 quid
444 3712 612 3781 respondebo

79 3781 149 3832 mihi
175 3799 239 3836 mm
262 3785 322 3851 ipse
346 3783 470 3835 fecerim?
489 3784 524 3836 Si
544 3786 613 3836 otim

1150 235 1202 302 785

671 349 914 400 medemnabitme.
928 350 979 401 Sed
992 349 1127 417 numquid
1141 350 1203 401 ideo

670 429 697 470 te
716 435 774 470 uon
796 420 921 484 laudabo,
943 420 1008 486 quia
1030 420 1203 470 immundum

671 506 715 541 me
731 506 794 542 esse
816 492 968 558 cognosco?
993 493 1091 543 Nonne
1105 503 1130 543 et
1143 509 1205 543 ver-

670 577 739 623 mes,
762 573 789 613 et
806 579 878 613 ranae
896 563 1046 615 immundae
1061 579 1095 614 ex
1108 574 1202 630 putre-

669 634 733 686 dine
747 646 889 701 generatae,
904 635 1068 688 coaxitantes
1080 637 1110 686 in
1124 638 1203 702 palu-

669 706 764 766 dibus,
779 716 805 757 te
828 722 909 757 suum
926 708 1080 759 Creatorem
1096 699 1204 759 laudare

670 777 792 842 cupiunt,
812 789 892 844 prout
912 779 1000 831 sciunt
1020 789 1047 830 et
1068 781 1201 846 possunt?

670 849 741 898 Nam
755 859 782 900 et
794 849 817 899 si
830 851 905 900 velut
917 851 1051 912 alaudula,
1074 861 1101 901 et
1114 850 1202 916 philo·

670 938 751 973 mena
776 923 891 974 dulciter
925 936 1030 976 cantare
1058 925 1202 984 nesciunt,

669 995 716 1044 sed
740 1010 789 1046 nec
810 996 885 1046 velut
909 996 994 1046 homo
1014 997 1155 1047 rationalis
1173 992 1203 1046 ¹te

669 1081 830 1131 cognoscere
844 1077 969 1133 possunt,
982 1069 1077 1118 saltem
1093 1068 1145 1118 hoc
1164 1067 1203 1117 ia·

669 1136 755 1198 ciunt,
767 1138 840 1203 quod
861 1149 887 1188 te
901 1139 1127 1204 cognoscentibus
1144 1153 1204 1188 ma-

669 1207 765 1258 teriam
779 1218 832 1259 tuae
852 1209 939 1260 laudis
959 1209 1091 1259 tribuunt.
1106 1209 1130 1258 Ο
1146 1208 1203 1259 uti-

670 1297 736 1331 nam
760 1291 856 1332 cuncta
891 1282 985 1333 suavia
1022 1282 1203 1333 instrumenta

670 1353 829 1414 musicalia,
862 1354 985 1406 coelestes
1009 1370 1120 1422 quoque
1144 1354 1204 1405 har·

669 1424 778 1488 monis,
800 1439 833 1475 sc
858 1434 996 1478 terrestres
1023 1425 1147 1476 melodiae
1170 1425 1203 1475 de

669 1497 749 1546 corde
771 1513 822 1548 auo
845 1513 953 1549 sursum
974 1501 1159 1566 procederent,
1176 1509 1203 1549 et

667 1568 819 1635 condignas
831 1570 923 1621 leudes
937 1581 992 1621 tam
1012 1569 1127 1620 dulciter
1141 1585 1203 1635 per-

669 1653 820 1704 sonarent,
847 1652 878 1692 ot
901 1642 988 1694 oculis
1014 1643 1113 1693 divinte
1139 1657 1200 1692 ma-

667 1714 772 1778 jestatis
803 1724 858 1776 tuae
897 1725 978 1781 grette
1011 1715 1129 1774 fierent,
1169 1730 1199 1766 ac

667 1794 753 1835 totam
767 1787 905 1837 coelestem
920 1787 1033 1846 curiam,
1053 1800 1125 1835 novo
1138 1800 1205 1851 quo-

667 1855 730 1906 dam
755 1866 782 1908 et
801 1856 931 1910 ineffabili
953 1856 1057 1924 gaudio
1079 1855 1200 1907 letifica-

667 1925 747 1976 rent!

699 1998 715 2049 3
729 2001 838 2051 aneson
850 2018 969 2053 exorrsr
983 1995 1067 2051 osnes
1079 2014 1201 2050 casaru-

665 2087 714 2122 ms
729 2088 817 2123 saeuis
830 2088 954 2124 seuniae
978 2073 1069 2122 Deus..
1095 2099 1125 2108 -
1148 2070 1201 2120 Sed

665 2144 733 2210 quid
761 2145 869 2195 dicam?
903 2144 1116 2209 Memetipsum,
1144 2143 1200 2192 Do-

665 2214 760 2274 mine,
788 2224 834 2265 tus
862 2215 940 2265 laude
967 2214 1112 2279 indignum
1141 2227 1200 2262 esse

664 2299 807 2349 cognosoo,
835 2285 1013 2351 quamobrem
1037 2298 1141 2349 precor,
1169 2291 1200 2332 ut

664 2356 761 2407 saltem
787 2367 882 2407 ceterae
904 2367 1035 2406 creaturae
1057 2354 1199 2405 nobilitate

664 2428 806 2492 praeclsm,
826 2427 1013 2493 imperfectum
1042 2441 1133 2476 meum
1154 2424 1199 2474 di-

664 2507 783 2562 gnentur
804 2499 938 2563 supplere.
957 2498 1028 2563 Opto
1054 2496 1147 2563 igitur,
1171 2507 1198 2546 et

663 2583 696 2618 ex
717 2577 774 2618 toto
796 2569 879 2619 coede
899 2567 1032 2628 desidero,
1060 2578 1092 2618 ut
1118 2567 1199 2617 orbes
1235 2610 1242 2618 .

664 2642 851 2706 planetarum,
870 2655 902 2691 ac
927 2640 1026 2692 coelum
1051 2639 1196 2696 sidereum.

664 2713 859 2780 limpidissimo
892 2714 998 2766 lumine
1031 2713 1196 2773 radiosum;

664 2787 781 2838 florifera
800 2803 911 2855 quoque
931 2787 1068 2853 germine,
1096 2783 1200 2834 vernali

664 2862 760 2913 decore
779 2863 937 2928 conspicua,
955 2860 1132 2926 pulchrisque
1149 2873 1200 2907 co-

664 2935 770 2984 loribus
788 2935 936 2996 adornata;
959 2947 1006 2982 nec
1024 2947 1078 2980 non
1095 2939 1121 2980 et
1135 2944 1200 2978 om*

664 3007 710 3056 nia
735 3007 827 3072 ignitae
855 3004 973 3055 caritatis
997 3000 1140 3060 desideria,
1164 3001 1200 3050 de

664 3075 792 3126 cordibus
809 3085 839 3125 te
850 3072 1093 3125 vehementissimo
1106 3086 1199 3121 amore

663 3145 837 3211 diligentium
851 3143 1032 3211 procedentia,
1049 3153 1075 3194 te
1089 3142 1200 3192 laudent

663 3227 689 3267 et
714 3217 871 3267 benedicant
893 3215 921 3266 iu
939 3215 1041 3265 secula.
1067 3214 1197 3278 Optarem

662 3288 744 3338 etiam
758 3302 790 3337 ex
804 3286 913 3337 intimis
934 3284 1091 3352 precordiis
1116 3282 1195 3342 meis,

661 3367 695 3408 >ut
706 3359 731 3408 si
741 3357 867 3422 juventus
878 3356 991 3407 celerius
1003 3364 1200 3414 consummata,

663 3428 841 3478 annositatem
859 3427 1038 3477 Mathusslem
1057 3440 1197 3492 coeques-

664 3511 716 3560 set,
730 3500 804 3566 quod
820 3498 1010 3565 unusquisque
1025 3506 1123 3558 annus.
1140 3511 1196 3548 mm

663 3571 780 3637 lonffiri
791 3571 923 3636 temporis
936 3570 1068 3636 predicti,
1077 3581 1104 3622 et
1113 3584 1201 3622 unus-

664 3644 782 3710 quisque
804 3643 907 3702 mensis
927 3659 1065 3694 annorum
1090 3657 1200 3695 eorum·

665 3715 746 3774 dem,
771 3723 800 3764 et
830 3729 1003 3780 unaqueque
1030 3711 1200 3765 hebdomade

665 3787 766 3837 horum
788 3786 935 3848 mensium,
957 3797 984 3839 et
1007 3786 1123 3854 quilibet
1142 3783 1200 3833 dies

73 3851 231 3916 justificare
260 3869 301 3906 me
330 3855 449 3919 voluero,
474 3869 506 3907 or
526 3869 613 3906 metm
635 3831 904 3920 ¹hebdomadorum,
925 3869 954 3910 et
977 3857 1105 3925 quaelibet
1127 3854 1194 3904 bora
