2626 4328
129 240 308 300 QUOMODO
320 239 406 289 DOM.
418 237 542 287 APPAR.
553 235 673 287 DlSClP.
689 235 854 296 INCLUSlS,
870 236 986 286 THOM.
1006 233 1113 285 PRAES.
1147 249 1199 299 717

81 355 302 424 Chrysortomus,
318 354 417 419 aliquis
430 353 468 402 ric
480 353 534 402 isto
547 360 613 402 tem
643 371 648 380 ·

79 442 145 492 pore
154 425 252 476 dixerit
264 442 272 474 ε
287 425 391 475 utinam
401 425 430 473 in
442 423 611 488 temporibus

80 497 136 547 illis
152 496 263 546 fuissem
280 507 306 545 et
323 495 453 545 vidissem
470 495 611 544 Christum

80 567 208 618 miracula
220 566 360 616 facientem
371 565 376 614 !
386 575 451 615 tunc
461 564 593 629 excogitet
603 579 610 612 :

79 640 160 690 Beati
177 639 223 704 qui
240 652 291 689 non
307 638 431 688 viderunt
447 643 474 687 et
487 636 610 687 credide·

80 717 151 760 runt.
167 709 259 760 Potuit
274 717 364 758 autem
384 723 442 758 esse
462 706 535 773 quod
551 715 611 771 post

77 779 288 840 confessionem,
316 795 369 844 qua
386 780 507 831 Thomas
524 777 608 827 dixit:

77 851 211 902 Dominus
227 864 300 900 meur
321 858 346 900 et
362 851 436 900 Deus
452 863 534 910 meus,
551 849 610 898 Do-

78 923 171 973 minus
184 923 261 972 Jesus
274 922 413 973 insufflans
425 922 523 973 dixerit
535 937 543 971 t
554 924 610 972 Ac·

76 994 157 1059 cipite
164 994 296 1058 Spiritum
304 994 442 1056 Sanctum,
452 1008 564 1058 quorum
570 1005 610 1042 re-

73 1067 204 1117 miseritis
212 1073 332 1130 peccata,
342 1077 392 1117 etc.
402 1106 407 1126 ,
425 1067 486 1117 licet
496 1067 547 1116 hoc
556 1079 609 1114 non

71 1140 142 1190 dicat
166 1139 353 1204 Evangelista3
366 1139 431 1205 quia
445 1137 610 1202 multafect't

74 1213 166 1274 Jerus,
179 1226 239 1276 quoe
249 1226 299 1261 nou
309 1218 372 1262 sunt
381 1213 484 1278 scripta
496 1211 523 1261 in
537 1210 607 1260 libro

74 1283 132 1334 hoe.
148 1284 226 1334 Unde
242 1284 300 1348 ipse
315 1284 362 1349 qui
379 1284 508 1334 virtutem
527 1295 606 1332 suam

74 1369 130 1403 non
155 1354 274 1419 alligavit
299 1354 488 1408 sacramentis,
521 1350 609 1418 potuit

74 1424 132 1474 sine
147 1424 226 1488 signo
249 1425 373 1474 sensibili
394 1427 458 1475 dare
473 1424 607 1489 Spiritum

75 1496 213 1558 Sanctum,
227 1506 254 1545 et
266 1497 388 1547 conferre
402 1497 426 1546 ei
439 1505 607 1562 potestatem,

75 1574 102 1615 et
115 1566 236 1616 ordinem
256 1567 444 1631 episcopalem.
464 1567 535 1616 Nam
549 1582 608 1617 cre·-

74 1635 194 1686 dendum
213 1646 261 1697 est,
285 1638 358 1703 quod
378 1652 444 1687 eum
460 1638 529 1687 sicut
542 1637 608 1688 ahos

75 1709 240 1775 Episcopum
255 1709 398 1760 ordinavit.

107 1798 125 1847 4
138 1782 197 1833 Cuia
214 1785 319 1834 Teroua
336 1800 481 1835 nusrrrrro
496 1800 608 1836 rems·

72 1868 104 1903 sa
120 1868 183 1903 rurr
192 1853 200 1902 t
210 1882 241 1892 -
251 1854 371 1904 Attende
387 1855 432 1904 hic
446 1855 518 1920 quod
531 1853 608 1905 Chri·

73 1931 132 1975 stus
157 1925 273 1975 Thomae
299 1925 432 1990 apparuit,
446 1926 556 1990 quando
579 1925 606 1974 in

72 2008 164 2044 errore
182 1994 248 2058 tuin
265 1996 293 2044 in
314 2012 368 2062 quo
392 2011 487 2061 magna
502 1995 606 2046 Christi

70 2065 156 2130 pietas
166 2069 326 2127 ostenditur,
337 2067 385 2133 qui
397 2079 507 2133 propter
520 2084 606 2118 unum

70 2139 160 2189 solum
174 2147 259 2189 venit.
279 2140 357 2190 Unde
373 2141 606 2207 chrysostomus:

72 2211 221 2262 Considera
231 2213 415 2263 Dominatoris
425 2213 606 2273 clementiam,

73 2282 190 2348 qualiter
225 2284 306 2333 etiam
339 2300 388 2349 pro
423 2300 478 2335 uua
518 2284 607 2335 anima

73 2353 191 2402 ostendit
200 2355 321 2419 seipsum
330 2355 439 2405 vulnera
453 2355 606 2418 habentem,

74 2433 101 2473 et
119 2425 222 2475 accedit
236 2436 267 2475 ut
288 2426 373 2476 salvet
393 2442 490 2482 unum.
514 2445 530 2473 a
550 2427 607 2476 Hoc

73 2503 165 2544 autem
180 2495 213 2544 de
228 2495 341 2544 Thomae
362 2495 530 2545 dubitatione
548 2495 607 2546 dis-

74 2565 225 2628 pensatorie
246 2566 408 2631 permissum
430 2577 480 2626 est,
500 2577 531 2616 ut
549 2566 607 2617 evi-

72 2634 246 2686 dentioribus
257 2637 424 2703 argumentis
436 2637 606 2688 Resurrectio

72 2706 184 2757 Domini
200 2710 374 2773 probaretur3
389 2709 450 2759 ideo
464 2710 535 2760 enim
554 2711 607 2760 du·

74 2777 189 2827 bitatum
205 2789 244 2828 est
267 2781 301 2828 ab
318 2780 375 2840 illo,
391 2796 425 2830 ne
440 2780 606 2832 dubitatura

75 2848 166 2899 nobis.
180 2850 258 2899 Unde
276 2851 449 2917 Gregorius:
466 2871 479 2898 a
494 2853 553 2903 Non
567 2868 608 2904 ca·

73 2938 107 2972 su
117 2923 164 2972 sed
175 2923 275 2974 divinae
286 2924 393 2990 pietatis
405 2925 607 2991 dispensatione

73 3002 181 3059 gestum
198 3003 246 3056 est,
262 3005 291 3044 ut
309 2996 354 3045 ille
368 2997 469 3046 electus
484 2997 607 3063 discipu-

73 3066 120 3114 lus
130 3073 196 3114 nine
208 3065 320 3123 deesset,
333 3066 392 3131 qui,
402 3066 493 3118 audita
507 3069 609 3118 Restm,-

74 3135 204 3196 rectioue,
231 3137 374 3198 dubitaret,
397 3137 526 3188 dubitans
551 3139 608 3204 pal·

75 3214 161 3270 paret,
184 3216 210 3255 et
236 3205 348 3271 palpans
372 3209 510 3272 crederet·⁷
537 3220 567 3259 ut
593 3224 609 3260 a

75 3275 178 3325 nostris
195 3276 321 3327 cordibus
335 3294 444 3328 omnem
457 3279 608 3330 dubitatio-

74 3362 138 3398 nem
153 3350 306 3414 expelleret,
319 3361 345 3399 et
356 3350 421 3401 dum
436 3351 466 3402 in
480 3352 608 3418 Magistro

72 3434 125 3470 suo
137 3421 250 3470 vulnera
265 3423 386 3487 palparet
398 3425 497 3485 carnis,
510 3425 541 3475 in
555 3439 608 3474 no-

74 3492 120 3542 bis
149 3493 261 3542 vulnera
297 3505 401 3544 sanaret
429 3495 609 3548 infidelitatis.

76 3561 146 3612 Plus
163 3563 236 3612 enim
268 3563 299 3612 in
333 3564 414 3614 nobis
435 3565 609 3618 incredulitas

73 3632 202 3691 Thomae,
227 3648 310 3698 quam
329 3633 446 3684 aliorum
467 3636 610 3687 credulitas

74 3704 109 3754 ad
126 3703 207 3753 fidem
221 3703 339 3769 profuit;
356 3705 420 3777 quia
437 3705 503 3755 dum
517 3706 563 3758 ille
576 3708 608 3758 ad

75 3775 160 3825 fidem
186 3777 321 3841 palpando
351 3776 500 3837 reducitur,
532 3793 610 3830 mens

76 3855 170 3896 nostra
183 3847 260 3897 omni
272 3846 449 3907 dubitatione¹
461 3849 612 3914 postposita

666 350 763 402 infide
779 352 923 415 solidatur;
938 362 964 402 et
976 367 1030 402 non
1044 350 1134 400 solum
1149 365 1200 399 no-

666 433 750 474 stram
772 424 853 474 fidem
867 418 1020 494 ¹roboravit,
1044 423 1091 472 sed
1116 421 1198 471 etiam

666 495 854 547 haereticorum
881 511 1015 556 errorem,
1044 493 1196 544 dicentium

665 567 756 616 lesum
772 581 866 616 verum
881 582 978 632 corpus
992 581 1046 615 non
1060 564 1197 622 habuisse,

664 636 789 687 exclusit.
805 638 883 688 Unde
897 648 922 687 et
934 639 988 688 Leo
1002 638 1091 701 Papa:
1106 653 1120 681 κ
1134 633 1200 684 Suf-

664 706 726 756 fecit
736 707 852 758 Thomae
866 709 898 758 ad
910 708 989 757 fidem
1006 705 1143 772 propriam
1152 705 1198 755 vi-

664 777 736 828 disse
748 780 823 844 quod
837 779 953 843 viderat,
969 780 1014 828 sed
1031 776 1110 827 nobis
1128 791 1197 842 ope-

663 861 736 902 ratus
745 861 794 913 est,
805 862 836 901 ut
845 861 964 917 tangeret
974 850 1046 916 quod
1056 850 1170 900 videbat.
1182 867 1197 896 n

664 923 742 973 Unde
762 923 860 976 iterum
882 924 1036 988 Gregorius
1057 923 1092 972 de
1111 921 1197 986 ipsius

663 992 777 1044 Thomae
796 1004 823 1045 et
840 995 955 1044 aliorum
974 993 1054 1042 etiam
1073 992 1197 1058 discipu-

662 1064 751 1114 lorum
764 1066 933 1115 dubitatione
945 1063 1056 1114 sicdicit
1067 1081 1074 1114 ε
1086 1083 1099 1110 n
1117 1063 1197 1123 Quod

662 1136 894 1186 Resurrectionem
920 1136 1090 1186 Dominicam
1110 1134 1196 1184 disci-

663 1206 720 1270 puli
732 1208 808 1258 tarde
820 1207 1001 1266 crediderunt,
1015 1221 1070 1255 non
1089 1215 1145 1254 tarn
1158 1205 1194 1255 il-

662 1278 752 1326 lorum
768 1276 913 1327 infirmitas
930 1293 1014 1343 quam
1040 1287 1140 1339 nostra,
1164 1285 1196 1326 ut

662 1346 701 1396 ita
712 1348 811 1408 dicam,
828 1347 940 1398 firmitas
959 1347 1018 1397 fuit.
1034 1347 1093 1411 Ipsa
1116 1360 1197 1396 nam-

661 1432 715 1482 que
728 1419 908 1476 Resurrectio,
926 1417 979 1468 illis
997 1416 1196 1480 dubitantibus,

662 1504 709 1553 per
718 1491 804 1541 multa
812 1499 972 1556 argumenta
983 1499 1129 1538 monstrata
1139 1497 1196 1551 est,

662 1579 744 1629 quam
767 1566 833 1616 dum
858 1582 908 1616 nos
932 1567 1049 1631 legentes
1068 1562 1195 1629 agnosci-

662 1654 734 1699 mus,
755 1639 822 1706 quid
842 1639 914 1689 aliud
936 1654 1017 1704 quam
1041 1637 1074 1687 de
1099 1651 1195 1686 eorum
1269 1660 1272 1664 *

662 1712 830 1763 dubitatione
839 1712 1004 1762 solidamur?
1020 1711 1111 1760 Minus
1121 1708 1196 1759 enim

662 1785 731 1835 mihi
762 1785 846 1835 Maria
878 1785 1033 1850 Magdalena
1060 1781 1193 1848 praestitit,

661 1873 723 1923 quae
734 1857 815 1908 citius
830 1857 953 1917 credidit,
969 1871 1053 1922 quam
1062 1855 1195 1915 Thomas,

661 1928 709 1993 qui
723 1927 770 1978 diu
791 1928 937 1989 dubitavit3
953 1927 999 1977 ille
1015 1926 1115 1977 etenim
1131 1925 1194 1976 vul-

661 2016 758 2051 nerum
776 2001 912 2051 cicatrices
924 1999 1021 2066 tetigit,
1037 2009 1063 2048 et
1085 1999 1119 2048 de
1142 2013 1194 2047 no-

661 2082 718 2122 stro
731 2081 838 2137 pectore
853 2071 998 2122 dubietatis
1012 2071 1112 2120 vulnus
1128 2084 1190 2120 am·

660 2144 765 2209 putavit
778 2160 785 2194 :
799 2164 812 2192 u
824 2144 881 2194 haec
895 2143 1060 2210 Gregorius.

674 2267 677 2274 ,
692 2214 706 2264 5
721 2215 817 2265 Nomia
829 2231 918 2266 causis
937 2229 1058 2264 rnorrrr
1073 2225 1138 2270 Quis
1153 2226 1197 2261 cr-

659 2300 784 2336 curarcas
804 2302 949 2336 vurumuu
971 2285 1103 2335 Curiisrus
1122 2297 1199 2332 arrr-

660 2371 735 2406 uurr.
746 2383 776 2394 -
786 2356 999 2421 Dispensationis
1022 2364 1112 2404 autem
1133 2367 1197 2419 gra-

660 2425 710 2485 tia,
741 2441 796 2475 non
824 2441 856 2476 ex
886 2424 998 2476 curandi
1029 2421 1193 2490 impotentia

660 2497 804 2562 Dominus,
819 2499 866 2564 qui
883 2498 979 2548 mortis
993 2512 1074 2563 regna
1089 2496 1194 2546 destru-

659 2568 707 2628 xit,
721 2568 798 2634 signa
812 2569 907 2620 mortis
922 2569 1011 2619 delere
1032 2567 1132 2633 noluit,
1146 2567 1193 2618 sed

661 2638 787 2704 pluribus
801 2639 834 2689 de
849 2639 938 2690 causis
952 2638 1065 2705 vestigia
1086 2637 1196 2688 Passio-

660 2709 712 2770 nis,
728 2709 831 2761 scil'tcet
850 2710 986 2762 citatrices
1005 2710 1148 2760 vulnerum
1163 2707 1192 2758 in

660 2776 774 2846 co‘rpore
792 2781 853 2832 licet
874 2780 1083 2847 incorruptibili,
1106 2793 1196 2829 reser-

660 2853 740 2904 vavit.
769 2854 876 2913 Primo,
908 2855 941 2904 ad
971 2852 1142 2903 astruendam
1171 2859 1216 2899 et·

660 2925 824 2988 probandam
846 2925 1091 2982 Resurrectionem,
1105 2938 1136 2973 ac
1152 2937 1198 2972 re-

660 2996 830 3048 formandam
851 3008 877 3047 et
896 2996 1122 3046 corroborandam
1150 2993 1195 3043 di-

660 3071 828 3136 scipulorum
854 3071 947 3132 iidem,
973 3071 1008 3120 de
1027 3086 1076 3120 sua
1095 3069 1197 3120 Resur-

661 3141 779 3192 rectione
796 3143 919 3202 dubiam,
940 3152 970 3192 ut
990 3143 1102 3192 credant
1123 3140 1198 3207 quod

661 3214 720 3280 ipse
743 3213 793 3279 qui
813 3214 956 3265 crucifixus
978 3214 1029 3265 fuit
1051 3214 1079 3264 in
1104 3213 1198 3264 eodem

661 3299 773 3350 corpore
794 3300 909 3335 numero
935 3284 1094 3348 resurrexim
1118 3283 1147 3333 in
1168 3297 1199 3334 eo

662 3354 737 3405 enim
751 3356 826 3421 quod
838 3356 949 3406 vulnera
961 3352 1129 3416 ostendebat,
1144 3368 1198 3404 ma·
1260 3414 1262 3418 Ι

662 3425 804 3476 nifestabat
818 3427 890 3491 quod
906 3426 978 3476 idem
1002 3433 1195 3485 resurrexerat,

662 3494 711 3562 qui
722 3494 750 3545 in
763 3510 841 3545 cruce
850 3496 996 3561 pependit·,
1007 3494 1078 3544 unde
1089 3494 1178 3544 Lucas
1192 3509 1198 3542 :

669 3569 761 3618 Videte
774 3581 872 3618 manus
884 3582 965 3630 meas,
981 3574 1008 3618 et
1015 3567 1098 3631 pedes
1113 3580 1197 3627 meos,

663 3639 726 3704 quia
740 3652 794 3704 ege
808 3639 946 3703 ipserum.
960 3666 991 3676 -
1006 3638 1144 3701 Secundo,
1158 3637 1192 3687 ad

664 3708 905 3759 commendandam
919 3709 975 3774 ejus
988 3709 1060 3760 circa
1074 3724 1125 3759 nos
1149 3706 1197 3758 di-

664 3779 822 3840 lectionem,
832 3790 867 3855 'ut
887 3795 969 3845 quam
984 3777 1198 3830 misericorditer

665 3851 752 3904 simus
770 3851 864 3918 adjuti,
887 3853 1003 3904 ostensis
1023 3866 1081 3903 suae
1101 3848 1197 3902 mortis

655 4031 661 4065 l
