2626 4328
92 234 143 303 546

91 365 216 413 nucrrua,
226 366 383 403 nocuerim
393 368 426 402 ax
438 367 489 403 troc
503 368 537 402 er
551 368 619 403 ora-

72 437 145 487 ⁴rro.
174 451 204 460 -
231 423 281 473 Sed
317 437 365 473 nec
394 422 450 473 illis
474 421 621 474 sufficiebat

91 496 165 561 quod
185 495 218 545 ad
239 496 368 561 majorem
397 495 550 546 illusionem
575 505 619 546 to-

88 573 142 616 tam
157 567 295 617 cohortem
310 566 428 616 militurn
438 581 618 634 congregave-

90 645 159 698 rant,
177 638 223 688 sed
238 648 264 688 et
290 637 376 688 Pilato
398 639 516 704 jubente,
531 653 620 690 coram

90 707 150 774 ipso
164 718 190 759 et
201 718 258 759 toto
273 710 374 774 populo
386 710 541 760 Judaeorum
555 709 621 760 soris

90 787 267 844 exspectante,
276 779 323 845 qui
331 789 438 844 propter
449 780 548 830 festum
566 795 621 830 non

91 848 239 902 introibant
262 851 291 901 in
314 852 480 918 pretorium,
501 853 623 903 adduxe-

90 933 156 974 runt
181 924 251 974 foras
275 926 367 976 Jesum
389 927 428 976 sic
451 926 573 984 illusum,
598 936 624 976 et

91 995 124 1045 ad
140 994 305 1045 derisionem
317 1007 343 1047 et
362 996 549 1047 confusionem
573 1012 623 1063 pa-

91 1073 180 1115 ratum
211 1066 340 1117 omnibus
369 1068 621 1118 demonstrandum.

91 1133 192 1185 Exivit
226 1151 293 1203 ergo
321 1137 416 1187 iterum
444 1137 565 1196 Pilatus,
590 1138 623 1187 de

91 1208 226 1272 praetori0,
240 1208 318 1266 foras
334 1210 367 1261 ad
383 1209 499 1272 Judaeos,
512 1216 537 1260 et
550 1209 624 1260 dixit

92 1278 132 1329 eis
146 1297 155 1330 .-
169 1281 241 1330 Ecce
254 1281 359 1332 adduco
373 1280 448 1331 vobis
465 1295 523 1332 enm
529 1281 624 1345 foras,

94 1361 237 1418 postquam
253 1352 398 1418 diligenter
414 1352 581 1411 examinavi,
599 1363 624 1402 et

95 1423 200 1489 punivi,
226 1424 259 1473 ad
287 1424 364 1474 vobis
385 1423 623 1487 satisfaciendum

96 1498 125 1543 ut
149 1495 319 1559 cognoscatis
342 1494 405 1559 quia
429 1495 530 1544 nullam
551 1494 577 1543 in
595 1509 625 1544 eo

95 1580 214 1627 causam,
244 1565 345 1615 scilicet
376 1567 480 1626 mortis,
510 1567 624 1628 invenio,

95 1637 157 1686 licet
180 1636 295 1687 afflictus
311 1647 337 1687 et
360 1637 456 1688 illusus
471 1638 517 1701 sit3
535 1648 560 1687 et
575 1639 627 1688 hoc

96 1708 131 1758 ad
158 1709 324 1759 voluntatem
349 1719 466 1759 vestram
486 1709 625 1759 innocenti

96 1779 190 1831 fecisse
204 1780 327 1832 sufficiat.
343 1782 374 1832 ln
390 1797 421 1832 eo
435 1781 530 1833 habitu
549 1782 626 1832 illum

98 1852 226 1912 ostendit,
249 1853 350 1919 inquo
371 1853 468 1903 illusus
482 1863 522 1904 est
542 1868 557 1903 a
572 1854 627 1903 mi-

98 1923 201 1983 nistris,
216 1934 247 1974 ut
262 1925 356 1974 saltem
371 1924 410 1974 sic
426 1923 567 1990 quiescant
585 1925 627 1975 vi-

98 1993 188 2049 dentes
222 2009 284 2044 eum
316 1997 426 2060 plenum
465 1995 626 2060 opprobriis.

97 2063 198 2115 Exivit
224 2079 291 2131 ergo
316 2067 406 2128 Jesus,
432 2081 464 2116 ex
495 2077 627 2131 praecepto

98 2135 192 2197 Pilati,
215 2143 328 2202 portans
350 2137 468 2202 spineam
491 2152 626 2201 coronam,

97 2211 294 2273 etpurpurenm
312 2208 504 2267 vestimentum,
519 2218 545 2258 et
558 2208 628 2258 chla-

98 2277 207 2341 mydem
229 2277 391 2337 coccineam,
413 2286 520 2342 turpem
539 2287 565 2328 et
579 2293 627 2329 ve·

98 2354 201 2407 terem,
226 2363 255 2397 ac
280 2357 412 2413 sceptrum
438 2347 627 2399 arundineum.

99 2416 165 2466 Ecce
187 2434 269 2484 quam
297 2419 466 2469 lamentabile
488 2430 627 2484 spectacu-

98 2488 171 2539 lum!
187 2492 326 2542 lncedebat
339 2492 416 2559 quasi
433 2494 459 2541 in
475 2493 571 2543 habitu
582 2509 627 2543 re-

98 2559 167 2624 gali,
197 2562 243 2610 sed
267 2564 372 2627 patebat
391 2562 512 2630 undique
538 2565 629 2629 despe-

97 2631 162 2682 ctui.
189 2633 256 2681 Ecce
275 2635 412 2698 quomodo
440 2636 495 2685 Rex
520 2646 546 2684 et
573 2636 628 2685 dux

97 2711 161 2754 tuus
175 2702 334 2756 confusione
355 2708 472 2770 repletur
487 2717 514 2757 et
534 2707 628 2757 humi·

98 2773 159 2825 liter
173 2776 298 2836 sustinet,
311 2786 341 2826 ut
354 2786 380 2826 te
394 2778 427 2826 ab
442 2787 540 2827 aeterna
558 2793 628 2827 con-

98 2845 204 2898 fusione
219 2847 334 2914 eriperet
345 2885 352 2907 ,
363 2858 390 2898 et
403 2864 418 2898 a
431 2848 564 2913 superbiae
577 2865 627 2915 pe-

96 2927 137 2969 ste
149 2929 261 2970 sanaret.
277 2918 327 2969 Hic
343 2934 406 2984 ergo
421 2918 582 2969 instruimur
598 2930 628 2970 ut

97 2992 242 3056 opprobria
262 2991 354 3042 omnia
368 3007 416 3058 pro
440 2990 552 3041 nomine
565 2992 628 3042 lesu

98 3059 200 3113 Christi
215 3063 348 3114 sustinere
361 3062 444 3129 parati
460 3062 555 3122 simus,
566 3074 592 3114 et
602 3062 629 3112 in

99 3134 228 3185 omnibus
241 3134 563 3187 humiliari'studeamus.
576 3135 630 3184 Un-

98 3202 133 3253 de
143 3204 285 3255 Anselmus
297 3224 325 3256 :a
333 3204 628 3267 Attende,animamea,

98 3275 161 3342 quis
174 3286 214 3326 est
228 3278 287 3340 iste,
302 3279 348 3344 qui
365 3279 513 3344 ingreditur
527 3279 630 3328 habens

99 3347 246 3413 imaginem
261 3349 337 3415 quasi
352 3350 431 3416 regis,
445 3359 471 3399 et
484 3349 629 3399 nihilomi-

100 3435 152 3470 nus
172 3421 240 3471 servi
257 3421 454 3487 despectissimi
470 3421 630 3472 confusione

99 3492 215 3557 repletus
230 3502 283 3554 est;
299 3501 445 3542 coronatus
457 3491 566 3552 incedit,
581 3493 628 3542 sed

100 3561 158 3626 ipsa
177 3562 233 3626 ejus
252 3577 351 3612 corona
371 3562 502 3612 cruciatus
522 3574 564 3613 est
580 3563 629 3626 illi,

100 3641 126 3683 et
144 3632 218 3681 mille
240 3633 380 3697 puncturis
399 3633 550 3697 speciosum
575 3634 631 3698 ejus

99 3706 224 3758 verticem
244 3706 413 3757 divulnerat:
429 3726 443 3754 a
459 3706 515 3756 haec
531 3708 631 3758 Ansel-

100 3793 167 3831 mus.
196 3779 248 3840 Et,
275 3787 338 3828 tunc
369 3777 442 3844 quali
479 3777 631 3843 despective

101 3849 254 3917 loquendo,
280 3849 322 3898 vel
345 3863 391 3898 eos
419 3848 452 3898 ad
475 3847 630 3898 misericor-

351 236 525 288 sacunpn·
557 235 682 288 PARTIS
703 222 913 291 aarurrxu.

674 352 746 404 diam
756 354 933 420 provocando,
944 353 1019 406 dixit
1031 352 1071 404 eis
1084 350 1203 405 Pilatust
1237 346 1240 351 ’

674 424 747 476 Ecce
766 426 851 489 lromo,
876 441 934 476 ecce
949 426 982 476 de
998 425 1077 492 quasi
1096 423 1203 475 homine

675 495 783 547 creditis
809 497 882 562 quod
909 496 987 547 veliet
1012 494 1066 546 sibi
1091 509 1203 561 regnum

674 581 813 632 usurpare.
844 566 927 626 Quasi
951 567 1047 617 diceret
1072 565 1154 616 :Etsi
1179 564 1203 614 io

675 641 766 707 aliquo
790 643 859 691 male
882 641 996 707 egisset,
1020 650 1111 692 tamen
1139 641 1204 690 ultra

675 712 841 778 condignum
866 713 977 778 punitus
1007 721 1066 774 est,
1091 721 1119 761 et
1148 710 1204 760 ideo

676 783 799 834 sufficere
817 785 894 834 vobis
915 785 1042 833 deberet:
1060 782 1151 832 videte
1165 796 1205 834 cae

677 866 725 922 put
739 856 795 920 ejus
813 854 987 921 perforatum,
1005 865 1093 904 totum
1112 867 1205 919 corpus

676 929 836 988 laceratum,
864 927 962 978 faciem
985 936 1162 992 consputam,
1182 934 1206 975 et

678 1014 726 1064 pro
749 999 804 1048 Deo
822 998 1022 1064 compatiamini
1047 997 1121 1056 sibi,
1146 996 1206 1062 quia

677 1069 757 1119 frater
770 1079 856 1120 vester
870 1080 918 1120 est.
938 1070 1053 1119 Volebat
1067 1067 1143 1118 enim
1165 1066 1206 1116 Pi-

678 1139 747 1189 latus
763 1148 794 1188 ut
808 1139 971 1189 sensibiliter
984 1139 1107 1189 viderent
1118 1136 1205 1204 quali·

677 1222 718 1262 ter
732 1211 827 1262 fuisset
840 1211 952 1276 punitus
966 1221 991 1261 et
1003 1211 1110 1269 illusus,
1127 1219 1158 1259 ut
1173 1206 1208 1258 sic

679 1294 850 1334 moverentur
863 1283 895 1333 ad
916 1281 1148 1347 compassionem
1163 1278 1207 1345 qui

678 1355 770 1404 animo
795 1353 926 1403 liberandi
954 1368 1016 1402 eum
1047 1352 1111 1402 fecit
1144 1351 1209 1400 hanc

679 1424 871 1474 ostensionem.
887 1425 962 1474 Unde
977 1423 1209 1490 Chrysostomus:

680 1497 849 1561 «Propterea
868 1505 1025 1546 coronatum
1040 1496 1133 1545 Jesum
1148 1493 1209 1543 edu-

679 1567 719 1616 xit
741 1567 774 1616 ad
800 1582 855 1625 eos,
876 1575 907 1616 ut
929 1564 1080 1615 convitium
1102 1562 1209 1629 'quode

681 1637 813 1687 militibus
838 1636 938 1687 factum
962 1646 1018 1686 erat
1039 1635 1067 1684 in
1090 1650 1155 1685 eum
1172 1633 1210 1683 vi-

680 1709 774 1757 dentes
797 1722 892 1772 parum
907 1706 1069 1770 respirenta
1086 1704 1209 1754 Passione

681 1787 707 1829 et
718 1787 828 1828 vomant
842 1792 986 1827 venenum.
1000 1794 1014 1823 a
1030 1775 1108 1826 Unde
1123 1784 1149 1825 et
1160 1777 1209 1824 Ara

680 1848 807 1913 guatinas
832 1863 840 1898 .·
867 1865 880 1893 a
910 1846 981 1896 llinc
1009 1853 1128 1912 apparet,
1157 1859 1209 1894 noa

681 1918 823 1984 ignorante
846 1919 940 1978 Pilato,
966 1919 1023 1968 hoec
1042 1933 1059 1967 a
1079 1916 1210 1967 militibus

681 1990 749 2041 facta
764 2007 770 2042 :
785 1991 842 2041 sive
857 1991 965 2055 jusserit
984 2005 1024 2050 ea,
1039 1989 1097 2039 sive
1110 1987 1211 2055 permi-

681 2064 754 2122 serit,
769 2063 815 2112 illa
824 2062 925 2113 scilicet
935 2077 1022 2122 causa,
1043 2072 1074 2113 ut
1088 2062 1146 2112 haec
1158 2061 1212 2126 ejus

680 2132 799 2183 ludibria
811 2132 917 2183 inimici
939 2132 1122 2182 libentissime
1138 2131 1212 2183 vide-

681 2212 755 2262 rent,
783 2212 808 2252 et
836 2203 949 2253 ulterius
975 2203 1032 2268 ejus
1053 2202 1212 2267 sanguinem

682 2288 737 2322 non
752 2271 867 2321 sitirent.
883 2272 1025 2337 Egreditur
1036 2287 1100 2338 ergo
1117 2271 1151 2322 ad
1166 2285 1211 2322 eos

680 2347 762 2396 lesus
772 2349 888 2409 portans
900 2344 1017 2408 spineam
1034 2357 1171 2406 coronam,
1187 2347 1211 2393 et

677 2432 843 2485 purpureum
858 2416 1038 2467 vestimentum
1055 2433 1064 2467 ε
1085 2431 1140 2465 non
1157 2415 1213 2466 cla—

682 2508 727 2542 rus
742 2490 865 2556 imperio,
881 2490 926 2540 sed
944 2492 1041 2554 plenus
1055 2489 1212 2554 opprobrio,

680 2563 767 2629 spinis
783 2572 909 2628 punctus,
932 2562 1019 2626 sputis
1039 2561 1147 2621 illusus,
1165 2560 1214 2611 fla-

681 2634 758 2701 gellis
772 2634 895 2683 afflictus.
908 2633 944 2682 Et
957 2633 1056 2682 dicitur
1067 2631 1108 2682 eis
1123 2648 1130 2682 :
1145 2632 1215 2683 Ecce

681 2706 766 2756 homo.
781 2705 865 2764 Quasi
884 2704 1009 2754 dicatur:
1024 2703 1050 2754 Si
1067 2703 1124 2769 regi
1145 2703 1214 2754 invi-

681 2776 759 2834 detis,
781 2775 834 2839 jam
864 2777 971 2842 parcite,
993 2774 1058 2840 quia
1084 2776 1214 2840 dejectum

681 2845 795 2907 videtis3
813 2845 961 2909 flagellatus
977 2855 1018 2897 est
1027 2862 1034 2908 ;
1044 2845 1133 2911 spinis
1146 2859 1217 2896 coro·

682 2928 759 2968 natus
774 2925 829 2978 est;
853 2917 1002 2967 ludibriosa
1014 2927 1089 2967 veste
1105 2916 1217 2967 amictus

682 2997 736 3050 est;
760 2986 859 3036 amaris
882 2988 1007 3038 convitiis
1034 2988 1133 3039 illusus
1161 2995 1214 3048 est;

683 3058 771 3125 sputis
796 3055 911 3107 foedatus
936 3069 992 3121 est;
1018 3058 1104 3122 alapis
1133 3070 1217 3109 coesus

683 3140 739 3191 est;
758 3126 842 3176 fervet
855 3127 1017 3192 ignominia,
1030 3127 1158 3192 frigescat
1173 3126 1217 3176 in·

683 3204 766 3254 vidia.
782 3198 836 3254 Sed
851 3217 907 3251 non
922 3199 1056 3265 frigescit;
1074 3196 1219 3249 inardescit

683 3275 773 3340 potius
786 3286 812 3326 et
825 3271 948 3323 increscit
965 3288 972 3321 ε
988 3291 1001 3318 a
1017 3271 1075 3320 haec
1089 3267 1219 3335 Augusti-

684 3359 743 3396 nus.
755 3345 796 3395 Ex
807 3345 859 3394 hoc
873 3340 1118 3392 articulosurnitur
1131 3340 1217 3389 docu-

684 3429 817 3478 mentum,
833 3415 905 3483 quod
925 3431 975 3465 nos
992 3414 1134 3466 Christum
1155 3412 1218 3462 illu-

684 3505 744 3540 sum
771 3498 833 3539 ante
860 3487 959 3537 mentis
992 3495 1093 3536 nostrae
1124 3485 1218 3535 oculos

685 3561 840 3624 habeamus,
861 3561 937 3610 etin
959 3558 1059 3610 vestitu
1079 3567 1125 3607 aut
1146 3566 1219 3607 exte·

684 3633 749 3683 riori
764 3642 891 3698 apparatu
905 3647 959 3680 non
972 3645 1041 3680 vane
1053 3629 1216 3696 gloriemur;

684 3705 816 3770 quoniam
827 3703 962 3754 Dominus
975 3710 1066 3750 noster
1076 3700 1105 3750 in
1119 3698 1218 3750 vestitu

684 3776 782 3828 illusus
791 3786 840 3827 est.
856 3775 891 3824 Et
905 3773 1022 3824 maxime
1036 3772 1062 3821 in
1077 3771 1130 3822 hoc
1142 3769 1218 3836 sequi

684 3848 827 3899 Christum
847 3846 946 3896 debent
970 3843 1087 3910 religiosi
1110 3853 1137 3894 et
1159 3856 1218 3892 mo·
