2626 4328
136 307 188 358 802

136 424 159 474 ci
184 433 210 474 et
235 439 291 475 esse
318 425 449 476 meruisti.
475 425 522 476 Eia
542 439 666 475 succurre

138 497 226 557 nobis,
248 507 274 548 et
297 512 406 548 oramus
436 507 466 547 ut
489 498 558 557 iaus,
584 511 666 562 quam

132 584 183 634 per
197 579 236 619 tot
251 570 340 619 secula
356 568 524 634 possedistis,
537 567 667 618 continua

136 639 186 690 tibi
201 640 280 689 duret
292 639 319 688 in
333 639 418 704 gratia
432 639 498 704 ipsa,
515 653 569 705 qua
583 654 667 688 mun-

386 275 389 282 ’
406 306 581 360 sucuuun:
597 303 721 355 PARTIS
735 305 853 356 carur
869 305 1018 360 Lxxxvu.

721 439 792 474 mus.
817 423 900 474 Effice
915 424 1005 489 potius
1020 432 1050 474 ut
1072 425 1148 475 salus
1168 432 1266 475 nostra

721 497 755 546 de
780 495 825 545 die
853 495 881 545 in
907 495 979 547 diem
1009 495 1267 561 multiplicetur,et

722 565 793 616 Filio
808 566 986 616 tuoDomino
999 567 1063 617 iesu
1077 566 1203 628 Christo,
1220 565 1266 617 vi-

723 645 750 686 ta
772 647 864 687 nostra
886 637 942 703 jugi
971 637 1117 688 devotione
1144 637 1266 688 famule-

137 710 172 760 do
186 708 343 760 subvenisti.
365 709 428 759 Tibi
445 725 509 776 ergo
524 725 575 760 nos
590 725 668 759 com-

723 718 789 758 tur:
807 726 820 754 n
836 708 892 759 haec
902 708 1058 759 AnseimuS.

139 781 311 841 mendamus3
333 788 363 829 tu
381 795 492 845 procura
519 796 553 831 ne
572 795 666 846 perea-
786 784 790 787 ’

631 975 766 1027 ORATIO

171 1126 245 1191 Deus
257 1141 335 1199 dator
353 1141 454 1208 gaudii,
472 1141 584 1207 largitor
603 1141 701 1203 solatii,
717 1142 806 1192 luctus
828 1141 967 1201 revelator,
983 1141 1109 1194 moeroris
1130 1143 1266 1210 effugator

139 1213 187 1279 qui
210 1214 314 1264 beatam
335 1215 470 1280 virginem
494 1214 615 1275 Mariam,
631 1214 744 1264 Matrem
767 1224 852 1275 tuam,
868 1215 1015 1276 majestatis
1037 1215 1192 1280 speculum,
1207 1217 1267 1266 An-

139 1285 261 1351 gelorum
290 1286 426 1346 solatium,
450 1296 502 1335 tuae
527 1285 657 1335 bonitatis
683 1285 839 1351 imaginem,
866 1296 965 1334 nostrae
995 1285 1090 1340 salutis
1116 1285 1264 1352 originem,

141 1357 285 1423 multiplici
309 1359 408 1423 gaudio
439 1358 467 1408 in
492 1356 571 1407 terris
590 1366 617 1407 et
638 1357 666 1407 in
691 1358 766 1407 coelis
789 1355 953 1406 laetificasti:
974 1357 1089 1406 concede
1110 1355 1183 1406 mihi
1199 1372 1265 1422 sup-

141 1430 204 1496 plici
225 1440 283 1490 tuo,
302 1440 332 1480 ut
352 1431 400 1496 qui
424 1431 456 1480 ad
482 1445 540 1480 eam
562 1430 639 1495 quasi
663 1430 695 1480 ad
726 1428 827 1480 fontem
855 1429 945 1494 gaudii
968 1430 995 1480 in
1021 1430 1169 1480 doloribus
1198 1427 1266 1479 meis

140 1504 302 1554 fiducialiter
320 1519 454 1554 recurrere
474 1518 628 1569 praesumo,
654 1504 757 1554 valeam
781 1503 868 1569 ipsius
894 1503 999 1553 meritis
1022 1514 1048 1554 et
1072 1503 1268 1554 intercessione

142 1575 283 1640 praesentis
298 1585 323 1625 et
337 1574 458 1640 perpetui
476 1575 566 1639 gaudii
586 1574 711 1625 effectum
726 1574 836 1631 sentire,
852 1583 879 1624 et
900 1574 933 1622 ad
952 1574 1019 1624 iilud
1038 1573 1179 1624 ineffabile
1200 1587 1267 1639 gau-

141 1644 227 1706 dium,
243 1660 298 1711 quo
311 1654 450 1710 assumpta
464 1654 554 1696 tecum
568 1645 666 1712 gaudet
681 1644 711 1695 in
725 1644 809 1708 coelis,
825 1644 940 1695 feliciter
953 1644 1103 1710 pervenire.
1119 1646 1219 1695 Amen.

504 2045 671 2117 CAPUT
699 2048 901 2118 LXXXVII

528 2293 579 2362 De
596 2293 707 2388 finali
721 2293 876 2382 judicie.

177 2555 187 2589 1
207 2539 316 2590 Funus
340 2556 435 2591 Junrcn
459 2557 675 2594 crncuusraurma

142 2624 169 2658 ru
183 2624 322 2660 canuntur.
340 2639 370 2650 -
388 2613 451 2662 Post
465 2613 598 2677 praedicta,
615 2629 676 2680 quae

140 2693 196 2744 tarn
213 2681 343 2744 completa
363 2691 435 2739 sunt,
451 2692 532 2732 restat
545 2693 576 2733 ut
592 2684 625 2734 de
639 2683 675 2733 fi-

142 2752 195 2804 nali
220 2752 339 2816 judicio,
368 2763 394 2802 et
422 2754 586 2818 quibusdam
615 2755 676 2805 aliis

143 2826 267 2876 nondum
283 2819 424 2891 impletis,
451 2825 555 2891 aliquid
581 2826 675 2877 videa·

142 2915 213 2950 mus.
230 2899 323 2950 Finale
341 2898 432 2964 itaque
447 2898 579 2963 judicium
597 2914 675 2965 quae-

142 2970 205 3020 dam
232 2980 296 3021 sunt
322 2968 515 3029 antecedentia,
543 2968 644 3019 scilicet
667 2985 674 3019 ε

143 3057 222 3108 poena
257 3041 416 3108 purgatorii,
452 3041 577 3092 Ecclesiae
616 3039 675 3092 suf-

142 3113 241 3180 fragia,
270 3124 295 3165 et
320 3113 480 3164 Antichristi
511 3113 673 3179 persecuti03

142 3187 267 3252 quaedam
295 3185 513 3247 concomitantia,
542 3185 643 3237 scilicet
666 3202 673 3236 ε

141 3256 315 3322 conflagratio
342 3255 447 3316 mundi,
477 3265 502 3306 et
530 3271 673 3320 corporum

141 3329 318 3392 resurrectio;
334 3338 360 3378 et
382 3328 503 3393 quaedam
525 3327 673 3394 sequentia,

141 3398 243 3449 scilicet
262 3416 269 3448 :
284 3414 364 3465 poena
382 3396 530 3460 infernalis,
549 3408 575 3449 et
588 3397 674 3464 gloria

141 3470 265 3522 coelestis.

174 3554 189 3591 a
208 3543 374 3597 Punoironu
391 3561 472 3597 rtrum
486 3561 520 3597 ur
536 3545 673 3596 Eccnasne

98 3631 99 3634 ¹
141 3627 295 3666 sonantem.
310 3644 340 3655 -—
356 3618 394 3668 De
415 3614 571 3683 purgatorio
586 3615 674 3666 seien-

140 3684 216 3744 dum,
232 3687 304 3750 quod
320 3688 390 3738 ineo
402 3689 501 3754 duplex
515 3702 595 3754 poena
609 3696 650 3737 est
665 3702 672 3736 :

140 3771 194 3807 una
211 3755 314 3816 damni,
333 3759 365 3808 de
387 3760 503 3810 carentia
516 3757 613 3808 divinae
630 3756 672 3808 vi-

141 3826 240 3891 sionis;
265 3827 317 3878 alia
341 3843 446 3891 sensus,
472 3830 505 3880 de
527 3828 672 3880 afflictione

140 3899 238 3950 caloris
262 3909 308 3955 aut
324 3898 443 3965 frigoris,
455 3900 498 3951 vel
519 3915 605 3965 poenae
629 3900 671 3950 al·

729 2545 814 2596 terius
840 2545 945 2612 generis
972 2562 980 2597 z
1010 2555 1036 2596 et
1073 2557 1212 2613 quantum
1233 2549 1265 2599 ad

730 2626 891 2682 utrumque,
908 2616 996 2667 minor
1012 2631 1091 2681 poena
1106 2618 1265 2685 purgatorii,

730 2687 815 2751 major
848 2696 889 2737 est
917 2702 998 2753 quam
1034 2689 1154 2740 maxima
1187 2703 1264 2757 poena

730 2759 812 2822 hujus
839 2760 944 2809 mundi.
972 2760 1049 2811 Unde
1071 2761 1264 2829 Ber-nardus:

730 2846 744 2874 a
756 2829 817 2878 Sola
831 2828 889 2878 dies
903 2830 1051 2894 purgatorii
1067 2842 1179 2897 superat
1205 2847 1265 2899 pas-

731 2897 821 2948 siones
843 2900 1012 2952 Sanctorum.
1032 2919 1046 2947 n
1068 2901 1151 2952 Ratio
1175 2913 1262 2957 autem

729 2969 881 3020 acerbitatis
916 2985 1002 3035 poenae
1037 2972 1190 3037 purgatorii
1227 2981 1265 3023 est

729 3038 779 3090 ista
797 3039 884 3106 :quia
904 3056 966 3090 cum
987 3041 1059 3090 Deus
1079 3042 1141 3107 plus
1163 3051 1264 3111 quaerat

729 3112 881 3173 emendam,
895 3129 976 3178 quam
992 3128 1111 3178 poenam,
1126 3116 1190 3180 plus
1202 3131 1264 3182 pon·

728 3184 802 3234 derat
819 3185 848 3235 in
869 3185 1028 3251 poenitentia
1042 3186 1172 3238 virtutem
1188 3189 1263 3239 bonoe

728 3257 883 3317 voluntatis,
905 3274 988 3324 quam
1012 3274 1122 3324 poenam
1138 3260 1262 3313 affiictio-

728 3327 799 3391 nis;
835 3329 907 3378 unde
936 3329 997 3394 plus
1027 3330 1159 3394 ponderat
1193 3332 1263 3397 Deus

728 3397 862 3448 modicam
879 3415 996 3464 poenam
1024 3401 1209 3452 voluntariam
1234 3400 1261 3451 in

728 3472 869 3538 praesenti,
891 3488 974 3539 quam
999 3475 1115 3524 multam
1144 3473 1263 3529 nonita

728 3543 906 3594 voluntariam
928 3544 957 3593 in
977 3541 1080 3604 futuro,
1106 3545 1178 3596 sicut
1203 3545 1261 3610 plus

726 3615 796 3666 valet
810 3615 948 3665 modicum
963 3616 1031 3675 auri,
1046 3630 1128 3681 quam
1144 3617 1261 3667 multum

727 3685 842 3752 plumbia
858 3687 944 3749 Unde,
958 3687 1109 3737 secundum
1125 3685 1261 3754 Augusti-

727 3771 797 3821 num,
815 3772 869 3807 una
884 3767 959 3823 gutta
979 3772 1055 3824 aquae
1069 3757 1261 3823 lacrymarum,

726 3837 830 3878 tantum
867 3826 930 3878 facit
964 3827 1008 3879 hic
1043 3842 1091 3893 pro
1128 3827 1260 3892 emenda,

725 3907 857 3966 quantum
871 3899 963 3950 decern
976 3896 1040 3950 anni
1053 3897 1082 3948 in
1094 3897 1261 3967 purgatorio.
