2626 4328
146 322 202 374 638
429 320 604 374 SECUNDAE
621 317 745 368 PARTlS
761 318 877 371 CAPUT
895 320 998 372 LXVll.

147 439 225 489 rodes
241 454 314 498 vero,
329 438 376 506 qui
399 438 536 489 consensit
551 438 634 489 Pilato
651 437 679 487 in
735 438 803 488 lium
819 437 960 498 Viennam,
975 448 1000 489 et
1019 446 1144 487 mortuus
1159 435 1199 487 ibi
1216 452 1270 491 est·

148 526 211 562 nece
220 510 342 576 Domini,
352 512 506 576 deportatus
520 511 598 561 estin
612 511 680 561 exsi-

641 733 778 784 ORATIO

179 884 295 935 Domine
315 885 376 935 lesu
399 883 516 943 Christe,
532 885 579 950 qui
595 883 661 934 hora
680 884 856 950 Completorii
877 884 1043 934 aromatibus
1060 883 1128 948 ungi
1149 891 1176 932 et
1200 897 1269 932 con-

149 956 210 1019 diri,
224 972 254 1007 ac
267 957 385 1006 sindone
395 966 422 1006 et
434 956 495 1006 aliis
506 955 598 1006 linteis
613 955 722 1017 involvi,
737 967 763 1007 et
777 956 868 1023 ligari;
885 957 970 1006 Matre
985 970 1095 1022 quoque
1109 965 1156 1004 tua
1168 963 1197 1004 et
1207 954 1269 1005 aliis

148 1027 243 1077 amicis
262 1028 318 1078 tuis
342 1027 553 1078 lamentantibus
577 1028 609 1077 ad
632 1028 816 1093 sepeliendum
841 1028 938 1094 portari
962 1036 988 1078 et
1010 1025 1116 1092 sepeliri
1138 1024 1268 1083 voluisti,

148 1098 181 1148 da
196 1097 244 1157 mi,
259 1113 360 1164 quaes0,
375 1107 405 1148 ut
423 1108 448 1148 te
470 1098 636 1148 aromatibus
658 1098 788 1164 iuungam
812 1114 859 1164 per
875 1098 1021 1148 ferventem
1038 1095 1223 1159 devotionem,
1243 1106 1269 1146 et

148 1170 249 1220 bonam
264 1170 506 1234 conversationem3
524 1171 637 1221 sindone
651 1180 677 1221 et
690 1170 893 1221 linteaminibus
913 1180 938 1220 te
959 1169 1105 1228 involvam,
1121 1181 1169 1240 per
1184 1182 1269 1217 mun-

146 1241 209 1291 dam
234 1241 412 1304 affectionem,
436 1251 462 1292 et
482 1242 653 1293 conscientiae
675 1242 830 1308 puritatem,
855 1243 983 1292 lamentet
1010 1249 1035 1289 te
1059 1237 1188 1304 lacrymis
1211 1253 1270 1303 poe-

148 1312 268 1362 nitentiae
296 1323 322 1362 et
350 1312 565 1378 compassionis,
592 1324 751 1379 portemque
779 1312 897 1364 brachiis
924 1311 1068 1362 caritativae
1100 1318 1127 1360 et
1154 1307 1271 1358 humilis

147 1384 327 1450 operationis3
343 1393 369 1434 et
391 1384 518 1449 sepeliam
542 1395 568 1435 te
587 1385 614 1434 in
639 1385 718 1435 corde
739 1396 809 1447 meo,
825 1399 872 1450 per
887 1385 976 1450 jugem
997 1380 1223 1443 recordationem,
1244 1389 1271 1429 et

147 1455 321 1519 memoriam;
337 1468 367 1506 ut
381 1466 406 1505 et
419 1471 469 1520 ego
488 1455 539 1505 tibi
561 1458 734 1522 consepultus
748 1456 888 1522 pervenire
902 1467 990 1506 tecum
1006 1469 1109 1505 merear
1129 1451 1163 1502 ad
1177 1466 1270 1502 resur-

149 1526 276 1577 rectionis
289 1528 412 1593 gloriam.
425 1530 522 1577 Arnen.

543 1933 709 2005 CAPUT
733 1935 868 2004 LXVII

194 2194 372 2287 Epilogus
398 2196 591 2267 Dominicae
614 2197 810 2279 Passionis
838 2209 872 2266 et
901 2199 943 2266 de
973 2197 1074 2268 laude
1097 2200 1226 2272 cincre.

185 2463 194 2496 1
217 2447 309 2496 Passio
322 2447 433 2496 Cnnrsrr
449 2460 525 2496 uoms
539 2461 593 2495 nun
617 2461 685 2495 nnn-

58 2551 60 2555 >
148 2533 194 2568 mr
216 2533 360 2566 atramenta.
384 2544 413 2554 -
444 2517 590 2568 Considera
616 2531 686 2567 nunc

151 2601 212 2654 quoe
227 2602 275 2652 pro
289 2589 374 2637 salute
389 2586 512 2637 hominis
525 2586 599 2637 omni
614 2597 686 2638 tem-

151 2674 233 2726 pore,
259 2667 285 2707 et
310 2657 461 2723 specialiter
486 2659 568 2709 hodie
592 2675 686 2725 passus

152 2740 192 2782 est
204 2728 348 2791 Dominus,
360 2738 390 2778 ut
400 2728 464 2778 inde
474 2729 594 2779 advertas
603 2746 686 2796 quan·

152 2813 211 2854 tum
236 2799 288 2850 sibi
307 2799 402 2849 debeat
421 2798 537 2865 quilibet
551 2799 686 2851 Christia-

154 2892 222 2941 nus;
236 2875 292 2926 haec
303 2872 377 2924 enim
393 2887 454 2939 quae
472 2888 520 2938 pro
536 2873 616 2923 nobis
630 2889 687 2940 pas

152 2963 201 2999 sus
213 2957 263 3006 est,
279 2960 359 3010 super
377 2944 470 2995 omnia
487 2959 547 3010 quae
561 2956 687 3010 operatus

117 3022 124 3035 ’
153 3031 203 3082 est,
215 3021 291 3071 valde
302 3019 445 3070 amabilem
460 3033 522 3068 eum
539 3018 619 3069 nobis
631 3020 688 3069 red·

154 3093 231 3152 dunt,
245 3102 270 3142 et
287 3106 337 3141 nos
349 3090 381 3141 ad
400 3105 462 3140 eum
475 3090 621 3139 amandum
636 3089 687 3140 ior·

154 3164 209 3213 tius
227 3162 388 3227 astringunt.
409 3161 486 3212 Unde
504 3161 686 3212 Bernartius:

154 3251 168 3280 a
182 3235 265 3283 Valde
279 3232 393 3282 omnino
409 3230 477 3280 mihi
492 3233 624 3303 amandus
636 3241 685 3292 est,

152 3321 299 3372 perquem
316 3320 386 3365 sum,
403 3304 474 3364 vivo,
490 3314 516 3354 et
535 3306 620 3371 sapio.
636 3306 687 3357 Pro

155 3374 199 3425 his
221 3392 284 3442 ergo
301 3375 338 3426 ita
356 3391 419 3426 sum
436 3390 530 3425 amans
547 3385 581 3436 te,
598 3391 687 3442 quan-

152 3456 213 3498 tum
226 3464 347 3515 possum.
363 3448 415 3498 Sed
431 3448 557 3514 estquod
572 3464 616 3498 me
627 3449 688 3514 plus

156 3531 260 3580 movet,
280 3522 342 3586 plus
363 3523 453 3585 urget,
474 3522 534 3586 plus
557 3520 687 3571 accendit.

155 3593 240 3658 Super
251 3593 351 3651 omnia,
372 3592 495 3658 inquam,
510 3593 598 3642 reddit
613 3608 688 3643 ama-

155 3663 238 3714 bilem
264 3674 290 3713 te
315 3663 398 3723 mihi,
425 3664 494 3713 bone
520 3664 596 3723 Jesu,
621 3664 688 3714 calix

155 3750 238 3801 quern
256 3733 358 3794 bibisti,
374 3750 443 3800 opus
465 3744 563 3785 nostrae
581 3735 689 3786 redem-

156 3804 273 3871 ptionis,
292 3805 343 3854 hoc
359 3805 473 3854 omnino
496 3819 616 3856 amorem
638 3821 689 3856 no-

155 3884 242 3927 strum
270 3874 346 3926 facile
368 3875 490 3926 vendicat
511 3884 598 3926 totum
625 3875 687 3927 sibi.

740 2445 807 2506 Hoc,
817 2445 939 2512 inquam,
950 2456 992 2497 est
1005 2446 1079 2512 quod
1094 2457 1216 2498 nostram
1232 2448 1264 2499 de

739 2516 877 2567 votionem
899 2528 925 2568 et
942 2517 1067 2567 blandius
1080 2517 1176 2582 allicit,
1191 2530 1218 2570 et
1231 2520 1273 2585 ju-

740 2589 809 2639 stius
826 2590 918 2655 exigit,
941 2600 968 2640 ct
988 2590 1228 2658 arctiusstringit,
1248 2603 1273 2643 et

739 2659 820 2711 afficit
830 2661 1028 2712 vehementius.
1042 2662 1162 2712 Multum
1173 2662 1273 2730 quippe

739 2732 870 2782 laboravit
896 2732 923 2782 in
952 2748 984 2783 eo
1012 2733 1148 2798 Salvator,
1174 2749 1223 2785 nec
1246 2734 1272 2784 in

740 2801 813 2851 omni
837 2803 932 2852 mundi
955 2802 1055 2854 fabrica
1077 2813 1185 2855 tantum
1209 2805 1272 2856 fati-

739 2874 856 2939 gationis
869 2886 964 2925 auctor
981 2877 1137 2941 assumpsit.
1153 2877 1211 2928 lllic
1226 2878 1273 2928 de-

740 2943 824 3010 nique
841 2961 848 2995 r
870 2946 954 2997 Dixit
970 2952 997 2997 et
1004 2946 1086 3012 sacta
1107 2953 1181 3010 sunt,
1196 2963 1274 2999 nian-

740 3018 816 3068 davt't
835 3018 1117 3081 etcreatasun15hic
1134 3035 1200 3071 vero
1219 3036 1226 3070 :
1250 3030 1275 3070 et

740 3088 769 3138 in
796 3089 876 3139 dictis
901 3088 958 3139 suis
985 3089 1117 3140 sustinuit
1139 3090 1276 3141 contradi-

740 3169 836 3223 ctores,
852 3171 878 3210 et
893 3160 921 3210 in
941 3160 1019 3211 factis
1039 3160 1236 3226 observatores,
1250 3171 1275 3212 et

741 3233 769 3282 in
784 3233 926 3284 tormentis
945 3233 1077 3294 illusores,
1092 3243 1119 3286 et
1141 3234 1170 3284 in
1189 3245 1276 3285 morte

740 3303 952 3369 exprobratores.
969 3323 983 3350 v
1001 3304 1034 3354 Et
1049 3303 1149 3354 iterum
1164 3320 1172 3354 ε
1187 3322 1202 3351 c
1217 3305 1275 3354 Me-

741 3385 833 3425 mento
851 3376 904 3440 jam
925 3376 1017 3436 homo,
1033 3376 1082 3426 etsi
1097 3375 1131 3426 de
1145 3377 1236 3427 nihilo
1250 3386 1276 3427 te

741 3446 855 3507 factum,
886 3464 942 3498 non
966 3458 1056 3499 tamen
1077 3447 1111 3498 de
1136 3448 1227 3500 nihilo
1251 3458 1277 3499 te

741 3519 920 3584 redemptum.
949 3519 1000 3569 Sex
1032 3517 1129 3568 diebus
1155 3517 1278 3570 condidit

741 3589 841 3654 omnia,
856 3600 881 3641 et
903 3600 929 3641 te
952 3589 1023 3640 inter
1038 3589 1140 3641 omnia.
1157 3592 1195 3642 At
1212 3604 1276 3641 vero

741 3678 788 3728 per
810 3671 882 3713 totos
906 3661 1016 3728 triginta
1037 3677 1125 3714 annos
1150 3674 1276 3730 operatus

741 3744 782 3785 est
795 3735 909 3785 salutem
931 3744 1005 3784 tuam
1025 3733 1054 3784 in
1075 3734 1168 3785 medio
1189 3744 1273 3786 terrae.

742 3808 766 3859 Ο
784 3817 916 3874 quantum
933 3807 1064 3858 laboravit
1084 3806 1239 3859 sustinens!
1260 3824 1272 3852 v

742 3877 797 3928 haec
817 3877 987 3930 Bernordus.
1008 3877 1085 3928 Unde
1109 3887 1136 3930 et
1157 3878 1278 3931 Ambrw.
