2626 4328
141 394 256 455 dierunt,
272 395 305 444 de
323 410 439 460 quorum
455 393 535 445 dictis
550 410 605 444 non
626 395 677 444 ha-

143 464 205 513 beas
245 463 375 514 invidiam
409 465 450 514 vel
485 465 676 530 suspicionem.

143 533 227 593 Quasi
243 535 341 585 diceret
365 552 371 585 :
395 536 503 587 Paratus
524 552 586 586 sum
601 536 678 587 testi-

143 608 268 658 monium
293 624 388 658 eorum
410 610 509 670 subire,
532 611 605 677 quod
628 609 678 660 tibi

143 681 229 746 magis
241 697 323 746 quam
339 682 439 731 dictum
456 699 547 733 meum
560 693 599 734 rat
618 698 684 733 cre--

139 753 235 805 dibile.
248 753 325 804 Unde
334 754 546 821 Chrysostomus
556 772 589 807 :a
598 754 678 818 Quid,

143 826 191 886 ait,
208 827 296 876 mede
311 826 451 892 discipulis
468 829 545 890 meis,
560 829 680 879 interro-

144 896 224 962 gas?
238 897 374 963 Interroga
392 898 519 951 inimicos
534 915 617 964 meos,
632 899 680 966 qui

144 967 308 1017 insidiantur
331 968 417 1029 mihi,
445 970 474 1020 hi
497 970 596 1021 dicant.
618 970 681 1020 Hes

145 1037 218 1087 enim
237 1046 276 1087 est
289 1039 408 1089 veritatis
428 1040 619 1091 inaltercabilis
632 1041 681 1090 de-

146 1108 316 1168 monstratio,
333 1124 395 1159 cum
413 1110 538 1161 inimicos
554 1110 616 1177 quis
633 1126 681 1161 eo-

146 1193 208 1227 rum
222 1193 282 1243 quae
298 1179 362 1230 dicit
379 1181 484 1232 invocat
496 1191 577 1232 testes
591 1181 665 1247 ipsos
673 1200 681 1245 ;

141 1247 183 1298 ¹ita
197 1248 337 1300 Dominus
351 1252 556 1317 responsionem
576 1262 682 1317 tempe·

147 1322 225 1383 ravit,
247 1334 278 1374 ut
299 1324 440 1375 veritatem
465 1334 572 1385 taceret,
595 1341 631 1375 ne
653 1340 683 1376 se

145 1393 291 1445 defendere
321 1396 469 1457 videretur,
499 1398 567 1447 dans
601 1397 682 1447 nobis

145 1466 261 1518 formam
276 1479 423 1534 temperate
438 1470 617 1534 respondendi
636 1460 683 1520 lio-

144 1541 248 1601 sdbus,
270 1542 306 1591 ita
328 1551 360 1592 ut
382 1558 431 1593 nec
450 1543 589 1592 teritatem
612 1545 683 1594 cele-

146 1626 218 1670 mus,
230 1626 278 1661 nec
292 1626 339 1661 eoa
351 1623 441 1663 contra
456 1629 511 1663 nos
523 1613 602 1664 dietis
617 1628 680 1681 pru·

146 1695 310 1731 vocemus.»

179 1766 195 1801 2
220 1754 393 1804 Anarrmrutt
410 1754 541 1805 Dotrmus.
557 1780 593 1793 -··
606 1752 684 1805 Tunc

140 1839 216 1876 uuus
243 1826 426 1876 ministrorum
455 1826 612 1887 Pontificis,
634 1825 682 1892 qni

147 1895 247 1946 dicitur
259 1895 343 1946 fuisse
363 1897 496 1957 Malcitus,
512 1898 588 1962 cujus
603 1912 683 1947 sana-

147 1977 222 2018 verat
247 1967 417 2029 auriculam,
439 1969 561 2034 ingratus
586 1968 685 2033 accepti

148 2036 287 2098 beneficii,
310 2038 385 2088 dedit
407 2038 518 2104 alapam
538 2039 618 2100 Jetu,
639 2052 684 2088 re-

147 2121 313 2176 praesentans
327 2126 467 2176 perversos
480 2111 529 2177 qui
546 2108 685 2161 beneficiis

148 2182 278 2249 impensis
292 2184 363 2234 mala
375 2185 539 2249 rependunt,
554 2193 580 2234 et
594 2183 683 2234 dinit:

149 2253 200 2306 ste
216 2255 363 2320 respondes
379 2254 534 2320 Pontifici?
545 2255 593 2304 llle
609 2255 684 2304 enim

149 2327 274 2378 minister
292 2327 398 2377 sceleris
411 2327 513 2392 accepit
527 2327 686 2391 responsio-

150 2414 213 2448 nem
232 2399 307 2459 lesu,
324 2398 405 2464 quasi
427 2408 546 2448 notasset
569 2396 685 2448 Pontifi-

142 2482 208 2517 -eem
239 2469 274 2518 de
303 2471 384 2519 stulta
411 2469 640 2535 interrogatione.
660 2477 687 2519 et

149 2537 221 2586 dans
247 2537 301 2587 sibi
333 2540 457 2604 alapam,
482 2540 515 2589 ad
547 2540 687 2606 imprope-

149 2606 232 2666 rium,
244 2607 331 2657 votuit
343 2609 484 2660 vindicare
498 2611 572 2675 quod
597 2611 687 2675 placa·

150 2677 240 2729 biliter
267 2695 326 2729 non
350 2682 529 2746 responderat
553 2680 685 2743 Pontifici,

149 2750 229 2815 plane
238 2750 402 2811 confitendo,
414 2753 456 2801 vel
474 2751 595 2816 negando
602 2767 612 2814 ;
623 2751 687 2817 quia

148 2820 226 2886 alapa
247 2830 278 2870 ut
303 2821 454 2886 plurimum
475 2837 523 2887 pro
545 2822 686 2873 vindican-

150 2890 193 2942 dis
222 2891 419 2943 offensionibus
443 2895 588 2943 verborum
618 2894 687 2944 solet

145 2965 218 3016 dari.
233 2966 264 3015 ln
283 2966 334 3016 hac
346 2967 425 3031 alapa
436 2964 545 3031 impleta
563 2976 604 3017 est
623 2982 687 3033 pro·

151 3037 242 3102 phetia
266 3037 317 3088 illa
341 3054 348 3087 τ
372 3037 457 3088 Dabit
475 3038 637 3104 percutienti
657 3051 686 3088 re

151 3111 304 3161 maxillam.
320 3111 371 3161 Est
387 3110 461 3161 enim
476 3112 565 3177 alapa,
574 3126 687 3176 percus-

151 3183 194 3232 sio
212 3183 239 3232 in
259 3184 407 3242 maxillam,
420 3184 489 3235 sicut
503 3183 634 3249 colaphus
649 3192 688 3233 eat

152 3254 291 3318 percussio
306 3254 336 3304 ‘tn
351 3256 461 3306 collum.
475 3257 534 3320 lpse
552 3270 615 3305 vero
631 3255 688 3304 un-

154 3323 251 3374 minus
268 3325 433 3390 longanimis
451 3336 481 3376 et.
498 3325 611 3391 patiens,
630 3338 689 3375 ma-

151 3394 266 3459 lumpro
279 3395 351 3445 malo
362 3410 419 3445 non
430 3395 556 3455 reddidit,
565 3395 689 3445 sedhanc

152 3469 364 3533 contumeliam,
390 3471 460 3521 sicut
493 3471 600 3520 multas
610 3469 686 3529 alias,

151 3553 212 3603 quoe
223 3550 387 3605 sequuntur,
392 3556 441 3606 pro
452 3542 532 3592 nobis
542 3556 606 3592 cnm
613 3540 688 3590 omni

153 3610 286 3674 patientia
315 3623 341 3664 et
370 3614 576 3664 mansuetudine
598 3613 690 3663 tolera-

151 3681 198 3743 vit,
216 3691 242 3733 et
256 3683 412 3749 patientiam
424 3684 525 3744 docuit,
539 3683 687 3742 humiliter,

151 3755 227 3805 vultu
250 3755 365 3821 placido,
389 3765 415 3807 et
431 3755 571 3805 submissu
589 3768 689 3805 sermo-

152 3842 187 3877 ne
216 3830 337 3880 modeste
366 3828 565 3894 respondendo,
581 3838 609 3878 et
639 3842 686 3877 te-

149 3898 260 3951 ritatem
271 3901 453 3966 ostendendor
469 3915 499 3951 ac
517 3899 686 3959 ministrum,

433 278 611 332 SECUNDAE
626 276 757 330 ratris
766 278 885 333 CAPUT
900 280 956 333 tit.

730 393 774 444 cui
797 394 946 460 quamlibet
969 410 1074 460 poenam
1102 395 1162 445 solo
1189 396 1266 461 jussu
1308 418 1311 425 ·

732 465 848 532 irrogare
868 476 980 532 poterat,
1002 466 1098 516 blande
1113 476 1139 517 et
1153 467 1266 519 caritati·

731 552 763 586 ve
775 537 942 602 corripiendo
960 554 966 588 z
982 537 1024 599 Si,
1042 537 1141 602 inquit,
1156 538 1227 589 male
1239 546 1265 588 et
1307 543 1308 546 ’

732 608 824 658 contr'a
845 609 992 671 veritatem,
1018 609 1121 659 locutus
1144 623 1213 673 sum,
1240 618 1263 660 et

732 682 814 733 habes
840 682 1035 748 reprehendere
1057 697 1119 748 quae
1138 682 1206 743 dixi,
1224 684 1263 733 de

732 765 861 815 monstra,
876 765 902 804 et
917 756 1093 805 testimonium
1106 755 1219 821 perhibe
1232 756 1261 807 de
1287 756 1295 781 Ὶ

732 826 812 890 malo,
834 835 859 876 et
885 827 968 891 proba
989 842 1033 876 me
1052 828 1226 893 mendacem
1240 826 1262 879 εἰ

732 902 820 946 autem
844 897 915 957 bene,
937 905 964 946 et
988 913 1043 946 non
1062 896 1147 947 habes
1173 913 1262 964 repre-

733 967 859 1025 hendere,
889 966 958 1031 quid
979 980 1020 1016 me
1039 967 1123 1017 caedis
1153 966 1262 1034 injustel

734 1037 805 1097 Quid
824 1037 876 1088 ista
890 1037 1067 1103 responsione
1081 1039 1181 1100 verius,
1195 1054 1264 1090 man·

734 1107 837 1159 suerius
862 1119 889 1158 et
915 1108 1029 1173 justiust
1055 1109 1126 1159 Hinc
1162 1108 1265 1177 colligi-

734 1194 796 1230 mus
810 1194 860 1230 nos
880 1195 959 1244 posse
972 1179 1114 1246 increpare¹
1130 1180 1211 1231 nobis
1226 1180 1266 1231 in-

735 1249 871 1315 juriantes,
903 1260 929 1301 et
958 1266 1086 1316 arguere,
1117 1250 1153 1301 ita
1178 1263 1265 1302 tamen

735 1321 808 1387 quod
828 1323 963 1373 moderate
977 1332 1002 1371 et
1024 1331 1123 1387 pacate.
1144 1323 1266 1388 Respon-

735 1395 852 1445 dendum
892 1405 933 1445 est
975 1395 1074 1456 enim,
1107 1396 1268 1463 quandoque

736 1465 818 1516 stulto
843 1465 926 1529 juxta
955 1465 1098 1515 stultitiam
1121 1480 1208 1527 suam,
1236 1478 1268 1515 nc

736 1538 789 1589 sibi
815 1537 924 1604 rapiens
943 1538 1073 1589 videatur.
1096 1538 1121 1589 Ο
1145 1552 1226 1590 verax
1244 1548 1268 1588 et

737 1610 783 1676 pie
793 1611 867 1672 lesu,
880 1626 1003 1678 quaenam
1020 1611 1109 1660 anima
1122 1610 1173 1660 tihi
1186 1610 1268 1661 devo-

737 1693 765 1733 ta
788 1682 847 1734 ltaec
861 1699 974 1734 cernens
996 1693 1024 1733 et
1040 1683 1170 1743 audiens,
1185 1682 1269 1733 talam

737 1770 766 1805 ae
784 1755 926 1806 enndnere
945 1770 966 1805 a
982 1754 1120 1820 lacrymis,
1138 1764 1170 1804 et
1185 1754 1266 1805 dote
1296 1758 1301 1779 ⁸

737 1842 794 1879 rem
818 1830 950 1878 occidtare
975 1827 1090 1878 interna
1123 1826 1269 1892 pasturis?

738 1898 817 1950 Unde
835 1900 1066 1966 chysostomus:
1080 1916 1094 1945 n
1109 1899 1186 1948 Unus
1198 1898 1270 1949 dedu

737 1971 847 2035 alapam
869 1971 945 2032 lesu,
970 1969 1028 2019 lroec
1055 1968 1164 2019 dicenti.
1197 1966 1269 2027 ind
1308 2008 1311 2019 .

738 2041 790 2090 boc
811 2038 857 2090 fiet
880 2039 978 2106 utique
1003 2037 1131 2089 stultius?
1156 2038 1271 2089 uonna

738 2111 847 2173 coelum,
870 2124 1011 2160 excessum
1037 2107 1135 2158 mentis
1162 2106 1271 2173 patiaris
1307 2110 1311 2135 ³

738 2194 817 2241 terra,
849 2181 1036 2232 Dominatoris
1059 2178 1270 2246 longanimitate,
1309 2186 1311 2191 '

738 2265 765 2305 et
788 2267 929 2305 sertorum
949 2251 1135 2303 indevotione!
1161 2268 1180 2299 u
1195 2251 1271 2303 Unde
1309 2314 1311 2323 Ι

739 2336 768 2377 rt
789 2327 963 2393 Augustinus
988 2341 997 2376 .·
1026 2343 1040 2372 a
1067 2325 1095 2375 Si
1123 2322 1272 2391 cogitem
1306 2338 1311 2377 -;

739 2401 806 2467 quis
828 2399 930 2465 accepit
950 2400 1064 2465 alapam,
1081 2412 1175 2448 nonne
1188 2396 1271 2449 velle-
1307 2396 1311 2447 ὲ

740 2484 879 2522 museum
893 2470 942 2537 qut
962 2468 1094 2536 percussit
1113 2466 1272 2520 autcoeluti
1309 2502 1311 2507 -

740 2542 807 2608 igne·
822 2540 955 2600 consumi,
972 2550 1018 2590 aut
1035 2549 1105 2589 terra
1117 2538 1272 2590 dehiscente
1305 2536 1311 2593 ,’

739 2613 887 2672 absorberi,
904 2624 955 2662 rut·
963 2623 1118 2677 correptum
1139 2608 1272 2662 demonio
1306 2612 1311 2659 '.

739 2685 866 2747 volutari,
879 2694 925 2733 aut
939 2683 1029 2749 aliqua
1042 2682 1202 2748 huiuamodi
1211 2694 1273 2750 qm·
1307 2726 1310 2731 .

739 2756 805 2805 libet
820 2768 908 2821 poena,
921 2754 966 2804 rel
987 2754 1073 2804 etiarn
1083 2751 1208 2820 graviora
1223 2764 1273 2820 pu-

741 2826 814 2877 niri?
825 2826 900 2886 Quid
914 2826 990 2876 enim
1001 2826 1100 2877 horum
1113 2837 1165 2890 per
1178 2832 1272 2891 poten

739 2896 806 2948 tiam
844 2897 937 2962 iubere
967 2910 1023 2946 nnn
1050 2895 1203 2961 potuisset,
1228 2904 1273 2961 prr
1309 2904 1311 2911 ·

739 2981 824 3035 quem
836 2966 925 3016 factus
936 2976 976 3016 est
995 2966 1124 3025 mundus,
1148 2965 1203 3016 nial
1224 2977 1273 3032 pa-

739 3039 863 3090 tientiam
884 3052 934 3088 nos
952 3037 1094 3087 maluisset
1103 3036 1273 3102 docere,qm

739 3109 857 3160 uincitur
881 3108 1016 3159 mundus?
1029 3126 1045 3156 ι
1059 3108 1119 3158 ltaee
1135 3104 1273 3173 Augusti-

741 3196 800 3233 uiat.
823 3181 888 3242 Sed,
910 3181 1059 3231 secundum
1079 3180 1208 3230 cuidam
1220 3182 1273 3230 Aa·

740 3252 888 3319 gundram,
899 3251 1051 3302 dicerforte
1067 3250 1168 3316 aliquia
1182 3248 1272 3309 :Qasr
1306 3278 1310 3285 ·

741 3326 821 3390 carpit
845 3326 929 3375 denus
942 3325 1040 3390 facere
1056 3331 1085 3375 et
1102 3324 1207 3387 duwe,
1227 3334 1274 3373 car

742 3411 799 3446 non
826 3394 892 3445 serit:
909 3398 983 3462 quod
1006 3395 1108 3455 docuit,
1127 3394 1273 3460 prebendo

741 3468 855 3516 almam
867 3467 1020 3518 maxillam?
1033 3462 1275 3530 Dicendun,qund

741 3538 812 3588 dicte
836 3547 864 3586 et
876 3549 1005 3604 precepta
1030 3550 1113 3587 sacrat
1132 3535 1276 3601 seriptum

741 3622 774 3658 en
787 3607 863 3659 hatis
877 3608 979 3659 Christi
999 3618 1025 3658 at
1042 3609 1203 3658 Sanctorum
1226 3607 1275 3657 de·

742 3680 806 3730 bem
833 3679 1021 3746 interpretari,
1047 3680 1086 3729 sic
1107 3692 1178 3743 ergo.
1201 3690 1275 3729 nrm

741 3754 878 3820 Scriptura
892 3753 1091 3819 interpretanda
1112 3762 1162 3812 est,
1178 3766 1275 3804 seem·-

740 3826 807 3875 dum
825 3825 899 3892 qnod
917 3824 1042 3875 Christus
1060 3834 1087 3874 et
1106 3823 1198 3874 Sancti
1214 3836 1274 3874 eam

740 3906 919 3949 minuerunt,
945 3894 1074 3946 Christus
1096 3904 1198 3956 autem,
1226 3894 1274 3962 qni
