2626 4328
290 151 338 201 DE
352 152 513 204 SABBATO
528 152 680 215 SANCTO,
697 155 733 206 IN
752 156 921 208 PASSlONE
940 159 1077 211 DOMINI.
1187 165 1241 234 649

124 276 207 328 opere
229 264 382 325 creationis,
400 266 473 332 quod
488 266 542 316 fuit
553 282 657 334 magna

128 336 270 401 potentiae;
292 337 387 397 Filius,
409 340 443 388 ab
457 354 538 405 opere
553 337 658 391 recrea?

124 406 217 466 tionis,
231 409 304 473 quod
317 407 369 457 fuit
380 409 491 460 infinitae
503 411 654 476 sapientiae3

125 477 242 542 Spiritus
256 480 371 529 Sanctus
384 481 515 546 requievit
533 482 616 532 hodie
628 482 657 531 in

124 548 246 614 Virgine,
271 552 344 615 quod
368 551 420 601 fuit
434 568 538 619 magnae
552 562 578 603 et
594 551 657 602 infi-

127 619 192 669 nitae
225 619 361 680 bonitatis,
384 623 448 688 quia
469 624 528 688 ipsa
553 624 656 686 stabat,

123 691 219 742 ceteris
233 691 332 742 scilicet
345 694 483 759 Apostolis
495 705 522 746 et
534 695 657 746 mulieri-

125 762 185 822 bus,
201 777 216 811 a
229 763 314 826 gratia
324 764 444 829 ¹Spiritus
457 767 545 816 Sancti
560 766 657 816 caden-

121 833 207 884 tibus.

158 917 173 951 2
196 905 335 955 Munianus
358 920 451 956 ruuur
471 922 607 958 anostra.
625 932 656 944 ··-

127 976 193 1029 cum
218 987 307 1027 autern
335 981 479 1030 transisset
506 981 654 1042 sabbatam,

126 1063 186 1098 sero
205 1049 283 1111 iacto,
306 1060 332 1101 et
348 1053 434 1102 stellis
454 1053 654 1119 apparentibus,

126 1129 187 1184 post
209 1120 274 1170 solis
300 1136 440 1182 occasum,
464 1139 526 1173 cum
550 1123 655 1188 operari

125 1198 181 1238 erat
200 1190 315 1250 licitum,
336 1192 432 1242 Maria
446 1193 616 1258 Magdalene
630 1199 656 1243 et

124 1263 220 1314 Maria
238 1266 343 1328 Jacoti,
363 1272 390 1317 et
411 1267 520 1318 Salome
537 1273 656 1318 emmam

123 1344 248 1387 aromata
268 1345 299 1389 ut
315 1340 446 1390 venientes
461 1355 510 1405 pro
523 1339 653 1390 faciendis

122 1409 277 1475 unguentis,
303 1427 401 1477 corpus
421 1412 483 1462 Jesu
506 1411 654 1462 sacmtissi-

122 1493 198 1529 mum
221 1489 358 1547 ungerent.
382 1484 488 1534 Intuere
509 1483 592 1548 igitur
610 1497 654 1533 eas

121 1550 272 1617 diligenter,
288 1563 313 1603 et
324 1569 384 1618 quae
402 1553 513 1615 faciunt,
535 1568 653 1620 quomo-

119 1621 155 1670 do
169 1624 257 1672 eundo
273 1634 300 1673 et
313 1625 458 1687 redeundo,
475 1623 654 1675 moestisrul·

122 1694 195 1744 tibus
219 1712 293 1747 more
317 1697 458 1746 viduarum
474 1708 501 1748 et
514 1698 653 1763 orphano-

121 1780 191 1821 rum,
213 1766 349 1818 incedunt.
368 1769 469 1818 Emunt
485 1777 603 1818 aromata
626 1778 653 1818 et

120 1835 261 1887 redeuntes
283 1848 377 1903 parant
398 1854 426 1888 se
445 1837 479 1889 ad
501 1837 652 1888 iaciendum

121 1918 213 1957 contra
254 1909 456 1973 corruptionem
495 1919 650 1974 unguenta,

120 1978 196 2042 quasi
208 1979 356 2029 nescientes
367 1980 434 2029 illud
444 1980 632 2045 propheticum
643 1998 649 2031 :

120 2050 183 2101 Non
209 2051 289 2100 dabis
312 2052 440 2102 Sanctum
463 2058 536 2102 tuam
560 2053 652 2104 videre

119 2124 323 2187 corruptionem.
347 2123 426 2173 Unde
455 2124 617 2189 Theophilus
641 2144 649 2176 :

121 2214 135 2242 a
167 2197 260 2262 Neque
293 2206 382 2245 tamen
415 2195 496 2246 fidem
530 2197 648 2249 debitam

117 2271 205 2320 adhuc
219 2270 364 2329 habebant,
380 2272 427 2320 sed
445 2271 469 2320 ei
482 2272 560 2336 quasi
581 2288 649 2338 puto

118 2339 229 2390 homini
240 2351 359 2390 aromata
375 2351 403 2390 et
415 2351 555 2406 unguenta
569 2358 648 2408 para-

118 2411 192 2469 bant,
219 2427 294 2461 more
320 2412 485 2473 iudaeorum,
512 2412 559 2479 qui
584 2415 649 2465 talia

118 2482 282 2533 exhibebant
294 2482 428 2533 defunctis
443 2500 450 2533 ι
465 2503 478 2529 »
491 2483 549 2534 haec
565 2485 649 2537 Theo-

113 2555 216 2622 philus,
248 2556 375 2607 Aromata
401 2557 544 2618 dicuntur,
571 2560 648 2624 quasi

117 2637 259 2687 aeromata,
282 2628 345 2693 quia
369 2627 553 2678 diffundebant
571 2629 650 2696 longe

116 2698 222 2763 lateque
237 2698 347 2747 odorem
362 2698 502 2762 mactem,
520 2707 547 2748 et
560 2700 649 2767 signi-

117 2769 197 2820 ficant
221 2770 343 2829 virtutes,
367 2784 434 2836 quas
458 2769 487 2819 in
508 2786 648 2823 conversa-

116 2839 190 2889 tione
203 2840 329 2890 mulieres
345 2839 495 2904 habebant;
510 2851 537 2892 et
548 2841 647 2894 famam

118 2910 253 2970 Crucifixi,
268 2926 328 2976 quae
341 2911 421 2976 longe
432 2912 540 2978 lateque
551 2913 649 2964 diffun-

117 2981 203 3032 denda
225 2992 289 3032 erat.
310 2983 499 3049 Devoterergo
521 2985 648 3036 mulieres

116 3053 170 3104 illae
184 3063 210 3104 et
224 3064 331 3116 sanctae,
350 3069 411 3122 quae
425 3054 531 3106 fuerant
546 3056 647 3108 viventi

117 3124 261 3182 obsecutae,
279 3134 309 3174 ut
331 3125 412 3175 etiam
429 3135 537 3175 mortuo
550 3126 648 3191 pietate

115 3193 234 3245 officiosa
250 3194 409 3246 famulatum
424 3197 534 3261 possent
544 3196 647 3263 impen-

113 3266 186 3326 dere,
203 3273 323 3317 emerunt
341 3273 475 3330 aromata,
491 3277 518 3317 et
534 3282 646 3334 parare-

114 3347 179 3387 runt
199 3348 342 3403 unguenta,
365 3343 395 3387 ut
416 3338 549 3388 venientes
567 3353 646 3390 mane

112 3423 145 3458 ex
161 3409 303 3458 devotione
322 3409 354 3457 ad
370 3408 537 3458 visitandum
551 3411 645 3476 sepul-

111 3480 208 3530 chrum
244 3480 516 3546 ungerent‘lesum,
543 3482 646 3534 scilicet

112 3550 170 3614 ejus
193 3566 290 3615 corpus
309 3549 537 3615 sacratissimum
556 3566 645 3618 neque

112 3623 187 3672 enim
214 3638 323 3688 vespere
356 3620 487 3689 sabbati,
508 3637 645 3691 praeoccu-

113 3706 194 3761 pante
220 3697 274 3760 jam
306 3693 393 3744 noctis
417 3694 543 3755 articulo,
570 3694 646 3746 adire

112 3766 255 3816 voluerunt
274 3773 493 3816 monumentum.
515 3763 649 3831 Conspice

711 285 784 321 nunc
808 273 945 338 quomodo
964 273 1077 326 fideliter
1099 287 1128 328 et
1147 278 1243 330 devote

709 357 771 391 cum
794 342 919 408 lacrymis
937 353 963 395 et
983 347 1107 412 suspiriis
1122 364 1171 413 pro
1185 351 1243 400 Do-

710 412 786 462 mino
799 428 849 464 suo
864 415 994 476 laborant,
1005 419 1154 468 secundum
1167 422 1241 486 quod

710 486 808 536 melius
837 487 936 539 sciunt.
966 491 998 540 Et
1026 489 1055 538 in
1086 491 1243 555 hujusmodi

710 557 837 622 operibus
853 574 901 625 per
917 570 1000 611 totam
1016 573 1122 612 noctem
1136 565 1244 616 labora-

709 638 817 692 verunt,
836 640 863 680 et
876 630 947 682 nihil
965 633 1008 682 vel
1025 648 1120 698 parum
1142 635 1243 700 quietis

710 698 871 750 babuerunt.
886 701 1003 754 Domina
1016 720 1078 754 vero
1094 715 1119 754 et
1132 706 1243 770 Aposto·

709 767 728 818 li
755 769 897 834 aspiciunt,
922 781 948 822 et
970 773 1038 824 forte
1063 775 1187 840 adjuvant
1212 776 1242 827 in

708 839 810 904 quibus
819 851 942 905 possunt.
953 845 1057 908 Adjuva
1069 855 1097 895 et
1110 856 1139 896 tu
1150 862 1206 909 eas,
1218 849 1242 898 si

709 911 883 974 permitteris,
899 922 925 964 et
938 924 1022 979 potes.

742 981 756 1032 3
775 982 837 1042 Quo
853 999 934 1034 ssusu
954 1000 1109 1036 accrsrsuoa
1124 1001 1240 1038 ramua-

708 1068 744 1103 ua
759 1053 860 1104 Dourm
874 1070 1038 1106 emortuas.
1056 1085 1085 1095 -—
1100 1059 1183 1109 Venit
1193 1059 1239 1111 bic

708 1124 738 1174 in
752 1125 992 1182 considerationem
1007 1128 1073 1193 quid
1085 1129 1178 1179 fecerit
1189 1131 1240 1182 Do·

708 1194 801 1245 miuus
815 1197 845 1246 in
864 1197 953 1246 triduo
967 1198 1064 1247 mortis
1083 1215 1146 1249 suae.
1170 1200 1238 1251 Cor·

708 1281 758 1330 pus
772 1266 882 1332 quidem
900 1267 959 1332 ejus
973 1267 1026 1316 fuit
1037 1268 1066 1317 in
1080 1271 1223 1334 sepulchro
1228 1287 1237 1334 ;

706 1337 799 1387 anima
821 1353 885 1388 vero
905 1353 967 1388 cum
991 1339 1091 1389 sanctis
1114 1341 1239 1392 Patribus

706 1409 734 1458 in
748 1409 834 1459 limbo
842 1427 850 1474 ;
867 1420 895 1461 et
907 1411 992 1460 deitas
1007 1411 1116 1477 utrique
1129 1413 1240 1477 coniun-

706 1492 756 1532 cta.
779 1483 848 1532 Nam
868 1483 933 1548 qnia
947 1483 1037 1548 passio
1053 1500 1108 1533 non
1121 1485 1238 1551 attinge·

706 1555 750 1606 bat
776 1555 805 1605 in
829 1555 940 1606 Christo
965 1556 1085 1606 divinam
1115 1567 1238 1608 naturam

706 1630 751 1680 sed
766 1629 929 1693 humanam
944 1629 1004 1679 ideo
1018 1629 1047 1679 in
1062 1641 1149 1680 morte
1162 1631 1239 1681 Clari·

705 1700 739 1750 sti
763 1700 831 1751 facta
855 1710 896 1750 est
918 1701 957 1757 sic
980 1700 1080 1751 divisio
1101 1701 1199 1752 animae
1223 1718 1239 1753 a
1301 1747 1304 1754 .

705 1787 792 1833 carne,
819 1782 850 1822 ut
873 1782 962 1822 tantm
982 1773 1054 1822 salva
1078 1783 1148 1823 esset
1170 1775 1237 1824 uuio

705 1853 760 1892 tam
774 1842 863 1894 carnis
875 1857 958 1909 quam
976 1843 1074 1893 animae
1087 1859 1149 1892 cum
1165 1844 1237 1894 divi·

704 1917 795 1968 nitate.
810 1916 847 1967 Ut
861 1914 986 1965 enimait
1001 1915 1056 1966 Leo
1080 1918 1160 1982 Papa,
1177 1915 1236 1966 for-

704 2000 748 2036 ma
770 1986 849 2050 serui,
871 1995 898 2036 et
920 1985 1008 2035 formu
1032 1986 1093 2047 Dei,
1117 2003 1177 2053 quae
1205 1987 1234 2037 in

703 2057 833 2107 unitatem
847 2065 1040 2115 convenerunt,
1059 2071 1107 2106 nec
1127 2071 1235 2120 separa-

701 2128 803 2178 tionem
818 2136 933 2194 possunt
945 2125 1053 2186 habere,
1069 2141 1118 2175 nec
1134 2125 1232 2190 tidem;

701 2199 766 2248 dum
777 2199 816 2248 'tta
825 2197 935 2248 sibimet
948 2196 1124 2255 inhaeserunt,
1136 2206 1167 2244 ut
1178 2196 1235 2247 sive

701 2269 728 2318 in
744 2266 948 2334 omnipotentia,
967 2266 1024 2316 sive
1044 2266 1072 2315 in
1091 2275 1234 2315 contume-

701 2341 746 2404 lia,
768 2355 817 2390 nec
832 2339 924 2389 divina
944 2337 973 2386 in
995 2337 1105 2386 Christo
1129 2346 1234 2387 careant

701 2411 838 2470 humanis,
847 2425 897 2459 nec
905 2410 1025 2460 humana
1034 2407 1144 2457 divinis.
1156 2408 1234 2458 Tunc

701 2484 845 2548 impletum
857 2489 897 2530 est
910 2480 984 2546 quod
1002 2479 1037 2529 de
1051 2478 1141 2543 seipso
1155 2477 1234 2529 dixe-

701 2567 741 2606 rat
756 2572 765 2605 :
780 2555 860 2606 Sicut
865 2552 928 2619 suit
938 2554 1025 2604 Jonas
1033 2552 1068 2602 —in
1081 2558 1172 2602 ventre
1183 2554 1235 2604 ceti

702 2628 788 2678 tribus
809 2627 903 2677 diebus
926 2631 953 2676 et
978 2625 1064 2676 tribus
1091 2625 1212 2675 noctibus
1223 2644 1234 2691 ς

700 2699 741 2748 sic'
763 2699 817 2749 erit
846 2697 940 2748 Filius
961 2697 1076 2748 hominis
1100 2697 1128 2746 in
1153 2696 1236 2747 corde

701 2777 793 2822 terra.
812 2770 957 2836 Sepultura
971 2769 1045 2818 enim
1060 2766 1161 2818 Christi
1182 2767 1234 2821 tri—

701 2844 799 2903 duana,
822 2841 853 2891 in
869 2841 947 2902 lona,
960 2839 1008 2906 qui
1027 2838 1118 2888 triduo
1137 2837 1190 2887 fuit
1203 2837 1232 2887 in

700 2923 769 2973 ceto,
786 2911 841 2963 fuit
864 2911 1039 2976 prefigurata.
1063 2909 1119 2958 Hoc
1142 2916 1232 2957 autem

700 2984 734 3033 de
764 2983 903 3048 sepultura
934 2978 1055 3038 Christi,
1083 2979 1230 3028 secundum

699 3053 890 3120 Augustiana,
913 3049 1101 3115 accipiendum
1127 3058 1167 3098 est
1190 3047 1232 3099 si-

700 3123 870 3184 necdochice,
881 3121 982 3173 scilicet
993 3120 1146 3193 =accipiendo
1167 3135 1230 3186 par-

699 3207 754 3245 tem
775 3202 905 3261 prototo.
922 3192 985 3243 Fuit
1002 3191 1075 3241 enim
1095 3190 1230 3242 Dominus

699 3267 728 3317 in
738 3265 881 3331 sepulchro
893 3279 960 3330 sper
968 3272 1115 3314 extreman
1127 3272 1230 3327 partem

699 3350 848 3404 paraceves,
861 3351 909 3402 per
925 3350 1009 3402 quam
1022 3343 1078 3384 tota
1096 3334 1154 3383 dies
1167 3348 1229 3383 cum

698 3426 747 3461 sua
766 3419 843 3461 nome
867 3410 920 3474 jam
940 3407 1072 3475 praterita
1087 3406 1229 3471 accipitur;

698 3491 726 3532 et
741 3496 790 3547 per
800 3490 887 3531 totum
898 3479 1053 3537 sabbatum,
1066 3477 1140 3542 quod
1161 3476 1230 3526 inte-

698 3567 773 3618 gram
785 3551 861 3602 diem
870 3559 898 3600 et
909 3558 1014 3600 noctem
1029 3547 1227 3613 complectitur3

699 3633 726 3673 et
739 3637 787 3689 per
805 3622 922 3688 primam
939 3630 1042 3686 partem
1059 3618 1112 3669 diei
1134 3617 1231 3668 Domi-

699 3694 776 3754 nicae,
792 3691 898 3743 scilicet
916 3705 963 3757 per
985 3698 1092 3740 noctem
1112 3703 1232 3755 sequen-

700 3775 757 3816 tem
772 3764 924 3826 sabbatum,
939 3777 986 3828 per
1001 3776 1084 3828 quam
1098 3768 1154 3810 tota
1174 3759 1231 3810 dies
