2626 4328
148 278 220 352 874γ
476 274 947 328 INDEXGENERALlSRERUM.

149 449 293 511 Quomodo
316 447 397 497 ludas
424 445 564 496 Christum
588 445 683 496 osculo
736 448 775 497 De
810 447 989 513 consputione
1011 444 1088 495 faciei
1113 444 1217 496 Christi
1243 456 1268 496 et

181 520 309 587 prodidit.
570 517 615 576 Ν,
629 515 681 582 482
767 519 822 567 duo
836 519 997 568 documenta
1011 532 1044 566 ex
1057 531 1095 566 ea.
1154 516 1199 574 Ν,
1217 515 1266 566 502

148 592 188 641 De
205 591 282 640 Petro
303 590 409 638 volente
431 587 571 637 Christum
588 586 684 637 defen·
736 592 775 641 De
790 590 876 641 velata
893 590 994 641 Christi
1020 588 1087 640 facie
1106 589 1269 639 documenta

181 663 252 712 dere.
570 659 614 715 Ν,
629 657 681 723 485
768 662 889 712 moralia.
933 707 937 716 ,
1152 658 1199 716 Ν,
1217 657 1267 709 503

150 733 295 794 Quomodo
310 729 465 781 Christusa
485 729 585 779 Judaeis
601 728 683 778 fuerit
735 733 776 784 Ex
791 732 964 798 percussione
980 732 1010 782 in
1025 730 1092 782 facie
1105 729 1209 782 Christi
1224 730 1269 779 do-

181 816 295 870 captus,
317 815 343 853 et
363 794 434 868 'quid
462 802 599 851 moraliter
620 801 683 851 inde
766 812 891 852 cumenta
905 802 1025 852 moralia.
1153 800 1200 859 Ν,
1217 798 1268 864 5ο4

183 876 324 926 discimus.
570 873 614 931 Ν,
629 871 682 937 486
735 876 902 925 Documenta
930 874 1043 925 moralia
1065 874 1098 923 de
1119 873 1269 923 ludibriosa

151 946 297 1008 Quomodo
322 945 432 994 Christo
457 959 554 994 manus
581 943 683 1009 ligate·
766 945 930 1008 expetitione
942 943 1131 1009 prophetandi.
1152 943 1199 1002 IV,
1219 941 1267 993 505

184 1022 256 1068 runt.
571 1016 614 1074 Ν,
629 1014 683 1081 487
735 1016 841 1082 Figurae
859 1014 995 1065 illusionis
1011 1013 1122 1064 Christi.
1153 1014 1199 1073 IV,
1218 1013 1267 1078 507

153 1089 260 1149 Quibus
274 1088 308 1136 de
318 1087 406 1137 causis
422 1085 561 1136 Christum
581 1087 683 1150 ligave-
736 1088 837 1139 Devota
848 1089 880 1138 de
895 1088 929 1138 iis
943 1087 1092 1138 meditatio.
1155 1087 1201 1146 Ν,
1219 1085 1268 1136 506

167 1160 249 1226 rint,
270 1170 296 1208 et
311 1158 369 1224 ipse
384 1157 509 1208 Christus
521 1157 636 1207 voluerit
648 1155 683 1205 li·
737 1159 897 1224 Negationes
913 1158 996 1208 Petri.
1156 1157 1203 1216 Ν,
1218 1155 1267 1221 507

185 1231 250 1296 gari.
571 1226 607 1277 Ν
630 1225 683 1291 488
735 1229 774 1279 De
800 1229 883 1294 gestis
910 1243 988 1278 mane
1007 1229 1035 1278 in
1059 1228 1143 1277 domo
1158 1226 1268 1293 Caiphae

152 1300 277 1351 Christus
291 1299 378 1349 tribus
391 1297 496 1349 vicibus
517 1297 546 1347 in
561 1296 684 1362 passione
769 1300 916 1352 Pontificis.
953 1341 955 1344 ,
1156 1299 1205 1362 Ν,
1220 1297 1268 1349 513

184 1370 237 1420 fuit
250 1371 355 1435 ligatus.
569 1368 614 1426 lV.
630 1365 683 1431 488
737 1373 881 1433 Quomodo
900 1371 1040 1423 Christum
1055 1370 1226 1420 adduxerunt
1238 1369 1268 1421 ad

155 1441 234 1490 Plura
247 1441 411 1489 documenta
425 1438 520 1488 devota
529 1452 561 1487 ex
575 1437 619 1487 his
630 1437 685 1487 vin·
771 1443 893 1493 Pilatum,
1153 1441 1200 1500 Ν,
1219 1439 1266 1491 515

185 1511 262 1561 culis·
572 1509 616 1566 IV.
631 1507 684 1572 488
736 1516 775 1564 De
788 1515 958 1566 accusatione
972 1512 1074 1566 Christi
1088 1511 1158 1562 facta
1169 1511 1200 1561 in
1219 1512 1267 1560 do-

154 1583 194 1632 De
211 1581 319 1632 Christo
342 1588 418 1643 capto
431 1579 621 1643 contemplatio
638 1579 685 1627 de·
769 1601 814 1636 mo
830 1584 919 1635 Pilati,
1157 1582 1203 1642 Ν,
1218 1579 1266 1632 518

185 1663 254 1701 vota:
570 1648 614 1707 IV,
631 1663 681 1714 491
736 1657 776 1706 De
787 1656 996 1722 interrogatione
1011 1653 1087 1704 Pilati
1102 1651 1215 1704 Christo
1228 1650 1267 1701 fa-

156 1723 301 1784 Quomodo
316 1720 442 1771 Christus
457 1720 490 1769 ad
510 1721 617 1769 Annam
633 1721 686 1770 du·
770 1738 818 1777 cta.
1157 1723 1203 1782 IV,
1218 1719 1267 1772 518

187 1792 348 1843 ctusfuerit.
573 1792 684 1858 1V‚492
737 1801 777 1851 De
802 1799 884 1867 gestis
910 1799 937 1848 in
965 1799 1048 1847 domo
1076 1796 1195 1846 Herodis
1215 1796 1267 1846 Ga-

156 1869 184 1919 ln
216 1865 346 1916 Passione
375 1879 423 1914 sua
446 1863 538 1914 novies
561 1865 686 1914 Christus
770 1871 840 1921 lileae
861 1869 940 1934 regis.
1154 1866 1201 1925 Ν,
1220 1863 1266 1915 523

186 1936 238 1986 fuit
254 1936 359 1984 ductus.
570 1935 615 1993 lV,
631 1945 684 2001 492'
738 1942 778 1990 De
791 1940 959 1990 accusatione
974 1936 1076 1988 Christi
1100 1952 1191 1986 coram
1216 1937 1268 1986 lle-

157 1991 213 2056 lias
236 2004 376 2054 ductiones
395 2001 486 2052 fideles
505 2014 687 2069 representant
770 2013 834 2062 rode
849 2011 925 2061 facta,
1157 2008 1204 2068 IV,
1219 2007 1268 2071 5²4

188 2078 217 2127 in
235 2077 279 2126 die
293 2075 460 2126 Parascevis·
572 2077 617 2136 IV.
632 2075 685 2141 493
739 2082 884 2142 Quomodo
908 2080 1035 2131 Christus
1059 2078 1093 2128 ab
1111 2078 1219 2128 Herode
1244 2088 1267 2127 et

157 2150 196 2199 Ex
222 2147 272 2197 hac
293 2146 419 2196 ductione
437 2147 598 2196 documenta
618 2162 686 2212 qua·
769 2153 888 2203 exercitu
903 2151 990 2217 ipsius
1001 2160 1108 2215 spretus
1120 2160 1147 2199 et
1171 2149 1267 2198 illusus

188 2229 249 2268 tuor
263 2218 383 2267 moralia.
574 2217 621 2275 Ν,
632 2215 685 2284 493
769 2223 828 2274 fuit,
1157 2220 1202 2279 IV,
1218 2217 1265 2270 525

156 2292 195 2342 De
209 2291 331 2341 examine
348 2289 450 2340 Christi
472 2289 540 2339 facto
561 2289 590 2339 in
605 2292 687 2340 domo
739 2296 777 2344 De
792 2294 840 2344 hac
856 2292 983 2343 illusione
993 2289 1094 2341 Christi
1109 2289 1268 2340 documenta

187 2367 283 2414 Annae.
577 2363 620 2420 Ν,
633 2360 685 2427 495
770 2365 891 2415 moralia.
1146 2360 1266 2426 -1v,527

155 2437 195 2487 De
208 2438 283 2501 alapa
303 2434 413 2485 Christo
423 2433 460 2483 ibi
477 2448 493 2483 a
506 2450 582 2484 servo
598 2434 689 2485 Ponti·
739 2438 778 2488 De
788 2437 889 2488 Christi
904 2432 1057 2486 reductione
1070 2433 1105 2482 ab
1119 2432 1228 2483 Herode
1236 2431 1267 2481 ad

188 2506 245 2557 licis
260 2505 369 2556 inflicta.
574 2506 619 2564 Ν,
633 2505 687 2571 496
773 2508 896 2557 Pilatum.
1049 2503 1094 2563 Ν,
1109 2502 1164 2568 527
1177 2512 1205 2552 et
1218 2500 1267 2552 530

157 2578 246 2638 Quare
256 2578 383 2626 Christus
394 2576 437 2626 hic
447 2577 624 2641 responderit,
632 2594 687 2627 non
739 2581 778 2630 De
792 2579 899 2629 silentio
912 2576 1013 2629 Christi
1030 2576 1096 2625 dum
1112 2574 1152 2624 ibi
1169 2589 1269 2630 accusa·

187 2663 259 2706 vero,
281 2659 311 2695 ut
331 2646 464 2706 docuerat,
490 2647 606 2712 praebuit
619 2649 688 2697 alte·
771 2660 823 2701 tur.
1156 2646 1201 2706 Ν,
1219 2643 1264 2694 531

187 2734 243 2769 ram
258 2716 403 2767 maxillam.
580 2718 624 2776 Ν,
634 2717 687 2784 496
741 2721 869 2771 Rationes
884 2720 968 2783 hujus
980 2716 1092 2769 silentii.
1159 2717 1204 2774 Ν,
1220 2713 1264 2765 531

160 2792 199 2842 Ex
216 2791 265 2840 hac
281 2791 357 2853 alapa
369 2786 472 2837 inflicta
489 2786 599 2839 Christo
615 2790 688 2840 varia
740 2791 884 2853 Quomodo
923 2789 1050 2840 Christus
1087 2787 1211 2836 Barrabae
1238 2785 1269 2834 sit

188 2862 361 2913 documenta.
573 2861 619 2923 Ν,
634 2861 688 2928 496
772 2862 948 2931 postpositus.
1165 2859 1209 2917 Ν,
1222 2855 1268 2909 533

158 2935 302 2995 Quomodo
324 2934 414 2981 Annas
440 2930 582 2982 Christum
603 2934 688 2984 remi·
740 2936 781 2986 Ex
810 2936 859 2985 hac
883 2933 1013 2982 electione
1036 2932 1091 2981 duo
1110 2930 1270 2980 documenta

187 3006 222 3056 sit
244 3007 277 3054 ad
299 3003 429 3067 Caipham
455 3017 594 3052 summum
623 3004 687 3054 anni
727 3022 732 3031 ·
772 3005 892 3057 moralia.
1161 3002 1207 3060 Ν,
1223 2997 1270 3062 534

187 3077 262 3126 illius
273 3072 437 3125 Pontificem.
575 3075 620 3133 Ν,
633 3075 688 3141 496
740 3079 778 3128 De
794 3075 896 3128 Christi
912 3072 1100 3140 flagellatione.
1162 3072 1206 3130 Ν,
1222 3068 1268 3120 535

157 3149 197 3198 De
224 3147 298 3197 falsis
326 3142 490 3194 testimoniis
520 3142 558 3193 ibi
595 3157 688 3195 contra
740 3149 779 3198 De
792 3145 952 3212 spoliatione
964 3143 1080 3193 vestium
1096 3141 1200 3192 Christi
1213 3150 1270 3190 ante

191 3220 331 3270 Christum
343 3215 462 3282 prolatis.
575 3218 618 3276 Ν,
633 3216 686 3283 498
771 3216 987 3283 flagellationem.
1130 3213 1206 3271 Ν,
1222 3210 1269 3261 536

157 3293 325 3342 Documenta
354 3287 465 3337 moralia
486 3288 538 3337 tria
556 3289 589 3338 de
615 3289 687 3339 falsis
741 3291 780 3340 Ex
798 3289 847 3338 hac
861 3285 979 3336 vestium
1001 3283 1164 3349 spoliatione
1185 3283 1268 3333 docu-

189 3360 365 3412 testimoniis.
579 3360 621 3421 Ν,
633 3375 687 3424 499
772 3368 862 3408 menta
876 3355 996 3405 moralia.
1162 3355 1207 3412 IV,
1221 3350 1269 3403 536

157 3433 196 3483 De
211 3433 321 3485 silentio
333 3429 436 3482 Christi
461 3430 488 3479 in
516 3431 598 3480 domo
624 3431 687 3482 Cai-
740 3431 779 3480 De
793 3426 973 3493 flagellatione
989 3424 1092 3476 Christi
1106 3425 1204 3476 devota
1214 3439 1271 3474 con·

189 3503 251 3568 phae
266 3499 414 3562 Pontificis,
432 3500 506 3551 etde
525 3502 615 3551 causis
635 3503 688 3551 hu·
772 3497 922 3564 templario.
1165 3492 1270 3559 1V‚537

191 3575 234 3639 jus
247 3572 357 3625 silentii.
576 3573 621 3633 Ν,
634 3589 688 3640 499
740 3571 779 3620 De
791 3570 918 3618 columna
934 3567 977 3618 cui
993 3564 1122 3618 Christus
1144 3565 1198 3616 fuit
1217 3563 1272 3616 affi-

157 3646 197 3696 De
217 3641 440 3694 condemnatione
462 3642 563 3694 Christi
586 3643 688 3693 ibidem
740 3643 742 3649 '
772 3655 831 3690 xus.
1136 3636 1207 3696 ΙΝ,
1224 3633 1272 3699 537

190 3715 266 3774 facta,
288 3722 314 3763 et
337 3713 500 3763 documenta
523 3713 634 3764 moralia
656 3715 690 3763 de
741 3710 943 3778 Flagellationis
954 3708 1055 3760 Christi
1071 3706 1209 3774 figurae-in
1221 3706 1274 3756 Ve-

190 3787 248 3837 hac.
577 3785 621 3846 Ν,
637 3783 684 3834 501
772 3783 1017 3834 teri'lestamento.
1059 3809 1063 3816 ·
1161 3780 1208 3840 Ν,
1225 3776 1273 3829 538

157 3860 197 3911 De
214 3854 321 3922 injuriis
333 3866 401 3918 quas
412 3852 538 3906 Christus
553 3855 603 3906 ista
613 3865 690 3904 nocte
742 3855 781 3904 Ex
797 3853 978 3920 flagellatione
995 3851 1098 3904 Christi
1112 3851 1274 3902 documenta

190 3943 285 3996 passus
302 3937 350 3979 est.
575 3927 621 3988 Ν,
637 3925 687 3976 502
773 3923 895 3974 moralia.
1060 3950 1062 3957 ·
1162 3921 1210 3982 Ν,
1224 3916 1272 3971 538
