2626 4328
120 252 171 304 626
404 254 579 325 SECUNDAE
595 253 719 304 PARTlS
736 256 854 310 CAPUT
870 259 951 312 LXV.

120 376 272 426 universam
296 377 423 428 adversus
441 378 519 429 illum
534 393 648 442 evacua3

120 446 206 513 ipsius
225 457 315 499 autem
338 458 365 500 et
386 449 523 510 miserere,
544 449 591 516 qui
617 451 651 501 ab

120 520 167 570 illo
181 530 312 571 movetur.
331 521 401 571 Cum
420 521 592 587 injuriantem
606 523 651 574 vi-

121 591 201 654 deris,
227 593 347 659 excogita
369 594 499 660 quoniam
527 594 652 646 diabolus

121 673 161 713 est
188 664 235 728 qui
263 675 352 714 movet
380 681 463 727 eum;
494 681 547 716 non
577 667 651 717 enim

122 735 339 786 Christianorum
360 745 424 787 sunt
447 738 562 803 injuriae.
582 739 652 789 Cum

123 807 205 873 igitur
228 808 290 874 quis
317 808 460 874 injuriatus
482 810 573 869 fuerit,
597 825 653 860 me-

123 886 213 928 mento
225 879 264 929 tui
276 879 469 941 Dominatoris,
482 880 612 947 quoniam
627 892 653 932 et

121 964 168 1014 per
177 950 266 1009 verba,
276 959 302 999 et
316 966 364 1016 per
376 966 418 1001 res
429 951 454 1002 ei
465 951 652 1012 detrahebant,

122 1031 148 1072 et
157 1021 271 1072 ironiam
281 1025 392 1089 multam
401 1024 585 1088 ostendebant;
596 1025 653 1090 ipse

121 1107 185 1143 vcro
201 1109 256 1142 non
277 1094 366 1144 solum
388 1110 442 1145 non
465 1094 652 1159 ulciscebatur,

123 1163 169 1212 sed
179 1170 205 1212 et
216 1164 356 1214 contrariis
366 1165 551 1215 remunerabat
561 1164 590 1214 in
606 1165 654 1214 hu·

122 1231 235 1282 militate
252 1243 278 1283 et
287 1233 502 1284 mansuetudine.
516 1235 593 1284 Hunc
607 1233 655 1284 ita-

122 1320 175 1371 que
202 1315 227 1356 et
249 1323 298 1357 nos
317 1309 445 1369 zelemur,
460 1307 497 1357 ita
512 1307 588 1357 enim
603 1323 655 1373 po-

123 1375 236 1426 terimus
261 1388 288 1428 et
309 1393 324 1427 a
350 1377 467 1429 convitio
483 1377 551 1443 eripi
566 1378 654 1429 omni.

123 1445 152 1496 Si
178 1446 250 1497 enirn
268 1463 324 1497 non
347 1448 473 1509 dolueris,
490 1464 545 1497 non
561 1447 655 1498 convi-

123 1518 192 1568 tium
219 1519 338 1583 patieris.
362 1519 434 1579 Quid
462 1519 538 1569 enim
561 1519 655 1570 doles?

124 1587 151 1638 Si
180 1588 290 1654 quidem
316 1589 416 1651 injuste
434 1588 582 1638 convitium
604 1605 655 1654 pa-

125 1657 207 1718 teris,
239 1658 289 1708 hoc
320 1658 436 1708 maxime
470 1657 570 1708 tristari
600 1674 654 1708 non

125 1737 249 1792 oportet,
275 1729 321 1778 sed
354 1727 427 1779 illius
459 1729 598 1792 misereri;
632 1730 655 1780 si

124 1815 187 1849 vero
216 1800 304 1864 juste,
338 1800 425 1850 multo
454 1801 541 1866 magis
577 1800 657 1852 silere

125 1879 355 1935 oportetztieque
380 1869 471 1920 doleas
495 1871 524 1920 in
555 1870 656 1932 verbis,

126 1939 171 1990 sed
186 1939 302 2004 corrigas
318 1938 347 1988 in
367 1941 457 1990 rebus.
473 1941 562 2000 Quare
578 1941 600 1991 si
612 1941 656 1992 vi·

125 2010 258 2076 gilaveris,
272 2011 353 2077 dupla
371 2012 518 2063 lucraberis
533 2028 539 2062 :
556 2023 581 2063 et
596 2028 654 2080 pro-

708 371 807 436 pitium
830 373 914 426 facere
944 376 1031 426 Deum
1061 377 1188 446 silentio;
1214 392 1240 433 et

706 444 839 496 actionem
860 447 987 513 accipere,
1006 464 1038 499 ex
1054 450 1098 500 his
1115 467 1177 517 quae
1197 452 1239 503 di·

707 524 747 565 cta
772 526 856 578 sunt,
885 517 1018 584 corrigere
1047 535 1078 570 ea
1100 536 1162 587 quae
1182 532 1239 575 acta

707 597 784 652 sunt3
806 598 833 638 et
858 589 970 654 gloriam
995 591 1064 642 hanc
1090 592 1238 645 humanam

707 657 850 726 despicere.
864 659 971 710 Etenim
988 661 1052 711 hinc
1069 663 1147 714 dolor
1160 665 1239 717 nobis

707 730 750 791 sit,
774 731 905 797 quoniam
931 732 1009 783 multi
1030 735 1063 784 ad
1085 735 1239 788 insensato·

707 817 767 852 rum
780 801 962 867 suspicionem
977 802 1092 856 inhiant.
1108 806 1173 857 Hoec
1184 807 1238 872 igi·

707 883 751 924 tur
775 873 901 924 universa
922 875 1082 926 meditemur
1093 875 1122 926 in
1148 878 1239 944 operi-

708 944 771 1007 bus;
787 943 810 995 si
828 944 902 995 enim
914 961 970 995 non
981 946 1036 996 haec
1050 945 1238 1009 direxerimus,

693 1015 825 1067 =inaniter
838 1026 864 1068 et
877 1032 944 1067 vane
962 1017 989 1066 in
1009 1018 1146 1069 mundum
1161 1020 1240 1071 veni·

708 1103 779 1146 mus,
791 1087 879 1152 magis
893 1097 982 1137 autem
1001 1097 1027 1137 et
1041 1087 1070 1138 in
1085 1085 1167 1141 malo.
1182 1090 1240 1141 Non

708 1157 781 1209 enim
802 1156 901 1208 sufficit
916 1156 983 1208 fides
1006 1158 1035 1208 in
1058 1173 1174 1225 regnum
1188 1161 1241 1211 du-

708 1245 777 1289 cere,
792 1229 838 1278 sed
856 1228 912 1279 haec
929 1229 1046 1279 maxime
1062 1232 1242 1283 condemnare

709 1300 790 1350 habet
815 1314 860 1348 eos
886 1299 933 1365 qui
960 1300 1044 1349 vitam
1066 1301 1166 1352 malam
1191 1303 1241 1353 de-

709 1381 869 1422 monstrant.
891 1371 944 1432 Qui
957 1371 1030 1422 enim
1044 1372 1175 1437 cognovit
1195 1386 1242 1424 vo·

709 1443 836 1494 laniatam
851 1443 962 1493 Domini
975 1449 1001 1493 et
1015 1458 1066 1495 non
1086 1444 1166 1509 fecit,
1183 1444 1243 1509 pla-

710 1512 751 1580 gis
780 1513 920 1579 vapulabit
941 1514 1041 1565 multis.
1063 1515 1243 1581 Properemus

710 1584 793 1650 igitur
807 1601 863 1635 non
875 1584 908 1634 ad
922 1585 1040 1649 exitum3
1056 1585 1159 1636 etenim
1174 1587 1241 1638 mul-

710 1656 746 1708 tis
759 1657 838 1708 nobis
853 1674 921 1724 opus
936 1668 976 1709 est
986 1659 1131 1719 viaticulis,
1145 1669 1177 1711 ut
1191 1658 1244 1711 suf·

710 1727 825 1780 ficientia
857 1741 962 1782 aeternae
992 1732 1053 1782 vitae
1085 1731 1245 1799 accipientes

711 1799 844 1860 viaticula,
865 1801 1003 1853 videamus
1024 1803 1176 1854 Dominum
1192 1819 1243 1854 no-

710 1879 797 1920 strum
826 1872 918 1922 lesum
958 1872 1100 1924 Christum
1122 1890 1129 1925 :
1154 1874 1240 1925 »haec

713 1941 933 2006 Chrysostomus.

621 2263 759 2315 ORATIO

156 2461 272 2512 Domine
283 2462 345 2512 Jesu
360 2460 477 2521 Christe,
492 2459 540 2526 qui
556 2458 623 2509 hora
647 2456 700 2510 diei
723 2458 874 2524 vespertina
889 2475 903 2508 a
920 2458 1021 2525 loseph
1049 2460 1082 2509 de
1100 2474 1179 2510 cruce
1193 2459 1245 2511 de-

126 2535 200 2600 poni,
214 2544 240 2584 et
254 2534 324 2584 inter
336 2534 444 2585 brachia
457 2535 514 2599 ejus
532 2531 614 2597 recipi
634 2531 760 2592 voluisti,
775 2547 790 2582 a
806 2533 890 2583 Matre
904 2546 1014 2598 quoque
1030 2541 1076 2583 tua
1097 2531 1245 2584 moestissi—

126 2622 179 2666 ma,
196 2618 222 2657 et
236 2607 297 2656 aliis
312 2606 406 2657 amicis
419 2607 473 2656 tuis
488 2607 610 2671 planctus
630 2603 716 2668 fuisti,
743 2605 783 2655 fac
807 2621 860 2665 me,
882 2619 983 2672 quaes0,
999 2605 1103 2672 loseph
1120 2620 1244 2657 crescen-

126 2691 179 2728 tem
194 2679 222 2728 in
237 2677 382 2728 virtutibus
404 2677 538 2744 quotidie,
562 2686 589 2726 et
602 2677 635 2726 da
651 2686 681 2726 ut
697 2685 800 2741 peccata
812 2688 919 2743 propter
933 2693 993 2743 quae
1008 2677 1152 2729 crucifixus
1166 2693 1206 2739 es,
1216 2686 1244 2728 et

125 2754 224 2803 iterum
239 2753 317 2819 quasi
333 2753 362 2802 in
378 2767 454 2802 cruce
470 2749 571 2816 ligaris,
586 2750 737 2815 plangendo
752 2759 778 2800 et
792 2750 950 2816 deponendo
964 2768 1067 2803 merear
1076 2762 1102 2802 te
1116 2753 1151 2803 de
1165 2766 1245 2804 cruce

126 2828 274 2894 deponere,
292 2837 371 2893 teque
389 2825 465 2892 quasi
481 2823 639 2874 fasciculum
654 2823 772 2890 myrrhae
787 2824 857 2875 inter
871 2826 978 2877 brachia
991 2826 1093 2877 amoris
1107 2827 1244 2894 recipere,

126 2900 172 2949 ubi
186 2899 316 2966 digneris,
331 2898 432 2949 Dilecte
446 2895 609 2960 mi,semper
622 2894 791 2955 commorari,
813 2907 884 2947 etme
897 2913 912 2947 a
927 2897 1031 2964 laqueis
1042 2897 1144 2949 diaboli
1158 2907 1246 2950 custo-

126 2971 192 3034 dire,
208 2988 243 3024 ne
256 2987 377 3040 unquam
391 2971 433 3022 vel
448 2969 501 3030 hic,
515 2967 558 3019 vel
572 2967 601 3019 in
612 2965 704 3019 futuro
713 2969 815 3020 valeam
830 2985 845 3020 a
859 2980 885 3022 te
899 2971 1024 3036 separari.
1039 2971 1136 3021 Amen.

580 3513 770 3640 &aaa
