2626 4328
322 315 369 364 DE
386 314 591 374 MATUTINIS,
611 313 647 364 IN
664 315 834 366 PASSIONE
850 316 986 367 DOMINI.

83 431 184 483 teatiae
202 431 271 495 ejus,
290 429 365 497 quia,
375 431 524 481 secundum
541 430 629 495 Chry-

91 510 247 566 mslomum,
267 504 338 554 nihil
353 504 390 556 ita
403 514 476 554 curat
490 504 628 563 delictum,

91 585 122 626 ut
135 575 272 625 memoria
285 576 397 626 Domini
409 576 545 626 continua.
569 575 630 626 Un-

90 645 125 695 de
149 655 178 695 et
202 646 282 696 Beda
307 664 316 696 :
344 665 358 693 (ι
376 646 542 712 Respiciente
567 661 629 696 eum

92 718 225 778 Domino,
252 718 347 769 Petrus
374 719 406 770 ad
433 733 480 768 cor
508 733 630 768 reversus

93 791 230 841 maculam
244 792 396 856 negationis
411 791 576 857 poenitentiae
591 791 630 842 la-

93 863 195 928 crymis
222 865 326 928 tergit;
364 865 427 930 quia
458 879 511 913 non
540 864 629 914 solum

92 948 156 983 tum
170 934 262 999 agitur
275 936 440 999 poenitentia,
453 935 631 986 verumetiam

93 1012 123 1053 ut
141 1014 238 1070 agatur
263 1006 313 1056 Dei
331 1005 515 1057 misericordia
536 1022 630 1056 neces-

92 1074 165 1124 saria
180 1085 238 1136 est;
253 1077 326 1127 unde
341 1078 481 1127 Psalmista
496 1095 502 1127 ι
525 1077 631 1143 Usque-

92 1158 147 1210 quo
160 1146 330 1196 exaltabitur
351 1148 475 1198 inimicus
496 1163 570 1198 meus
584 1162 631 1198 tu-

90 1229 141 1281 pet·
166 1232 222 1280 me,
253 1220 356 1285 respice
385 1226 411 1270 et
441 1220 544 1270 exaudi
571 1232 629 1279 me,

92 1287 209 1339 Domine
224 1290 298 1340 Deus
312 1306 393 1353 meur,
409 1292 436 1342 id
452 1303 491 1343 est
506 1292 631 1342 miserere

91 1368 118 1408 et
130 1358 227 1425 adiuva
242 1379 249 1410 ι
266 1380 280 1408 n
295 1362 352 1412 haec
366 1364 452 1414 Beda.
468 1364 569 1414 Petrus
585 1379 631 1414 au

92 1438 160 1494 tem,
192 1447 358 1499 cognoscens
396 1436 470 1502 quod
498 1435 640 1496 Dominus,

92 1519 156 1554 eum
179 1506 302 1556 audierat
317 1517 342 1557 et
361 1519 522 1573 respexerat,
538 1519 565 1559 et
577 1509 629 1560 hoc

92 1587 217 1642 respectu
232 1581 425 1641 commonitus,
441 1583 511 1631 etad
525 1597 630 1632 amaras

91 1649 227 1714 lacrymas
243 1662 412 1715 provocatus,
432 1655 524 1704 statim
544 1654 632 1706 exivit

87 1720 183 1787 for-ar,
208 1723 240 1773 de
269 1725 359 1774 medio
382 1727 531 1786 malorum,
561 1728 632 1778 inter

93 1806 167 1858 quos
181 1807 244 1842 eum
262 1804 411 1860 negaverat,
432 1806 459 1845 et
481 1796 588 1862 fugiens
602 1798 631 1847 in

93 1879 212 1926 caveam,
232 1880 280 1917 seu
302 1868 330 1917 in
345 1867 459 1930 foveam,
475 1886 536 1936 quae
550 1871 631 1921 modo

93 1933 268 2000 gallicantus
281 1938 437 2002 appellatur,
456 1939 538 2007 flevit
552 1944 631 1992 ama-

92 2020 133 2068 re,
158 2004 187 2056 id
212 2018 251 2058 est
277 2008 366 2058 cordis
391 2010 579 2072 amaritudine,
606 2022 632 2062 et

93 2076 160 2126 fletu
177 2078 361 2138 contritionis,
385 2079 432 2145 qui
454 2096 563 2132 amarus
581 2092 630 2134 est.

92 2149 188 2200 Fletus
201 2161 292 2201 autem
306 2152 457 2203 devotionis
471 2163 510 2204 est
526 2155 632 2206 suavis-

88 2220 182 2272 simus
196 2222 226 2271 in
240 2231 346 2272 tanturn
361 2232 391 2272 ut
405 2240 453 2288 pro
472 2224 534 2274 cibo
548 2241 631 2292 repu-

91 2303 173 2354 tetur,
197 2295 346 2346 secundum
370 2297 438 2346 illud
457 2297 630 2349 Psalmistae:

93 2365 217 2416 Fuerunt
238 2367 304 2416 mihi
318 2367 450 2435 lacrymoe
467 2383 535 2419 merc
544 2384 630 2435 panes

91 2436 137 2487 die
159 2450 193 2488 ac
220 2445 309 2489 nocte,
332 2440 361 2488 ln
384 2439 444 2504 ipso
460 2452 549 2491 autem
572 2441 630 2491 loco

92 2507 141 2558 ubi
156 2518 218 2574 post
242 2509 413 2574 negationem
435 2509 516 2575 flevit,
532 2521 559 2562 et
572 2528 630 2578 poe-

92 2578 236 2631 nitentiam
253 2580 323 2641 iecit,
340 2580 369 2630 in
384 2583 544 2633 memoriam
557 2599 631 2634 ama·

92 2650 115 2700 ri
131 2650 213 2701 fletus
234 2660 260 2700 et
282 2650 449 2716 poenitentiae
463 2653 528 2716 eius,
543 2652 631 2704 aedifi-

90 2730 150 2771 cata
171 2731 215 2771 est
236 2720 346 2771 ecclesia
369 2722 453 2772 sancti
478 2723 559 2784 Petri,
583 2724 630 2790 qui

91 2796 170 2844 locus
194 2804 235 2844 est
261 2793 329 2844 inter
357 2805 477 2845 montem
508 2797 574 2846 Sion
605 2807 631 2847 et

93 2864 230 2915 civitatem
255 2864 411 2915 Jerusalem.
438 2866 541 2917 Exinde
565 2877 630 2917 tunc

94 2934 190 2985 Petrus
206 2935 287 2984 traxit
301 2934 329 2985 in
347 2938 582 3001 consuetudinem,
600 2949 630 2988 ut

95 3004 212 3070 singulis
234 3005 359 3056 noctibus
380 3022 496 3072 surgens
512 3023 527 3056 a
542 3008 630 3072 primo

94 3076 228 3140 gallorum
253 3085 342 3135 cantu,
367 3092 453 3143 usque
478 3078 511 3126 ad
535 3078 630 3128 horam

94 3147 256 3198 matutinam
277 3156 357 3197 staret
374 3147 401 3196 in
417 3149 546 3208 oratione,
562 3147 630 3200 flens

95 3232 142 3284 pro
161 3219 213 3269 ista
235 3218 375 3284 negatione
391 3237 399 3269 r
414 3220 450 3269 ita
465 3223 538 3287 quod
552 3219 633 3272 facies

94 3291 150 3355 ejus
164 3291 308 3342 videbatur
331 3292 426 3342 adusta
445 3307 477 3342 ex
500 3293 575 3344 fluxu
589 3293 631 3344 la-

95 3378 258 3429 crymarum,
285 3373 310 3413 et
333 3379 439 3430 semper
460 3365 489 3414 in
504 3365 566 3416 sinu
580 3381 630 3416 suo

94 3434 235 3484 sudarium
268 3433 404 3499 portabat,
442 3450 497 3501 quo
538 3437 631 3488 crebro

96 3502 209 3555 fluentes
239 3505 369 3570 lacrymas
402 3507 541 3571 tergebat3
567 3508 633 3574 quia

96 3576 313 3642 quandocunque
347 3577 448 3641 gallum
480 3588 632 3628 cantantem

96 3646 229 3709 audiebat,
256 3656 282 3696 et
304 3650 524 3714 quandocunque
547 3649 632 3699 dene-

96 3717 229 3782 gationem
247 3716 348 3767 Christi
362 3719 503 3778 recolebat,
517 3719 633 3769 amaris-

57 3802 63 3809 ·
96 3785 164 3837 sime
187 3785 268 3837 flebat
292 3795 347 3837 tam
363 3803 411 3853 pro
427 3799 533 3854 peccato
549 3805 633 3855 nega-

97 3856 187 3919 tionis,
211 3873 295 3924 quam
317 3874 366 3923 pro
380 3859 520 3911 dulcedine
533 3861 634 3911 amoris

97 3925 216 3980 Domini.
235 3929 319 3991 Unde,
338 3931 487 3981 secundum
501 3931 636 3998 Chrysot-

1166 323 1216 391 509

684 436 789 493 tomum,
815 432 895 482 flebat
921 434 1014 485 Petrus
1035 450 1090 485 non
1111 449 1218 504 propter

683 518 800 568 poenam,
817 506 861 554 sed
878 505 942 571 quia
956 506 1084 557 dilectum
1101 525 1216 576 negave-

683 584 732 636 rat,
749 575 822 640 quod
837 575 862 625 ei
878 576 1000 641 quolibet
1014 578 1148 644 supplicio
1162 597 1218 631 mo-

684 643 777 694 lestius
791 655 854 696 erat.
874 648 990 697 Attende
1010 665 1083 699 nunc
1104 651 1150 700 ubi
1166 652 1217 702 Pe-

683 724 741 764 trus
756 715 870 780 negavit,
885 728 911 767 et
926 717 988 784 fuge
1003 735 1114 769 omnem
1127 721 1217 772 locum

683 785 731 850 qui
757 786 925 837 occasionem
953 790 1079 853 peccandi
1104 791 1216 842 inducit.

683 858 762 910 Unde
776 862 935 912 Ambrosius
950 879 958 914 :
973 881 987 910 ι(
1003 864 1053 914 Ubi
1068 875 1159 915 tamen
1173 881 1217 916 ne-

683 931 755 996 gavit
772 933 883 983 Petrus?
907 935 968 984 Non
991 936 1019 985 in
1043 949 1145 1003 monte,
1161 955 1216 988 non

684 1002 712 1052 in
736 1006 846 1070 templo,
865 1006 964 1056 nonin
986 1023 1035 1058 sua
1049 1010 1130 1061 domo
1138 1029 1146 1077 ;
1170 1013 1217 1063 sed

684 1076 710 1125 in
738 1080 863 1143 praetorio
889 1081 1054 1146 ludaeorum,
1083 1084 1112 1134 in
1135 1088 1216 1136 domo

683 1147 815 1215 principis
841 1151 1019 1203 sacerdotum.
1052 1155 1093 1204 lbi
1121 1165 1216 1222 negat,

684 1217 730 1266 ubi
755 1220 833 1270 lesus
855 1221 954 1287 ligatus
975 1232 1023 1280 est,
1049 1224 1096 1273 ubi
1121 1227 1219 1276 veritas

684 1302 739 1338 non
763 1299 811 1341 est.
826 1311 840 1339 n
857 1292 934 1342 Unde
958 1302 984 1341 et
1007 1292 1219 1360 Hieronymus.-

684 1376 697 1402 ιι
718 1357 747 1407 ln
768 1360 836 1410 atrio
861 1377 924 1410 cum
944 1361 1079 1412 ministris
1103 1363 1220 1414 calefacit

683 1443 711 1477 se
735 1430 768 1479 ad
791 1430 882 1496 ignem
904 1449 911 1482 ε
933 1433 1032 1482 atrium
1059 1434 1220 1494 sacerdotis,

683 1503 809 1553 circuitus
834 1516 874 1556 est
900 1507 1052 1571 secularis3
1083 1507 1220 1565 ministri,

683 1574 816 1625 daemonia
838 1588 915 1640 sunt3
944 1577 1025 1643 ignis,
1054 1578 1220 1629 desiderium

683 1647 797 1709 carnale,
823 1663 884 1697 cum
909 1649 1010 1714 quibus
1041 1649 1088 1716 qui
1118 1660 1219 1712 manet,

683 1715 746 1766 flere
772 1729 877 1782 peccata
904 1735 959 1768 non
985 1729 1072 1785 potest
1098 1738 1104 1771 :
1130 1741 1143 1769 n
1163 1722 1221 1773 haec

683 1786 880 1854 Hieronymus
903 1789 972 1839 Hinc
994 1801 1058 1840 nota
1072 1792 1146 1856 quod
1161 1808 1221 1844 ma-

684 1857 741 1907 lum
754 1868 794 1908 est
806 1852 958 1910 conversari
974 1862 1003 1910 in
1015 1862 1098 1912 curiis
1112 1879 1222 1929 magna-

684 1937 759 1989 tum,
790 1930 884 1979 Petrus
912 1932 984 1980 enim
1008 1934 1092 1984 semel
1116 1935 1220 1984 curiam

684 1999 801 2061 intravit,
822 2012 847 2051 et
862 2002 901 2052 ibi
916 2003 999 2053 animi
1017 2005 1139 2071 vigorem
1154 2022 1220 2072 per-

684 2073 762 2131 didit,
777 2085 803 2124 et
817 2075 959 2126 Christum
975 2079 1089 2142 negavit.
1105 2079 1179 2139 Quid
1194 2080 1217 2129 si

684 2144 730 2193 diu
749 2145 787 2195 ibi
804 2146 968 2198 mansisset?
996 2147 1072 2198 Unde
1095 2164 1150 2198 non
1167 2148 1216 2208 ibi,

684 2214 730 2263 sed
751 2214 818 2264 foris
831 2216 966 2280 poenituit.
981 2217 1025 2267 Sic
1039 2218 1115 2267 stella
1129 2234 1144 2267 a
1159 2219 1219 2267 Ma-

684 2282 726 2347 gis
739 2283 768 2332 in
781 2284 854 2333 curia
867 2285 982 2334 Herodis
996 2286 1138 2350 disparuit,
1154 2286 1219 2352 qui-

684 2357 735 2406 bus
748 2356 811 2406 inde
823 2357 938 2422 egressis
953 2357 1116 2423 reapparuit.
1132 2358 1222 2410 Exivit

684 2426 775 2492 itaque
793 2428 887 2476 Petrus
900 2427 934 2476 de
946 2428 1015 2478 atrio
1030 2428 1171 2495 principis,
1188 2441 1219 2479 ut

683 2499 800 2548 liberum
814 2500 904 2549 locum
918 2498 1000 2550 flendi
1018 2502 1141 2565 haberet,
1156 2501 1220 2564 quia

683 2571 752 2622 inter
761 2572 860 2638 impios
874 2573 1061 2638 poenitentiam
1074 2591 1152 2642 agere
1163 2591 1219 2626 non

678 2647 797 2710 ⁴valebat,
814 2656 916 2697 etcum
935 2648 1014 2699 vellet
1037 2647 1102 2700 flere
1123 2662 1220 2715 egres-

684 2729 731 2765 sus
753 2723 795 2766 ert
817 2717 902 2782 foras
917 2735 925 2767 .·
942 2718 1031 2783 palam
1055 2719 1130 2769 enim
1157 2719 1220 2768 flere

685 2804 739 2838 non
765 2790 887 2850 audebat,
915 2806 948 2840 ne
972 2791 1075 2841 scilicet
1099 2793 1134 2841 ab
1158 2791 1218 2841 aliis

683 2861 827 2922 videretur,
845 2873 873 2912 et
886 2877 900 2912 a
915 2863 1040 2928 lacrymis
1065 2863 1219 2929 deprehen-

684 2934 800 2985 deretur.
816 2936 846 2984 ln
866 2951 920 3000 quo
940 2945 965 2985 et
979 2951 1029 2985 nos
1044 2935 1214 2994 instruimur,

684 3015 714 3054 ut
735 3006 853 3055 volentes
877 3007 999 3055 insistere
1022 3005 1160 3071 lacrymis,
1173 3021 1219 3056 se-

684 3085 786 3126 cretum
800 3077 891 3124 locum
902 3091 1063 3140 quaeramus,
1078 3077 1155 3127 Unde
1170 3077 1219 3127 Be-

685 3147 721 3196 da
735 3164 744 3196 .·
760 3164 774 3192 a
788 3145 876 3204 Quam
896 3145 989 3195 nociva
1011 3161 1075 3196 sane
1102 3146 1219 3214 alloquia

685 3217 864 3284 perfidorum!
896 3220 989 3270 Petrus
1011 3219 1082 3270 inter
1104 3221 1218 3277 Judaeos.

685 3291 727 3341 vel
752 3289 892 3340 hominem
926 3305 955 3340 se
985 3306 1065 3341 nosse
1095 3292 1219 3357 negavit.

685 3377 767 3427 quem
790 3361 861 3411 inter
887 3360 1083 3427 condiscipulos
1107 3361 1156 3411 Dei
1172 3362 1220 3412 Fi-

685 3437 754 3486 lium
777 3435 917 3485 confessus
947 3446 1011 3486 erat.
1039 3437 1091 3486 Sed
1116 3450 1164 3486 nec
1192 3434 1221 3484 in

686 3507 753 3563 atrio
768 3506 875 3570 Caiphae
890 3517 1013 3557 retentus·
1024 3516 1128 3572 poterat
1143 3520 1221 3572 agere

687 3577 883 3642 poenitentiam,
898 3577 1033 3642 egreditur
1051 3577 1132 3637 foras,
1145 3588 1176 3626 ut
1188 3575 1221 3624 ab

686 3645 833 3712 impiorum
851 3647 964 3697 concilio
980 3657 1107 3709 secretuS,
1120 3644 1222 3712 pavidae

686 3718 837 3784 negationis
871 3717 963 3767 sordes
996 3718 1088 3768 liberis
1113 3716 1221 3766 fletibus

687 3792 805 3841 abluat:
831 3811 844 3839 >t
869 3791 925 3841 haec
951 3786 1038 3841 Beda.
1066 3790 1109 3840 Sic
1141 3787 1221 3838 hodie

688 3862 766 3912 multi
782 3863 811 3912 in
826 3861 894 3911 atrio
913 3876 1072 3928 magnorum
1096 3859 1222 3910 introdu-

687 3931 732 3997 cti,
757 3932 897 3982 Christum
922 3931 1001 3981 malis
1023 3929 1150 3996 operibus
1170 3941 1221 3977 ne-
