2626 4328
349 208 398 260 DE
411 207 553 268 TERTIA,
570 206 605 256 ΙΝ
623 205 790 257 PASSIONE
802 205 939 259 DOMINI.

90 339 130 384 est
151 344 234 381 causa
256 342 317 394 quae
345 341 401 376 non
424 323 577 376 defenditur
598 332 625 372 et

91 401 229 470 probatur.
245 402 367 450 Suzanna
381 397 473 457 tacuit,
484 405 509 446 et
519 394 585 444 vicit
595 410 624 444 :n

90 475 146 526 haec
171 469 346 522 Ambrosius.
367 467 453 518 Judex
477 481 539 532 ergo
562 480 625 514 om-

92 545 168 598 nium
184 553 249 594 ante
264 541 385 592 tribunal
409 539 505 605 judicis
524 537 587 590 vilis
600 546 626 588 et

91 617 209 683 indigni,
222 624 383 665 mansuetus
395 622 421 663 et
431 611 529 663 tacitus
543 609 625 669 stetit,

92 697 116 741 et
137 695 281 738 accusatus
305 685 373 735 nihil
396 683 544 750 respondit.
558 683 627 732 Sunt

92 768 182 810 autem
207 767 325 822 quatuor
347 755 465 805 rationes
486 753 568 818 hujus
585 751 626 802 si-

93 831 167 882 lentii
183 839 211 880 et
224 827 415 878 taciturnitatis
431 825 534 877 Christi
556 842 563 876 :
583 834 627 875 ta-

94 903 147 954 cuit
169 901 247 952 enim
276 897 403 950 Christus
430 898 519 964 primo
549 899 626 963 juste,

93 976 155 1043 quia
178 984 292 1040 propter
317 971 459 1022 falsitatem
479 970 628 1021 accusatio-

95 1062 159 1098 num
169 1056 197 1096 et
209 1052 369 1109 corruptum
381 1042 510 1108 judicium
524 1039 628 1107 indigni

95 1126 168 1169 erant
183 1115 295 1177 audire;
312 1115 429 1165 secundo
446 1110 628 1163 misericordi-

96 1200 142 1250 ter,
159 1202 194 1238 ne
216 1185 319 1236 scilicet
336 1199 368 1234 ex
382 1183 558 1249 responsione
581 1196 629 1232 sua

97 1261 198 1328 pejores
219 1257 325 1321 fierent,
352 1256 376 1307 si
395 1257 448 1307 sibi
468 1271 521 1306 non
535 1255 629 1306 crede·

98 1343 175 1393 rent,
207 1331 251 1380 vel
281 1345 335 1379 non
365 1328 522 1391 obedirent;
550 1327 629 1378 tertio

96 1401 302 1470 dispensative,
329 1414 363 1450 ne
388 1400 410 1450 si
439 1415 467 1450 se
492 1407 631 1449 excusaret

97 1475 289 1534 dimitteretur,
303 1481 330 1523 et
348 1471 434 1522 crucis
456 1470 568 1530 utilitas,
582 1469 630 1519 sci-

98 1547 157 1598 licet
171 1555 265 1596 nostra
280 1546 352 1595 salus
368 1553 395 1594 et
408 1543 566 1609 redemptio,
582 1540 631 1591 dif-

98 1620 231 1682 ferretur;
257 1628 354 1684 quarto
379 1608 575 1682 exemplariter,
600 1623 631 1666 ut

98 1691 173 1742 daret
199 1688 281 1739 nobis
305 1687 441 1753 patientiae
465 1687 630 1752 exemplum,

99 1773 123 1815 et
145 1762 276 1829 impleret
292 1761 360 1811 illud
375 1761 409 1810 de
426 1775 455 1810 se
477 1759 630 1825 scriptum:

100 1834 176 1886 Sicut
192 1845 285 1898 agnus
298 1846 389 1882 coram
402 1830 525 1881 tondente
538 1843 567 1879 se
585 1828 632 1879 ob-

100 1909 237 1966 mutescet,
262 1908 289 1952 et
308 1916 359 1952 non
375 1900 479 1966 aperiet
498 1913 631 1950 ossuum.

100 1974 193 2042 igitur,
211 1982 243 2023 ut
265 1971 332 2023 dicit
348 1971 499 2033 Anselmus,
515 1970 576 2021 vide
590 1979 634 2021 at-

101 2056 172 2098 tente
186 2045 328 2112 quomodo
344 2054 396 2095 stat
410 2054 471 2094 ante
489 2043 633 2095 Praesidem

102 2117 234 2169 inclinato
259 2115 364 2181 capite,
386 2114 512 2166 demissis
537 2114 632 2174 oculis,

102 2189 177 2240 vultu
192 2186 309 2253 placido,
326 2200 451 2236 sermone
471 2200 541 2245 raro,
556 2199 635 2250 para·

103 2270 145 2312 tus
155 2260 190 2311 ad
205 2258 362 2326 opprobria,
374 2269 516 2324 promptus
530 2260 562 2308 ad
573 2251 638 2309 verss

104 2336 174 2386 bera.
189 2333 362 2398 Quandoque
379 2331 511 2381 Dominus
523 2346 636 2397 respon-

105 2405 157 2466 det,
168 2403 335 2471 quandoque
345 2416 399 2450 non
412 2402 553 2466 respondet
567 2417 575 2450 ι
589 2401 636 2451 ubi

106 2477 259 2544 respondet,
275 2474 351 2540 quasi
367 2483 457 2540 pastor
478 2473 566 2523 bonus
585 2473 638 2523 do·

106 2557 154 2607 cet,
169 2556 196 2596 et
209 2560 259 2609 pro
271 2544 379 2594 creditis
396 2544 448 2594 sibi
462 2543 558 2594 ovibus
569 2560 638 2595 con-

106 2629 144 2668 tra
170 2617 301 2682 luporum
324 2615 514 2681 latronumque
528 2614 638 2666 insidias

105 2698 224 2755 pugnat;
242 2684 290 2736 ubi
317 2701 381 2736 vero
406 2701 460 2735 non
487 2686 638 2751 respondet,

105 2759 183 2826 quasi
200 2771 289 2824 agnus
304 2766 424 2823 prototo
438 2772 518 2822 grege
537 2756 639 2807 immo-

106 2833 202 2884 landus
216 2831 288 2891 silet,
307 2839 334 2880 et
357 2830 511 2895 patientiam
525 2839 639 2896 praestat.

107 2905 139 2954 Et
146 2903 254 2954 utinam
268 2901 349 2950 modo
360 2900 547 2961 innotesceret,
557 2915 641 2969 quan·

68 3000 72 3007 ·
108 2977 141 3027 do
166 2976 246 3043 quasi
268 2989 356 3040 agnus
381 2985 407 3024 et
430 2974 538 3040 quando
561 2973 640 3040 quasi

108 3056 198 3113 pastor
212 3045 303 3113 quivis
318 3059 376 3095 esse
388 3044 506 3102 deberet,
521 3053 552 3094 ut
562 3045 642 3095 sciret

109 3118 218 3185 quando
234 3127 320 3167 tacere
334 3124 360 3166 et
382 3115 544 3180 respondere
558 3115 642 3166 habe-

109 3188 164 3241 ret!
182 3189 318 3249 Quamvis
331 3204 395 3254 ergo
413 3188 577 3255 quibusdam
598 3187 642 3238 in-

110 3258 337 3326 terrogationibus
361 3273 432 3324 saepe
454 3257 641 3329 responderit,

110 3330 219 3395 quando
242 3339 334 3380 tamen
356 3330 518 3394 respondere
545 3329 642 3390 noluit,

111 3415 166 3451 uon
183 3401 254 3452 sicut
277 3414 339 3450 reus
361 3409 388 3450 et
411 3400 480 3450 male
502 3399 553 3450 sibi
576 3415 642 3451 con-

111 3470 206 3532 scius,
230 3470 279 3537 qui
301 3471 334 3522 de
361 3471 474 3536 peccatis
500 3470 643 3522 convince-

112 3544 189 3596 batur
211 3545 281 3606 suis,
304 3544 351 3595 sed
375 3545 444 3595 sicut
465 3544 596 3595 innocens
619 3555 645 3596 et

114 3628 279 3681 mansuetus,
294 3617 341 3684 qui
355 3632 404 3684 pro
415 3616 529 3682 peccatis
542 3617 645 3667 immo-

113 3687 216 3740 labatur
236 3688 342 3740 alienis.
359 3689 391 3740 Et
411 3688 471 3739 ideo
493 3687 645 3739 similitudo

114 3756 146 3808 de
161 3773 232 3826 agno
244 3759 305 3809 data
325 3768 374 3819 est,
384 3767 415 3809 ut
432 3758 461 3808 in
475 3773 525 3809 suo
538 3757 646 3810 silentio

116 3843 170 3880 non
184 3845 256 3892 reus,
272 3829 318 3881 sed
341 3829 473 3882 innocens
494 3827 646 3882 haberetur.

1158 210 1207 263 531

713 338 728 373 2
757 324 816 373 Mos
840 339 981 374 tirannum
1004 341 1212 381 urnartcronett

679 409 706 444 ru
726 410 808 446 rasro
823 396 940 447 Pascua.
951 425 983 433 —
994 398 1050 448 Per
1072 400 1142 450 diem
1156 418 1210 454 au-

679 472 730 517 tem
751 465 855 532 sestam
881 467 1009 527 Paschae,
1035 480 1209 524 consueverat

679 539 789 590 Praeses
817 556 895 592 unum
925 541 1040 592 vinctum
1075 542 1209 597 dimittere

676 612 786 679 populo,
800 613 877 664 idest
891 613 923 665 ad
936 614 1092 680 petitionem
1105 618 1208 683 populi,

680 696 755 747 quem
769 683 900 744 volebant,
916 685 975 736 sine
987 686 1143 738 meritorum
1157 689 1212 740 dis-

681 754 806 816 cretione,
825 755 853 805 in
874 757 1032 808 memoriam
1044 758 1212 812 liberationis

681 826 798 877 filiorum
814 828 893 880 lsrael
906 830 939 880 de
953 831 1110 896 AEgyptiaca
1124 834 1211 884 servi-

681 909 747 960 tute,
777 900 852 966 cujus
877 902 999 953 beneficii
1026 905 1156 955 memoria
1182 905 1211 956 in

682 969 849 1021 solemnitate
863 972 980 1036 paschali
994 972 1084 1033 fiebat,
1098 976 1171 1041 quod
1182 991 1212 1026 ea

681 1040 725 1091 die
740 1041 773 1091 de
793 1042 922 1092 servitute
943 1043 1090 1094 Pharaonis
1113 1047 1212 1111 egressi

682 1123 769 1174 erant;
787 1111 817 1161 in
831 1111 892 1161 aliis
908 1122 997 1163 autem
1012 1113 1086 1166 festis
1101 1133 1156 1166 non
1170 1117 1209 1168 sic

682 1182 770 1233 fiebat.
786 1182 856 1241 Quia
872 1183 988 1234 enimin
1011 1193 1087 1236 nocte
1100 1186 1210 1239 Paschae

682 1256 801 1321 Angelus
815 1254 925 1304 Domini
948 1256 1058 1307 salvavit
1076 1259 1213 1323 Hebraeos,

682 1335 708 1376 et
731 1326 863 1390 percussit
875 1326 1054 1392 primogenita
1067 1329 1213 1394 AEgyptio-

682 1410 753 1457 rum,
768 1395 828 1446 ideo
842 1397 874 1446 ad
888 1396 940 1446 hoc
953 1400 1212 1462 repraesentandum,

683 1475 710 1516 et
734 1466 894 1517 memoriam
924 1467 1004 1532 hujus
1025 1469 1158 1532 beneficii,
1185 1471 1214 1522 in

684 1540 733 1590 hac
761 1540 932 1592 solemnitate
965 1543 1101 1594 salvabant
1128 1561 1214 1599 unum

684 1612 766 1662 morti
782 1613 975 1679 propinquum,
994 1625 1021 1666 et
1044 1615 1148 1682 aliquos
1169 1617 1216 1668 in-

685 1685 849 1737 terficiebant
862 1689 895 1737 de
910 1687 1008 1739 vinctis
1020 1689 1068 1755 qui
1083 1692 1215 1743 custodie-

686 1758 785 1807 bantur
807 1758 840 1807 ad
863 1758 1058 1824 occidendum;
1084 1762 1134 1821 vel,
1165 1762 1216 1813 hoc

685 1827 816 1880 faciebant
841 1829 868 1879 in
901 1830 1060 1882 memoriam
1085 1833 1216 1885 transitus

687 1901 769 1951 maris
783 1901 868 1961 rubri,
883 1903 912 1952 in
929 1917 984 1968 quo
998 1901 1045 1952 filii
1060 1904 1138 1954 lsrael
1155 1904 1216 1956 fue-

687 1983 751 2024 runt
767 1973 882 2034 liberati,
895 1984 922 2024 et
935 1975 1054 2040 AEgyptii
1074 1977 1217 2027 submersi.

689 2045 722 2095 Et
747 2044 825 2094 istam
853 2045 1074 2095 consuetudinem
1100 2046 1139 2096 eis
1153 2063 1219 2097 con-

687 2117 785 2166 servari
796 2116 1002 2182 impetraverant
1010 2118 1044 2168 ab
1055 2120 1217 2184 Imperatore

689 2189 884 2247 Romanorum,
902 2187 970 2238 sicut
980 2188 1066 2238 fuerat
1080 2190 1220 2240 observata

688 2271 834 2326 antequam
865 2260 958 2311 Judaea
985 2271 1056 2311 esset
1089 2262 1220 2312 Romanis

690 2333 816 2396 subjecta.
841 2331 869 2381 Si
895 2331 983 2381 adhuc
1006 2331 1120 2399 singulis
1141 2332 1220 2383 annis

689 2403 808 2469 aliquem
822 2401 957 2462 occidunt,
972 2403 1044 2453 Deus
1056 2403 1113 2465 scit,
1126 2414 1152 2455 et
1168 2405 1220 2471 ipsi

690 2476 789 2527 sciunt.
805 2474 906 2525 Pilatus
924 2490 987 2541 ergo
1008 2477 1098 2527 sciens
1111 2493 1158 2528 eos
1171 2494 1221 2530 cu-

691 2547 769 2613 pidos
781 2546 814 2595 de
829 2546 996 2597 observanda
1011 2546 1058 2597 illa
1072 2559 1223 2600 consuetu-

692 2619 763 2681 dine,
784 2628 810 2669 et
830 2633 862 2668 ex
885 2618 967 2670 altera
983 2630 1057 2686 parte
1070 2622 1143 2688 quod
1159 2623 1224 2672 Bar-

692 2692 770 2743 rabas
795 2701 865 2742 esset
893 2691 1046 2758 pessimus,
1074 2704 1100 2745 et
1124 2695 1224 2761 populo

693 2763 812 2824 odiosus,
832 2765 974 2830 proposuit
997 2764 1037 2815 eis
1058 2766 1109 2815 sub
1125 2764 1226 2815 distin-

693 2835 783 2885 ctione
808 2834 944 2900 optionem
970 2834 1071 2896 dicens,
1094 2835 1168 2900 quod
1192 2835 1225 2884 ad

693 2905 824 2955 honorem
840 2904 900 2954 festi
922 2905 1049 2955 liberaret
1071 2905 1112 2955 eis
1128 2906 1225 2954 Barra-

694 2977 756 3027 bam
776 2977 819 3026 vel
834 2976 936 3037 Jesum,
960 2985 986 3026 et
1008 2976 1113 3025 nullum
1129 2975 1224 3033 alium,

695 3063 740 3113 per
755 3047 807 3097 hoc
830 3047 965 3096 subtiliter
985 3045 1095 3094 credens
1112 3044 1226 3095 liberare

694 3118 785 3168 Jesum
811 3117 844 3166 de
871 3130 1006 3166 consensu
1031 3130 1134 3177 eorum,
1162 3116 1227 3182 quia

696 3203 749 3237 non
775 3187 897 3238 credebat
919 3185 1011 3252 aliquo
1035 3188 1125 3248 modo,
1153 3187 1226 3248 quod

696 3268 814 3325 peterent
828 3256 1013 3307 liberationem
1032 3259 1166 3317 Barrabae,
1180 3258 1227 3324 qui

696 3339 752 3380 erat
766 3327 903 3379 homicida
916 3338 941 3378 et
955 3327 1109 3389 seditiosus,
1121 3343 1150 3378 ac
1164 3344 1227 3394 pes-

696 3401 784 3452 simus
808 3410 834 3450 et
856 3396 981 3464 insignis,
1010 3414 1064 3448 non
1090 3399 1228 3450 nobilitate

697 3472 812 3539 generis,
832 3471 878 3520 sed
897 3485 929 3520 ex
945 3470 1099 3522 famositate
1117 3472 1160 3522 sui
1176 3471 1230 3521 cri·

698 3543 791 3602 minis,
814 3541 879 3608 quia
892 3550 948 3592 erat
964 3542 1031 3592 latro
1056 3543 1181 3608 publicus
1203 3553 1229 3592 et

698 3614 726 3664 in
740 3613 843 3664 malitia
855 3615 979 3679 vulgatus
1001 3623 1027 3664 et
1046 3613 1181 3679 famosus;
1204 3625 1230 3665 et

699 3684 760 3735 ideo
782 3683 906 3734 credebat
934 3684 1031 3734 merito
1055 3684 1147 3736 Jesum
1172 3699 1230 3734 esse

700 3757 919 3824 praeeligendum,
932 3757 1018 3808 sciens
1030 3772 1092 3809 eum
1107 3758 1231 3808 innocen·

700 3840 755 3881 tem
769 3838 795 3879 et
806 3843 854 3893 per
867 3827 996 3880 invidiam
1011 3828 1151 3888 traditum,
1168 3828 1231 3895 quia
