2626 4328
91 295 141 345 550

91 395 144 459 non
160 409 277 459 valentes
290 423 337 475 per
350 407 430 457 salsas
440 407 622 456 accusationes

93 480 283 532 circumvenire
303 477 437 545 judicem,
455 477 576 527 nituntur
597 475 623 528 ei

94 557 127 606 de
146 555 244 620 iniuria
265 551 377 604 Caesaris
398 550 518 616 ingerere
541 549 625 600 timo-

95 642 160 685 rem,
177 636 202 675 et
222 625 282 674 ideo
303 622 336 672 de
358 621 411 671 hoc
436 621 521 686 magis
543 635 625 686 quam

96 697 129 747 de
155 695 283 745 omnibus
310 691 435 758 superius
455 691 536 742 diotis
563 706 626 740 eum

96 779 194 817 terrere
209 773 348 830 putantes,
363 762 525 826 clamabant,
536 762 627 812 dicen·

97 845 136 888 tes
147 855 154 887 :
165 836 198 887 Si
209 836 278 886 ltunc
288 834 410 895 dimittis,
424 834 471 901 qui
486 849 514 884 se
526 835 627 899 Regem

98 910 168 967 facit,
183 923 234 958 non
252 922 281 958 es
305 907 408 957 amicus
422 918 448 958 et
464 906 551 958 fidelis
572 906 627 956 mi-

98 980 182 1028 nister
203 977 334 1038 Caesaris,
360 976 388 1026 id
415 987 454 1028 est
478 993 533 1027 non
558 978 628 1026 zelas

99 1067 146 1116 pro
169 1051 270 1099 honore
289 1060 315 1099 et
338 1059 438 1099 statuto
461 1049 566 1100 domini
589 1049 628 1100 tui

100 1121 285 1184 custodiendo,
301 1130 327 1170 et
341 1121 401 1171 ideo
415 1120 560 1171 amicitiam
573 1120 629 1185 ejus

98 1193 213 1242 amittes.
238 1191 331 1240 Omnis
347 1191 415 1241 euim
430 1191 476 1256 qui
490 1204 518 1240 se
537 1204 630 1256 regem

94 1263 176 1328 facit,
202 1262 357 1326 usurpando
380 1270 537 1326 potestatem
560 1259 629 1320 sibi,

100 1333 261 1384 contradicit
300 1333 415 1383 Caesari.
457 1334 632 1398 Imperatores

101 1406 172 1456 enim
187 1403 302 1456 Romani
318 1405 484 1455 abstulerant
502 1420 517 1455 a
532 1403 632 1454 ludaeis

102 1480 202 1545 regiam
218 1478 388 1544 dignitatem,
400 1488 426 1528 et
448 1478 508 1529 ideo
524 1479 571 1544 qui
587 1477 633 1528 in-

103 1565 142 1602 ter
157 1551 265 1600 Judaeos
279 1547 383 1598 dicebat
398 1563 427 1598 se
439 1563 539 1614 regern,
556 1547 634 1598 vide-

103 1621 181 1669 batur
197 1618 282 1668 facere
297 1628 389 1667 contra
403 1617 573 1684 Imperatoris
587 1633 634 1668 or-

104 1689 278 1749 dinationem,
308 1687 367 1738 sine
395 1689 471 1753 cujus
499 1703 634 1738 consensu

105 1776 160 1809 non
177 1760 280 1809 solebat
299 1759 361 1825 quis
384 1760 463 1809 titulo
487 1759 527 1810 uti
551 1760 634 1826 regio.

105 1833 165 1882 llaec
195 1831 266 1880 enim
295 1832 432 1896 potestatis
454 1840 496 1882 est
525 1842 636 1882 terrenae

106 1912 216 1962 natura,
243 1903 317 1967 quod
346 1917 399 1952 una
424 1913 464 1954 est
490 1902 636 1969 impatiens

106 1973 236 2024 consortii
264 1973 397 2038 aliarum,
423 1976 496 2026 unde
524 1986 549 2026 et
577 1976 637 2026 ideo

106 2045 194 2094 Caesar
206 2059 261 2094 non
277 2045 425 2110 patiebatur
445 2047 529 2097 alium
546 2047 638 2096 domi-

107 2115 174 2164 nari.
203 2114 254 2166 Ubi
288 2115 500 2183 chrysostomus
528 2135 536 2168 :
564 2135 578 2164 u
607 2118 639 2167 Et

107 2189 180 2238 unde
197 2188 302 2239 habetis
323 2182 508 2242 demonstrare
531 2192 604 2242 hoc:
623 2206 639 2241 a

107 2276 235 2326 purpura,
260 2276 276 2311 a
296 2261 454 2322 diademate,
478 2278 494 2313 a
516 2262 600 2324 curia,
624 2278 639 2314 a

109 2331 261 2382 militibus?
296 2332 392 2383 Nonne
424 2335 499 2385 solus
534 2349 640 2400 semper

109 2417 170 2451 cum
190 2402 333 2468 discipulis
347 2403 497 2466 incedebat,
510 2421 556 2470 per
577 2422 640 2455 om-

108 2473 152 2522 nia
176 2473 262 2523 viliter
286 2474 428 2535 transiens,
453 2486 479 2527 et
501 2478 592 2528 cibum
615 2486 642 2528 et

107 2543 227 2592 scholam
246 2553 273 2593 et
296 2545 516 2598 habitationem?
540 2567 554 2596 a
584 2548 642 2598 haec

108 2613 328 2680 Chrysostomus.
344 2617 411 2667 Cum
424 2626 512 2669 autcm
533 2620 643 2671 Pilatus

107 2682 239 2733 audiisset
264 2685 353 2735 minas
373 2688 426 2737 sibi
441 2689 535 2739 inferri
555 2705 570 2740 a
591 2706 642 2756 po-

109 2755 173 2819 pulo
214 2753 246 2803 de
284 2753 473 2820 indignatione
506 2759 641 2821 Caesaris,

107 2826 194 2876 adhuc
208 2826 268 2892 plus
287 2827 387 2878 timuit.
401 2830 479 2891 Nam,
492 2833 642 2882 secundum

106 2898 299 2964 Augustinum,
315 2915 370 2949 non
385 2900 424 2950 sic
439 2901 526 2966 potuit
539 2903 642 2954 Pilatus

107 2979 277 3019 contemnere
294 2969 423 3020 Caesarem
441 2983 576 3023 auctorem
591 2990 642 3041 po-

106 3043 208 3092 testatis
223 3058 287 3103 suae,
298 3045 529 3109 quemadmodum
544 3047 643 3112 Legem

108 3114 196 3178 gentis
213 3114 315 3165 alienae.
336 3116 450 3168 Timens
466 3132 530 3184 ergo
551 3120 644 3170 Caesa-

109 3201 176 3247 rem,
191 3195 217 3236 et
238 3203 292 3237 non
315 3189 417 3240 audens
440 3189 523 3240 etiam
548 3206 644 3242 secun-

108 3259 175 3308 dum
193 3259 336 3311 minimam
360 3265 545 3329 apparentiam
560 3264 645 3316 facere

110 3342 201 3382 contra
214 3334 274 3398 ejus
292 3335 434 3396 honorem,
456 3338 577 3388 adduxit
594 3339 644 3389 Je-

110 3416 168 3450 sum
185 3402 284 3467 suras,
313 3415 386 3456 extra
415 3407 591 3472 praetorium,
619 3415 646 3460 et

107 3473 179 3522 sedit
188 3489 241 3537 pro
259 3474 398 3540 tribunali,
420 3477 448 3526 id
462 3488 503 3529 est
523 3489 583 3530 ante
600 3480 646 3530 tri-

107 3543 191 3592 bunal
203 3545 246 3594 vel
267 3544 295 3594 in
320 3545 468 3611 tribunali;
486 3565 550 3600 narn
575 3551 645 3617 apud

107 3613 221 3663 Graecos
249 3615 306 3665 haec
319 3618 473 3683 praepositio
484 3633 539 3686 pro
548 3658 558 3683 ,
575 3620 646 3672 idem

108 3693 149 3732 est
170 3684 243 3748 quod
256 3694 318 3735 ante
331 3687 373 3736 vel
388 3687 427 3752 in,
441 3687 494 3740 hoc
510 3699 552 3741 est
579 3691 648 3741 sedit

111 3753 138 3802 in
151 3754 210 3803 loco
225 3754 297 3806 sedis
312 3756 440 3821 judicare,
456 3775 503 3811 seu
525 3762 559 3812 ad
573 3761 647 3827 judi-

108 3827 234 3890 candum,
248 3829 321 3894 quod
337 3839 379 3880 est
396 3831 517 3884 officium
529 3833 648 3886 sedentis

111 3898 146 3952 in
178 3901 318 3955 tribunali.
348 3904 395 3958 Est
426 3905 500 3956 enim
530 3907 666 3960 tribunal

378 289 552 344 SECUNDAE
568 289 691 340 PARTIS
706 290 823 342 CAPUT
839 287 918 340 LXll.

677 405 753 455 sedes
777 402 918 470 judicum,
939 401 1009 454 sicut
1030 402 1148 453 thronus
1164 402 1205 454 vel

678 475 778 526 solium
806 489 939 539 regnum,
961 482 988 523 et
1013 473 1141 524 cathedra
1159 473 1206 524 do-

678 560 790 600 ctorum.
813 549 846 598 Et
869 546 968 596 dicitur
992 547 1128 608 tribunal,
1145 546 1206 614 quia

678 620 748 686 apud
771 619 911 668 Romanos
924 616 1025 667 tribuni
1041 633 1134 668 causas
1147 632 1206 684 par-
1249 612 1253 657 ἶ

679 691 801 741 ticulares
822 687 1014 749 decernebant,
1041 687 1106 738 dicti
1127 703 1142 738 a
1163 686 1208 738 tri-

679 761 768 810 bubus
782 757 882 824 quibus
891 755 1208 823 praeponebantur..Sedit

679 849 762 893 vero,
790 834 816 883 in
847 831 905 882 loco
934 831 980 896 qui
1001 831 1103 882 dicitur·
1123 831 1209 882 Graes
1252 876 1255 883 .

680 901 880 981 hthdacpmcog‚
894 903 922 952 id
944 912 984 952 est
997 901 1120 967 lapidum
1144 911 1208 952 stra·

682 986 759 1036 tura,
789 977 845 1026 sive
877 975 1062 1042 pavimentum
1087 971 1210 1022 varietate

682 1049 801 1114 lapidum
822 1058 937 1099 stratum
968 1063 975 1095 2
1006 1045 1045 1095 sic
1071 1043 1210 1094 dictuma

682 1116 774 1194 llice,
791 1120 864 1186 quod
881 1129 920 1170 est
939 1116 1018 1183 lapis,
1037 1126 1063 1166 et
1077 1110 1209 1192 captarit,

684 1192 757 1258 quod
779 1201 820 1241 est
847 1200 970 1246 stratura.
1000 1203 1047 1238 seu
1073 1187 1212 1252 pavimen-

684 1273 757 1325 tum;
774 1262 838 1328 quia
862 1262 907 1312 ille
927 1263 1001 1311 locus
1017 1257 1133 1309 diversis
1146 1256 1213 1324 lapi·

685 1335 766 1385 dibus
793 1345 849 1386 crat
875 1333 1082 1397 pavimentatus‚
1110 1328 1137 1381 et
1163 1337 1215 1381 erat

686 1420 748 1459 ante
764 1410 877 1459 domum
894 1406 983 1458 Pilati.
1006 1406 1038 1455 Et
1055 1405 1130 1455 idem
1144 1405 1215 1454 locus

687 1481 785 1530 dicitur
807 1479 942 1531 Hebraicc
965 1476 1117 1538 Gabbatlra,
1136 1475 1216 1525 idest

687 1550 773 1609 collis,
790 1550 845 1600 sive
860 1548 1021 1605 sublimitas,
1036 1561 1070 1596 ex
1085 1556 1218 1596 coacerva⁴

688 1618 762 1669 tione
776 1620 912 1686 lapidum,
929 1618 993 1684 quia
1010 1617 1086 1666 locus
1096 1614 1150 1666 fuit
1160 1613 1217 1665 sub
1263 1620 1265 1637 ¹

688 1692 763 1743 limis
785 1693 859 1743 vario
882 1692 969 1758 lapide
992 1698 1100 1750 stratus,
1121 1689 1217 1754 inquo
1261 1690 1265 1749 ᾖ

689 1762 808 1813 tribunal
834 1773 897 1814 erat.
922 1763 995 1812 Erat
1019 1766 1109 1810 autem
1129 1760 1220 1810 Para·

689 1848 773 1897 sceva,
799 1833 826 1883 id
852 1844 893 1885 est
918 1833 1077 1900 praeparatio
1104 1829 1221 1888 Pascha,

691 1906 758 1956 liora
773 1907 852 1972 quasi
874 1913 964 1958 sexta.
989 1903 1089 1955 Graecis
1113 1898 1223 1953 admixti

690 1976 775 2026 Judaei
791 1977 890 2027 Gtaecis
903 1977 996 2027 crebro
1010 1975 1159 2024 utebantur
1178 1985 1225 2022 vo·

692 2049 803 2100 tabulis.
828 2044 995 2125 [tepuisset]
1024 2055 1116 2096 autern
1138 2045 1227 2095 Graece

692 2121 789 2171 dicitur
804 2119 962 2185 praeparatio
976 2117 1079 2176 Latine.
1094 2117 1140 2166 Sic
1150 2114 1226 2165 dice-

692 2196 771 2245 batur
785 2193 850 2244 feria
862 2203 944 2252 sexta,
959 2191 1024 2257 quia
1033 2191 1062 2240 in
1074 2205 1106 2241 ea
1120 2202 1225 2256 proepa·

693 2268 787 2317 rabant
811 2264 958 2314 necessaria
984 2279 1032 2328 pro
1053 2262 1176 2322 sabbato,
1196 2259 1225 2311 in

693 2356 748 2407 quo
773 2337 876 2404 aliquid
900 2336 1030 2402 decoqui,
1054 2336 1098 2386 vel
1121 2330 1225 2400 operari

695 2427 750 2461 non
767 2408 879 2471 licebat3
893 2407 962 2457 sicut
974 2416 1000 2457 et
1012 2406 1042 2455 in
1054 2406 1161 2456 deserto
1179 2404 1228 2455 du·
1263 2445 1265 2453 .

695 2485 756 2550 pler
784 2494 884 2530 manna
907 2478 973 2529 feria
1000 2486 1093 2536 sexta,
1120 2483 1228 2543 propter

697 2555 837 2605 sabbatum
850 2549 1021 2614 colligebant.
1032 2546 1138 2597 Dicitur
1147 2544 1228 2596 etiam

697 2627 764 2678 feria
780 2635 854 2676 sexta
874 2621 1041 2690 praeparatio‚
1063 2619 1129 2686 quia
1145 2615 1230 2670 iudaei

697 2696 879 2764 praeparabant
892 2710 920 2744 se
933 2693 1099 2755 mundando.
1117 2691 1152 2741 Et
1168 2704 1234 2741 con·

697 2784 763 2836 grue
785 2776 860 2822 sexta
880 2765 924 2815 die
943 2761 1110 2828 crucifigitur
1138 2758 1236 2812 Domi·

699 2855 770 2898 nus,
801 2836 866 2904 quia
891 2851 938 2902 per
967 2848 1075 2885 crucem
1103 2828 1236 2899 reparavit

700 2909 851 2968 hominem,
872 2907 920 2973 qui
939 2915 1012 2956 sexta
1026 2903 1071 2954 die
1092 2918 1108 2953 a
1123 2903 1181 2953 Deo
1195 2909 1235 2952 est

697 2982 794 3032 factus.
812 2982 891 3030 Sexta
914 2978 995 3029 etiam
1017 2977 1085 3026 hora
1098 2972 1234 3025 Dominus

697 3068 745 3118 pro
773 3049 885 3101 homine
913 3057 953 3098 est
980 3044 1143 3105 crucifixus,
1169 3041 1233 3110 quia

697 3132 771 3173 sexta
787 3121 855 3170 hora
870 3119 955 3168 homo
976 3116 1004 3167 in
1029 3125 1171 3182 peccatum
1192 3120 1234 3164 est

697 3194 797 3258 lapsus.
813 3191 892 3250 Nam,
903 3198 934 3239 ut
945 3187 1010 3237 dicit
1023 3187 1232 3252 Hieronymus:

696 3265 784 3323 «Qua
801 3262 868 3311 hora
887 3261 992 3326 primus
1011 3259 1098 3309 Adam
1114 3266 1232 3308 mortem

682 3328 833 3402 'peccando
852 3332 969 3391 induxit,
985 3331 1077 3381 eadem
1095 3329 1164 3380 hora
1186 3343 1233 3380 se·

697 3408 803 3458 cundus
833 3406 919 3456 Adam
948 3412 1062 3455 mortem
1090 3402 1234 3455 moriendo

699 3476 839 3529 destruxit.
866 3494 880 3523 n
909 3476 988 3525 Sexta
1011 3488 1122 3540 quoque
1148 3472 1232 3532 hora,

700 3565 754 3616 qua
768 3547 853 3613 major
871 3547 959 3598 fervor
974 3546 1027 3596 diei
1047 3555 1097 3605 est,
1112 3541 1233 3616 crucifigi

701 3621 804 3685 voluit3
827 3621 861 3671 ad
887 3618 1084 3670 ostendendum
1108 3616 1184 3683 quod
1203 3626 1234 3665 ex

700 3709 800 3762 magno
814 3693 918 3744 fervore
938 3691 1055 3742 caritatis
1074 3704 1171 3757 passus
1190 3686 1234 3741 sit.

701 3764 780 3817 Tunc
795 3764 897 3816 Pilatus
914 3761 993 3827 jussit
1009 3762 1102 3813 Jesum
1117 3759 1178 3812 sisti
1192 3758 1235 3825 ju-

702 3835 783 3898 dicio,
808 3844 835 3887 et
853 3835 972 3901 allegans
987 3846 1036 3900 pro
1053 3831 1112 3898 ejus
1134 3830 1236 3882 libera·

703 3907 786 3971 tione,
802 3907 876 3959 dixit
888 3906 1003 3968 Judaeis,
1018 3903 1097 3972 quasi
1106 3901 1235 3955 eossub·
