2626 4328
226 237 274 288 DE
290 236 401 289 PRIMO
416 237 684 302 COMPLETORIO,
701 241 735 291 IN
753 243 924 298 PASSIONE
939 248 1075 300 DOMINI.

100 373 263 425 nequaquam
278 360 470 420 discernerent.
483 372 550 413 tunc
563 362 626 414 duci

99 443 120 478 se
143 429 278 494 permisit.
299 431 378 481 Unde
402 431 513 493 dicitur,
531 433 629 484 cohors

44 492 47 547 l
98 513 165 564 ergo,
183 499 315 562 militum,
330 509 357 552 et
370 503 504 564 tribunus,
521 503 569 570 qui
588 504 628 554 eis

44 610 47 635 2
97 582 212 635 preerat,
231 580 258 624 et
271 574 391 625 ministri
404 575 571 640 ludaeorum,
583 592 628 626 ac·

44 640 47 659 ¹
96 655 239 708 cesserunt,
268 647 339 698 sicut
368 647 425 714 lupi
454 649 486 699 ad
516 665 626 716 agnum,

96 717 257 769 unanimiter
271 730 298 770 et
309 719 475 786 impetuose3
492 731 517 772 et
532 736 627 773 manus

44 834 46 851 ,
96 788 235 855 sacrilegas
252 789 401 856 injecerunt
415 791 442 842 in
458 793 551 842 ,Iesum
564 807 626 843 om-

97 857 168 908 nium
195 859 379 920 Salvatorem,
403 861 580 913 irreverenter
600 872 626 913 et

96 926 228 992 indebite;
257 936 285 981 et
311 937 451 982 tenuerunt
473 945 541 993 eum,
566 933 625 999 ipso

44 992 48 1037 ’τ
96 1000 264 1064 permittente
288 1018 296 1051 :
318 1003 427 1068 quando
446 1003 520 1053 enim
539 1005 626 1056 voluit

96 1079 179 1120 tentus
200 1080 251 1134 est,
273 1081 300 1122 et
317 1087 372 1122 non
390 1082 461 1133 ante,
475 1084 501 1124 et
520 1074 559 1126 sic
574 1075 626 1126 fuit

44 1134 46 1173 Ξ
97 1146 240 1210 captivatus
259 1148 368 1214 propria
384 1149 528 1200 voluntate.
544 1151 623 1216 Nam,

97 1227 121 1266 ut
133 1218 197 1268 dicit
222 1219 376 1285 Remigius,
395 1219 548 1286 frequenter
561 1237 623 1273 eum

98 1288 320 1353 comprehendere
332 1290 489 1352 voluerunt,
508 1293 554 1342 sed
570 1309 624 1343 non

98 1368 247 1423 potuerunt,
272 1359 344 1411 sicut
364 1377 413 1412 nec
430 1377 503 1412 nunc
518 1364 624 1428 potuis-

96 1440 156 1491 sent,
170 1429 224 1480 nisi
237 1430 295 1497 ipse
307 1432 446 1484 voluisset.
461 1433 535 1484 Sicut
550 1434 622 1485 enim

44 1538 48 1557 ‚
96 1513 134 1550 eos
150 1501 209 1550 solo
224 1502 309 1552 verbo
334 1504 490 1568 prostravit3
513 1505 551 1555 sic
566 1505 623 1556 solo

44 1568 47 1633 ξ
96 1573 168 1623 verbo
192 1588 241 1624 eos
271 1574 382 1642 fugare,
410 1579 451 1628 vel
473 1579 623 1629 annihilare

97 1646 234 1710 potuisset,
250 1648 274 1697 si
290 1649 429 1701 voluisset.
445 1651 483 1701 Ex
503 1666 558 1717 quo
572 1667 623 1718 pa-

44 1732 47 1783 3
96 1725 125 1766 tet
136 1716 286 1768 obstinatio
300 1734 404 1780 eorum,
419 1720 484 1787 quia
500 1738 556 1772 non
568 1721 623 1772 fue·
643 1703 650 1754 Ι

96 1799 152 1838 runt
165 1789 253 1839 aversi
274 1805 289 1840 a
309 1805 359 1841 suo
375 1793 455 1851 malo,
469 1792 535 1843 visis
549 1808 622 1859 prae-

95 1857 164 1908 dictis
173 1858 262 1925 signis
269 1875 276 1922 ;
287 1861 333 1910 sed
345 1862 431 1928 magis
440 1863 622 1915 attribuebant

44 1942 46 1969 =
94 1928 191 1979 artibus
204 1929 328 1996 magicis.
343 1931 438 1999 Cogita
453 1932 498 1983 hic
511 1934 620 2001 quodsi

94 2005 189 2065 poenale
200 2003 363 2055 estcuilibet
378 2006 483 2056 homini
493 2007 562 2073 capi,
572 2024 621 2074 pro

93 2073 206 2138 eoquod
229 2089 278 2139 per
292 2075 470 2141 captivitatem
492 2077 621 2129 adimitur

94 2140 194 2194 homini
220 2144 353 2196 libertas:
371 2157 426 2197 tam
446 2148 620 2210 conditionis,

93 2213 148 2277 quia
162 2214 298 2281 redigitur
316 2216 345 2266 in
361 2217 517 2268 servitutem
533 2219 620 2285 capti-

91 2284 201 2349 vatoris,
232 2287 382 2337 secundum
410 2288 483 2354 leges
509 2288 620 2354 civiles,

91 2369 166 2419 quam
181 2354 308 2415 actionis,
323 2356 387 2423 quia
401 2368 492 2423 captus
507 2374 560 2409 non
576 2375 621 2425 po·

92 2434 137 2475 test
150 2425 238 2476 facere
248 2428 322 2492 quod
336 2429 409 2490 vult;
422 2438 523 2494 quanto
534 2431 620 2496 magis

93 2496 189 2558 paenale
207 2495 261 2546 fuit
275 2495 395 2556 Christo,
410 2498 458 2562 qui
474 2508 514 2548 est
530 2499 621 2549 Domi·

92 2584 138 2620 nus
151 2570 213 2621 coeli
227 2580 254 2621 et
269 2580 355 2632 terrae,
376 2581 402 2621 et
418 2587 499 2638 quem
514 2575 573 2624 coeli
593 2585 619 2626 et

91 2648 154 2691 terra
176 2656 273 2707 capere
291 2657 344 2691 non
367 2652 499 2707 poterant,
514 2644 619 2697 violen-.

92 2720 173 2764 torum
193 2724 329 2780 quantum
346 2730 378 2765 ex
403 2725 476 2781 parte
495 2717 617 2781 ipsorum

91 2793 148 2842 erat,
171 2784 297 2834 manibus
321 2785 378 2850 capi
399 2796 426 2835 et
448 2786 551 2837 teneri!
580 2788 619 2838 Ex

93 2849 138 2902 boc
152 2854 267 2904 articulo
290 2855 424 2906 habemus
447 2859 548 2908 morale
568 2859 618 2908 do-

94 2932 261 2985 cumentum,
294 2927 366 2991 quod
395 2927 466 2977 sicut
492 2927 618 2980 Christus

95 3005 176 3045 amore
190 2997 278 3047 nostri
296 2999 472 3065 semetipsum
490 3001 617 3052 volunta-

96 3061 127 3112 rie
139 3067 246 3118 tradidit
260 3069 394 3135 captivum
409 3070 526 3134 Judaeis3
541 3071 617 3123 sicet

96 3148 135 3185 uos
149 3152 198 3202 pro
213 3140 271 3205 ejus
283 3155 375 3190 amore
387 3141 519 3208 nosipsos,
535 3141 562 3193 id
577 3154 618 3194 est

96 3218 179 3259 omnes
193 3224 290 3261 sensus
309 3223 418 3263 nostros
434 3214 565 3264 debemus
579 3230 618 3266 ca-

1161 252 1215 321 487

685 355 774 423 ipsum
788 360 866 412 debet
877 363 1021 429 captivare,
1038 381 1072 416 ne
1087 377 1216 434 sequatur

684 433 916 499 concupiscentias
929 438 1027 499 carnis,
1041 449 1067 490 et
1080 443 1216 494 sensuali-

683 502 745 551 tatis
766 504 915 570 appetitum
935 508 967 558 ad
990 509 1084 560 nociva
1101 512 1214 564 trahen-

680 580 744 622 tem.
763 573 816 624 Cor
838 575 919 627 etism
939 578 1087 644 captivetur
1102 595 1118 631 a
1136 583 1215 637 malis

682 641 909 710 cogitationibus3
928 646 1077 700 intellectus
1089 650 1123 701 ab
1136 667 1214 703 erro-

680 713 737 761 neis
751 714 875 766 sensibus
891 728 916 767 et
930 717 1005 769 falsis
1023 720 1212 786 dogmatibus;

679 784 805 836 voluntas
819 788 852 837 ab
871 790 1000 841 omnibus
1022 807 1038 843 a
1056 793 1148 844 divina
1161 810 1213 846 vo·

679 856 782 910 luntate
799 860 1025 929 discrepantibus.
1043 866 1121 918 Unde
1134 869 1211 934 Apo-

678 930 786 981 stolus:
802 932 834 982 In
855 935 1036 998 captivitatem
1056 938 1211 1004 redigentes

677 1015 778 1053 omnem
807 1004 977 1071 intellectum,
1003 1009 1030 1058 in
1058 1011 1210 1076 obsequium

678 1073 782 1126 Christi
788 1093 798 1138 ,·
811 1077 857 1127 ubi
873 1093 920 1143 per
929 1094 1031 1131 omnem
1048 1082 1209 1135 intellectum

678 1159 793 1212 possunt
807 1163 903 1198 omnes
916 1165 1019 1213 sensus,
1035 1162 1062 1202 et
1075 1153 1144 1205 vires
1155 1155 1211 1205 ani·
1298 1144 1301 1149 ¹

677 1232 728 1266 mre
743 1217 775 1266 ad
794 1219 978 1283 operationem
994 1221 1146 1274 intellectus
1160 1227 1210 1276 de-

677 1286 824 1337 servientes
849 1288 944 1354 accipi.
968 1318 998 1328 —
1024 1291 1103 1342 Aliud
1125 1295 1210 1345 docu-

678 1367 800 1407 mentum
816 1369 856 1408 est
878 1359 941 1409 huic
955 1376 1121 1427 connexum,
1136 1366 1210 1430 quod

677 1427 760 1478 homo
779 1428 896 1479 libenter
915 1431 995 1481 debet
1016 1447 1074 1482 esse
1089 1435 1210 1499 captivus

676 1501 788 1562 Christi,
801 1513 831 1552 ut
841 1513 956 1554 mortem
967 1505 1059 1556 evadet
1071 1516 1207 1559 aeternam.

676 1572 752 1623 Sicut
764 1575 838 1625 enim
859 1575 943 1624 homo
957 1576 986 1626 in
1007 1577 1070 1626 belli
1090 1577 1209 1644 periculo

675 1645 849 1707 constitutus,
874 1646 987 1698 libenter
1010 1649 1056 1700 dat
1081 1665 1109 1700 se
1128 1650 1208 1703 alicui
1271 1647 1276 1657 '

675 1716 761 1766 nobili
774 1728 800 1767 et
809 1717 928 1783 benigno
939 1718 1050 1769 domino
1063 1721 1207 1787 captivum,

674 1801 707 1835 ne
721 1787 755 1836 ab
769 1787 830 1838 aliis
844 1787 977 1839 ferocibus
995 1790 1145 1855 occidatur3
1169 1793 1209 1844 sic

674 1871 724 1905 nos
746 1857 776 1908 in
791 1858 840 1908 hac
859 1858 915 1909 vita
929 1858 998 1909 sicut
1017 1860 1045 1911 in
1061 1862 1131 1912 bello
1146 1879 1208 1914 con·

674 1927 771 1989 stituti‚
787 1928 852 1994 quia
866 1930 965 1980 militia
986 1938 1027 1981 est
1049 1932 1105 1982 vita
1120 1933 1205 1984 homi·

673 1999 716 2048 nis
739 2013 821 2065 super·
845 2006 965 2063 terram,
996 2003 1134 2053 tradamus
1156 2020 1206 2055 nos

674 2069 793 2134 benigno
807 2070 926 2120 Domino
944 2071 1053 2122 Christo
1077 2075 1205 2139 captivos,

673 2141 721 2207 qui
744 2151 797 2192 non
822 2153 861 2194 est
883 2144 1015 2195 Dominus
1031 2152 1205 2208 mortuorum,

673 2211 722 2262 sed
735 2213 875 2277 vivorum‚·
889 2229 924 2264 ne
940 2214 973 2264 ab
990 2214 1115 2264 hostibus
1127 2226 1206 2266 aeter-

673 2298 706 2333 na
732 2295 820 2335 morte
843 2283 970 2334 ferociter
991 2284 1154 2335 occidamur.
1176 2287 1205 2335 ln

672 2357 814 2405 recolendo
830 2355 904 2405 hunc
915 2355 1059 2405 articulum
1079 2357 1205 2422 recogitet

673 2425 765 2484 homo,
790 2440 819 2475 se
842 2425 919 2491 quasi
936 2426 963 2476 in
987 2441 1084 2491 campo
1109 2427 1205 2478 bellico

672 2512 733 2546 curn
749 2496 875 2547 hostibus
885 2498 1054 2559 conclusum,
1066 2513 1115 2548 nec
1127 2513 1206 2563 posse

672 2569 782 2619 evadere
805 2569 953 2635 potentiam
978 2570 1205 2634 adversariorum,

672 2642 699 2691 id
727 2655 768 2694 est
790 2644 955 2705 daemonum,
983 2644 1036 2696 nisi
1063 2660 1092 2695 se
1118 2645 1204 2696 tradat

672 2713 781 2764 Christo
810 2715 1006 2781 benignissimo
1033 2715 1152 2765 Domino
1174 2715 1203 2766 in

671 2784 829 2834 servitutem
846 2785 995 2849 captivum
1011 2795 1038 2834 et
1058 2785 1098 2835 sic
1113 2784 1204 2850 aliquo
1289 2811 1293 2820 ·

671 2864 749 2917 gestu
760 2855 881 2920 corporis
892 2856 978 2905 tradat
990 2870 1017 2904 se
1032 2864 1118 2904 totum
1129 2854 1204 2904 Chri-

672 2937 714 2976 sto
743 2927 888 2992 captivum,
914 2928 1042 2985 clamans,
1064 2936 1090 2975 et
1109 2925 1202 2976 dicens
1276 2992 1278 2997 Ι

670 2997 702 3048 ad
717 3013 779 3047 eum
793 2997 889 3058 tissa,¹
900 2997 946 3063 qui
959 3012 977 3046 o
990 2995 1097 3045 Judaeis
1108 3001 1202 3059 sponte

671 3071 732 3136 copi
763 3077 789 3121 et
821 3070 905 3121 teneri
930 3068 1047 3130 voluisti,
1077 3067 1112 3117 da
1136 3068 1202 3120 mihi

670 3157 760 3193 omnes
770 3155 865 3192 sensus
874 3141 997 3206 viresque
1008 3140 1034 3190 in
1048 3140 1200 3206 obsequium
1222 3152 1225 3160 ⁴

672 3221 745 3264 tuum
756 3212 865 3280 jugiter
879 3212 1025 3279 captivare,
1041 3218 1070 3262 ut
1084 3226 1101 3261 a
1116 3219 1202 3263 morte

44 3278 46 3283 '
97 3278 186 3340 privare
201 3283 231 3332 in
252 3285 415 3351 obsequium
439 3286 551 3348 Christi,
572 3288 616 3338 vi·
666 3288 799 3349 perpetuo
813 3281 931 3334 bonitate
945 3289 991 3333 tua
1004 3296 1109 3333 mereor
1123 3297 1202 3349 prae-

44 3386 46 3423 ;
97 3349 178 3406 delicet
203 3372 210 3406 :
236 3366 267 3407 ut
291 3358 362 3409 oculi
387 3360 556 3425 captiventur
576 3361 617 3410 ab

44 3466 46 3477 ,
98 3419 179 3476 illicito
192 3428 264 3488 visu,
279 3445 358 3481 aures
381 3447 396 3482 a
416 3432 498 3482 noxio
512 3433 616 3494 auditu,

44 3500 46 3513 '
97 3489 175 3559 lingua
188 3498 222 3549 ab
236 3499 331 3551 otiosis
346 3513 372 3552 et
386 3502 489 3553 nocivis
504 3503 617 3553 locutio-

44 3610 46 3627 ,
98 3562 182 3628 nibus,
204 3585 302 3621 manus
331 3588 346 3623 a
373 3573 453 3624 malis
479 3574 616 3640 operibus,

98 3635 192 3696 podera
210 3656 280 3691 vano
296 3653 323 3692 et
335 3658 404 3708 vago
419 3643 535 3705 incessu,
555 3661 617 3696 ma-

44 3718 47 3793 p
96 3705 157 3760 xime
182 3714 215 3763 ad
247 3717 422 3780 peccandum.
447 3717 616 3770 sicutenim

44 3798 47 3843 p
97 3777 207 3834 Christus
229 3784 282 3837 fuit
306 3787 463 3854 captivatus,
491 3804 524 3841 ne
554 3805 610 3856 quo

44 3850 47 3869 '
97 3851 163 3902 vellet
184 3865 275 3920 posset
299 3858 388 3924 abire;
413 3858 453 3910 sic
472 3859 556 3911 homo
571 3876 617 3912 se-

147 3969 214 4026 Vrrn
231 3973 297 4024 Jrsu
313 3973 538 4039 Cnn1sr1,rouus
555 3977 602 4030 1V.

669 3371 784 3407 servari.

703 3426 736 3477 23
755 3427 815 3478 Cun
832 3426 954 3478 Doutnus
972 3441 1095 3477 vrucuus
1113 3440 1204 3476 nroaar

670 3498 791 3550 vonurr?
805 3528 835 3537 -
853 3499 985 3550 Tenentes
998 3508 1086 3548 autem
1101 3498 1203 3560 Jesum,

671 3572 764 3623 dulces
791 3573 852 3624 illas
879 3589 976 3623 manus
997 3587 1060 3622 suas
1086 3569 1205 3622 vinculis

673 3645 856 3705 strinxerunt,
896 3651 922 3696 et
956 3644 1111 3710 ligaverunt
1144 3658 1202 3693 eum

672 3715 856 3781 ignominiose
886 3714 964 3781 quasi
995 3715 1149 3773 latronem,
1177 3724 1204 3763 et

671 3798 759 3837 morte
773 3785 896 3852 dignum,
919 3799 934 3834 a
954 3799 1009 3849 quo
1025 3783 1115 3848 potius
1136 3782 1205 3833 solvi

671 3857 739 3912 velle
754 3856 916 3917 debuerunt,
933 3855 999 3921 quia
1017 3855 1142 3906 omnium
1159 3868 1207 3904 ve-

1095 3967 1114 4020 ‘b
