2626 4328
209 210 389 269 QUOMODO
406 208 568 259 DOMINUS
584 206 763 258 APPARUIT
780 205 908 256 TRIBUS
923 205 1050 257 MARIIS.
1131 204 1182 272 687

67 326 121 377 cito
140 343 201 377 eum
218 344 256 388 ea,
280 329 313 379 de
327 333 501 390 monumento,
517 327 598 378 idest
622 328 628 340 '
651 334 707 375 erat
722 323 750 374 in
764 323 804 373 eis
824 324 942 383 affectus,
957 322 1059 374 scilicet
1075 339 1082 373 ι
1098 323 1182 372 timo-

69 399 180 448 deloco
206 410 267 450 ante
293 411 510 461 monumentum,
540 414 598 450 cum
651 400 698 460 ris,
713 410 738 450 et
752 399 860 466 gaudii,
876 400 942 449 alter
954 399 987 448 de
998 397 1185 464 magnitudine

70 468 164 519 timore
183 476 209 519 et
221 471 325 536 gaudio
339 486 446 537 magno,
463 476 599 521 curreutes
653 472 786 534 miraculi,
804 473 871 522 alter
891 487 923 522 ex
937 471 1070 521 desiderio
1092 485 1183 521 resur-

69 541 194 591 nuutiore
211 541 267 591 haec
286 542 428 607 discipulis
442 541 554 592 Domini
567 543 599 593 de
652 541 747 609 gentis,
762 551 788 592 et
801 552 915 608 uterque
928 557 1050 609 gressum
1065 535 1192 592 concita-.

68 610 135 675 ips0.
158 613 271 677 Duplex,
292 613 441 663 secundum
463 614 598 678 Glossam,
653 617 697 666 bat
710 614 867 666 femineum.

555 838 690 890 ORATIO

99 1035 123 1084 Ο
138 1033 260 1099 piissime
273 1034 397 1095 Domine,
413 1050 429 1084 o
444 1034 600 1085 dulcissime
615 1034 750 1100 Magister,
766 1049 850 1100 quam
871 1034 960 1084 bonus
986 1049 1014 1084 es
1029 1043 1059 1084 tu
1075 1034 1119 1085 his
1133 1033 1181 1101 qui

68 1116 138 1155 recto
160 1114 226 1154 sunt
239 1104 326 1164 corde,
343 1121 424 1171 quam
440 1106 529 1155 suavis
544 1105 589 1154 his
604 1105 651 1171 qui
667 1105 786 1170 diligunt
800 1102 843 1154 te!
868 1104 891 1154 O
912 1119 994 1170 quam
1015 1103 1105 1154 felices
1122 1114 1188 1154 sunt

68 1179 116 1243 qui
130 1187 254 1243 quaerunt
268 1188 301 1238 te,
317 1188 342 1228 et
357 1194 439 1245 quam
454 1179 524 1229 beati
542 1177 591 1243 qui
607 1188 715 1243 sperant
730 1177 756 1227 in
772 1175 815 1228 te!
831 1177 933 1227 Verum
951 1185 1020 1226 certe
1040 1185 1089 1236 est,
1110 1177 1184 1242 quod

68 1259 98 1299 tu
117 1249 208 1314 diligis
224 1265 318 1300 omnes
340 1251 481 1315 diligentes
504 1260 538 1310 te,
560 1259 586 1300 et
608 1265 747 1316 nunquam
768 1248 933 1315 derelinquis
954 1259 1089 1314 sperantes
1105 1248 1132 1297 in
1147 1257 1182 1300 te.

70 1320 136 1370 Ecce
154 1320 226 1370 enim
250 1321 306 1371 haec
320 1321 443 1371 dilectrix
458 1331 503 1370 tua
519 1320 678 1387 simpliciter
693 1321 832 1388 quaerebat
851 1329 885 1380 te,
900 1329 925 1370 et
938 1320 1066 1370 veraciter
1082 1319 1185 1369 invenit

70 1402 104 1441 te.
122 1391 249 1456 Sperabat
264 1391 292 1440 in
314 1401 348 1451 te,
364 1402 389 1442 et
406 1408 461 1441 non
478 1401 518 1442 est
539 1391 665 1443 derelicta
684 1402 752 1454 ate;
775 1391 821 1441 sed
840 1391 901 1456 plus
918 1401 958 1441 est
977 1401 1119 1440 consecuta
1137 1405 1184 1456 per

68 1471 104 1521 te,
119 1477 200 1527 qua-m
215 1472 377 1527 exspectaret
392 1479 406 1513 a
421 1473 455 1514 te.
471 1464 590 1514 Obsecro
604 1478 667 1528 ergo
683 1472 718 1526 te,
734 1461 859 1523 Domine,
882 1461 915 1511 da
942 1461 1011 1512 mihi
1027 1462 1138 1527 diligere
1157 1471 1186 1512 et

68 1549 188 1600 quaerere
209 1546 243 1596 te,
259 1551 287 1586 ac
306 1551 413 1602 sperare
429 1538 457 1587 in
473 1547 506 1596 te,
529 1545 559 1586 ut
572 1545 599 1586 et
612 1551 661 1603 ego
675 1551 690 1586 a
706 1544 731 1585 te
745 1535 832 1603 diligi,
847 1543 874 1586 et
888 1545 914 1585 te
927 1534 1048 1587 invenire
1072 1549 1183 1595 merear,

67 1615 93 1654 et
107 1621 121 1656 a
136 1615 161 1656 te
176 1622 316 1673 nunquam
331 1609 511 1674 derelinquar.
526 1609 624 1659 Amen.

451 2043 618 2113 CAPUT
646 2042 802 2112 LXXIII

187 2317 367 2404 Quomodo
391 2317 565 2387 Dominus
587 2316 754 2409 apparuit
778 2315 896 2384 tribus
918 2313 1065 2383 Mariis

288 2590 430 2653 Matthaei
451 2610 518 2673 cap.
544 2593 584 2654 28
606 2602 637 2653 et
654 2589 789 2654 Joannis
810 2611 880 2674 cap.
906 2610 957 2653 20.

103 2854 111 2887 1
135 2838 262 2887 Doumuu
276 2853 325 2888 suu
339 2854 513 2888 urrannurau
529 2854 598 2888 Iuo-

66 2926 136 2960 aiur
156 2925 296 2961 uumerus.
317 2913 433 2962 -Cum
454 2921 521 2976 ergo
540 2910 598 2961 istae

66 2990 121 3030 tres
134 2981 224 3031 MarIae
238 2981 321 3031 simul
333 2992 482 3046 pergerent,
497 2982 530 3031 de
544 2996 599 3030 mo·

67 3062 199 3101 numento
213 3052 376 3110 revertendo,
388 3061 530 3116 antequam
544 3064 599 3115 per·

65 3122 189 3172 venirent
203 3123 236 3171 ad
253 3121 405 3181 Civitatem,
429 3130 456 3171 et
477 3121 510 3171 ad
524 3122 599 3187 Apo-

66 3192 161 3250 stolos,
187 3204 246 3242 ecce
270 3191 396 3254 occurrit,
424 3200 450 3241 et
474 3191 598 3257 apparuit

64 3263 106 3312 eis
130 3264 264 3314 Dominus
278 3265 367 3314 Jesus.
387 3264 438 3315 Ubi
454 3264 598 3333 Hierony-

63 3351 123 3386 mus
136 3355 144 3387 :
157 3356 170 3384 u
183 3339 330 3404 Pergebant
343 3339 416 3388 enim
433 3339 466 3389 ad
480 3341 599 3405 Aposto-

64 3408 115 3467 los,
131 3418 162 3457 ut
175 3424 222 3473 per
246 3409 307 3459 illos
330 3408 391 3458 fidei
419 3410 597 3461 seminarium

63 3491 243 3545 spargeretur.
258 3500 272 3527 u
288 3481 354 3540 Quoe
364 3491 453 3532 autem
471 3483 510 3532 sic
521 3497 598 3548 quae-

63 3550 168 3612 rebant,
190 3567 250 3618 quae
276 3552 312 3601 ita
334 3553 485 3612 currebant,
510 3568 614 3613 mere-¹

64 3621 163 3670 bantur
190 3623 295 3672 obviam
322 3622 420 3672 habere
449 3623 597 3673 Dominum

65 3703 261 3757 resurgentem.
288 3695 330 3757 Et,
355 3702 386 3743 ut
401 3694 438 3744 ait
459 3695 597 3757 Rabanus,

67 3776 115 3827 per
133 3763 184 3813 hoc
202 3764 320 3814 ostendit
344 3780 372 3815 se
394 3764 524 3815 omnibus
549 3764 600 3816 iter

66 3833 199 3886 virtutum
213 3836 414 3898 inchoantibus,
428 3846 458 3888 ut
471 3838 504 3888 ad
524 3838 619 3893 salu--.

653 2851 708 2894 tem
735 2851 890 2909 perpetuam
914 2839 1051 2908 pervenire
1077 2846 1184 2904 queant,

652 2915 803 2978 adjuvando
824 2926 968 2964 occurrere.
991 2910 1093 2960 Blanda
1113 2922 1184 2973 quo—

653 3003 705 3054 que
728 2983 888 3035 salutatione
913 2980 1047 3031 Dominus
1070 2979 1185 3042 deiectas

652 3057 766 3122 erigens,
788 3065 814 3104 et
836 3053 917 3103 verbo
939 3049 1115 3101 consolatorio
1134 3049 1186 3100 tri-

652 3139 707 3180 stes
727 3127 870 3178 consolans
884 3123 920 3175 ait
943 3141 950 3174 z
972 3125 1067 3187 Avete,
1083 3138 1115 3172 ex
1132 3123 1187 3174 Eva

652 3200 772 3251 formans
792 3198 856 3247 Ave.
883 3195 935 3246 Ubi
960 3195 1148 3261 Hieronymus
1176 3211 1186 3246 ε

654 3289 668 3318 α
682 3272 771 3320 Primo
786 3269 915 3319 mulieres
932 3275 1069 3318 merentur
1082 3265 1185 3326 audire,

653 3349 736 3407 avete,
759 3351 790 3391 ut
810 3339 983 3407 maledictum
1006 3339 1067 3388 Evae
1088 3337 1187 3388 mulie·

653 3412 700 3471 ris,
717 3411 743 3460 in
757 3410 918 3461 mulieribus
929 3409 1085 3460 solveretur.
1098 3428 1111 3455 u
1125 3408 1186 3459 lllae

654 3488 750 3544 autem,
775 3482 845 3531 ultra
868 3496 949 3546 quam
965 3479 1017 3530 dici
1033 3491 1123 3546 posset
1137 3493 1186 3529 ex-

654 3551 783 3611 hilaratae,
798 3557 977 3615 accesserunt,
1005 3552 1108 3616 utiam
1129 3565 1187 3601 cre-

654 3622 748 3672 dentes
778 3632 804 3672 et
832 3636 879 3687 per
902 3620 983 3672 fidem
1007 3621 1185 3683 illuminatae;

654 3695 728 3761 quia,
754 3705 784 3744 ut
802 3695 840 3745 ait
858 3696 1007 3760 Apostolus
1027 3696 1187 3746 :Acceden-

656 3775 705 3818 tem
730 3772 835 3832 oportet
856 3767 1022 3830 eredere,·....
1047 3774 1073 3816 et
1098 3773 1188 3816 tenue-

654 3846 725 3902 runt,
736 3855 766 3891 ac
777 3839 936 3890 deosculatae
948 3849 1012 3890 sunt
1023 3838 1106 3904 pedes
1119 3837 1186 3903 ejus,
