2626 4328
204 222 252 274 DE
266 223 436 274 SECUNDIS
451 224 629 291 VESPERlS,
647 227 682 277 IN
701 226 871 279 PASSIONE
891 226 1029 280 DOMINI.
1062 282 1064 285 .

63 345 186 392 mortuus
200 339 297 405 deponi
310 340 429 404 voluisti,
444 347 474 391 ut
486 341 519 392 de
530 355 598 393 mor·

64 418 89 462 te
112 424 277 476 resurgeres
291 410 327 462 ad
346 411 488 463 electorum
509 412 599 479 infor·

63 483 215 547 mationem
243 485 280 535 da
292 484 365 546 mihi,
376 485 410 535 de
421 499 499 535 sacro
512 485 601 539 altari

61 561 117 618 tuo,
130 568 165 605 ae
188 555 264 605 side
289 570 342 606 ara
366 555 465 618 crucis,
493 557 600 623 Corpus

65 632 136 677 tuum
159 642 251 677 verum
266 627 349 694 digne
370 629 514 694 suscipere,
529 635 555 679 et
570 636 600 680 ut

62 696 96 747 de
111 697 165 748 liae
178 711 267 760 eruce,
283 714 362 764 qnam
382 700 487 765 suscepi
506 701 533 750 in
557 700 599 751 tui

58 771 259 838 professionem
278 773 391 835 servitii,
404 789 539 841 quousque
556 775 599 827 ui·

62 856 141 904 xero,
157 856 209 892 non
229 842 397 907 descendam,
412 844 459 894 sed
476 859 534 896 cum
551 845 600 896 tibi

60 912 199 980 placuerit
207 915 241 964 ab
250 914 299 965 hoc
311 916 468 981 corpusculo
478 924 599 982 repetere

62 984 183 1035 animam
200 999 279 1051 quam
296 985 404 1042 dedisti.
417 1001 493 1050 nunc,
512 994 537 1038 te
549 1002 599 1038 ro-

64 1060 149 1118 cante,
162 1054 197 1104 de
208 1069 287 1106 cruce
298 1055 425 1121 deponar,
439 1064 473 1119 et,
493 1064 519 1108 te
528 1057 599 1109 invi·

64 1131 146 1188 tante,
160 1125 199 1175 ad
216 1125 333 1190 requiem
348 1127 478 1192 paradisi
492 1128 599 1193 perdu-

63 1210 121 1246 car.

94 1267 108 1318 5
126 1269 267 1319 Punucrus
283 1285 317 1318 ur
331 1285 459 1320 uacnrua
486 1271 515 1322 B.
538 1273 600 1321 Ma·

62 1355 114 1390 ma
128 1356 257 1392 vraoturs.
274 1369 303 1380 -·
326 1341 388 1392 Post
402 1342 521 1409 aliquam
536 1358 600 1394 vero

63 1411 208 1470 morulam,
232 1421 307 1477 rogat
327 1412 427 1479 loseph
442 1412 599 1474 Dominam,

63 1490 92 1531 ut
115 1481 256 1546 permittat
278 1496 375 1547 corpus
405 1483 517 1533 Domini
539 1499 600 1549 per·

64 1551 141 1619 iungi
164 1568 195 1602 ac
223 1553 427 1604 linteaminibus
449 1555 550 1607 involvi
575 1566 601 1606 ct

63 1622 180 1703 sepeliri.
196 1624 255 1689 Ipsa
268 1639 332 1673 vero
346 1625 536 1686 contendebat,
552 1625 597 1675 di-

62 1707 149 1744 cens:
167 1693 268 1754 Nolite,
288 1694 367 1745 amici
393 1695 456 1756 mei,
472 1706 529 1746 tam
545 1695 600 1746 cito

65 1765 136 1816 mihi
150 1766 252 1816 Filium
268 1781 359 1821 meum
374 1767 487 1830 auferre,
500 1769 541 1819 vel
557 1784 600 1818 me

64 1852 156 1888 secum
182 1837 301 1903 sepelite.
327 1837 406 1888 Illum
427 1839 515 1890 adhuc
533 1855 600 1904 pau·

64 1909 153 1959 lulum
174 1909 319 1974 relinquite
342 1910 422 1974 mihi,
448 1921 479 1960 ut
503 1909 600 1960 faciem

64 1978 152 2046 ipsius
177 1981 280 2030 valeam
307 1981 491 2046 contemplari,
511 1991 537 2032 et
556 1981 601 2032 vi-

63 2050 152 2101 dendo
165 2051 364 2117 aliquantulum
383 2052 444 2103 inde
458 2053 599 2103 consolari.

65 2122 106 2172 llli
118 2122 245 2173 volebant
257 2137 320 2172 eum
333 2124 435 2173 tradere
445 2125 599 2189 sepulture,

65 2207 92 2248 et
108 2195 169 2262 ipsa
181 2196 287 2247 volebat
302 2212 364 2246 eum
380 2197 502 2258 retinere,
522 2197 600 2248 etsie

64 2277 121 2318 erat
135 2267 195 2319 haec
216 2267 261 2333 pia
276 2267 309 2318 lis
326 2279 351 2318 et
366 2268 518 2320 miseranda
534 2284 600 2319 con-

65 2338 150 2390 tentio
169 2338 238 2389 inter
264 2354 317 2389 eos.
333 2339 425 2389 Flebat
445 2340 490 2390 illa
512 2341 600 2406 lacry-

66 2410 120 2461 mis
134 2410 390 2462 irremediabilibus.
408 2411 494 2476 Ipsius
512 2412 600 2478 lacry-

66 2497 173 2533 marum
199 2492 274 2531 tanta
300 2482 408 2532 ubertas
436 2481 544 2542 fluebat,
570 2492 601 2532 ut

65 2570 127 2607 caro
137 2570 201 2605 cum
213 2553 310 2620 spiritu
324 2554 353 2605 in
366 2555 491 2620 lacrymis
503 2554 599 2605 resolvi

66 2635 216 2693 putaretur,
236 2624 350 2690 Rigabat
364 2624 489 2690 lacrymis
504 2624 599 2675 faciem

66 2707 93 2747 et
118 2696 283 2747 exstinctum
308 2695 371 2745 Filii
391 2695 433 2746 sui
457 2711 562 2762 corpus,
575 2708 601 2747 et

65 2765 245 2833 perfundebat
272 2767 391 2833 undique
417 2767 508 2832 plagas
533 2768 599 2834 ejus.

66 2841 198 2908 Lapidem
222 2856 332 2907 quoque
355 2857 409 2906 quo
430 2857 528 2907 corpus
544 2842 601 2907 ejus

66 2914 189 2981 positum
214 2926 240 2964 et
258 2915 375 2964 locatum
400 2913 494 2974 fuerat,
511 2918 601 2981 lacry-

66 2984 123 3034 mis
140 2986 274 3045 madebat,
289 2985 318 3035 in
333 3000 387 3051 quo
402 2986 458 3048 ejus
476 2985 600 3051 lacrymae

65 3057 157 3108 adhuc
170 3072 297 3123 apparere
311 3057 447 3117 dicuntur,
467 3058 515 3122 qui
529 3074 601 3108 nunc

66 3130 97 3182 in
112 3129 238 3196 ingressu
259 3129 377 3180 ecclesiae
401 3131 490 3180 Sancti
511 3131 602 3196 Sepul-

66 3201 127 3254 chri
139 3217 198 3253 esse
213 3215 385 3254 memoratur.
402 3202 478 3252 Lavit
487 3218 513 3254 et
526 3203 602 3254 tersit

66 3275 181 3327 vulnera
206 3275 263 3339 eius
285 3286 429 3336 cruentata,
453 3285 479 3326 et
494 3277 602 3325 oscula-

66 3348 149 3397 batur
162 3361 203 3406 ea,
225 3357 251 3397 et
268 3346 363 3397 faciem
379 3349 436 3412 ejus
451 3345 602 3398 sacratissi-

66 3434 152 3470 mam.
167 3419 320 3484 Aspiciebat
338 3420 449 3471 vulnera
471 3419 601 3485 corporis,

65 3500 94 3541 et
118 3490 225 3540 vultum
252 3489 310 3554 ejus
334 3501 360 3540 et
385 3502 473 3558 caput,
496 3489 603 3540 videbat

66 3561 211 3628 spinarum
234 3571 391 3626 puncturus‚
411 3562 602 3628 depilationem

67 3635 168 3696 barbae,
182 3633 276 3684 faciem
288 3649 320 3685 ex
332 3635 418 3702 sputis
431 3647 458 3686 et
471 3634 603 3700 sanguine

65 3707 257 3771 deturpatam3
287 3715 313 3756 et
337 3707 370 3757 de
396 3706 550 3774 aspiciendo
579 3714 604 3757 et

67 3776 162 3828 flendo
182 3791 237 3826 non
252 3785 354 3841 poterat
366 3776 467 3826 satiari.
484 3775 604 3843 Virginis

66 3850 177 3902 dolores
201 3849 302 3900 narrari
328 3865 383 3900 non
406 3860 521 3916 possunt
540 3848 606 3915 quia

1134 227 1186 280 623

654 343 724 393 male
738 343 777 395 illi
793 355 857 406 erat,
874 344 944 395 sicut
956 359 1014 394 esse
1025 353 1137 410 poterat.
1150 345 1187 403 Et

654 413 715 464 ideo
733 427 848 481 quantas
868 415 1080 476 lamentationes,
1096 418 1186 469 ulula·

653 497 706 551 tus,
733 491 855 553 planctus
875 500 900 540 et
921 489 999 539 fletus
1016 504 1096 553 super
1112 491 1187 541 idem

654 572 751 623 corpus
767 559 838 609 unici
859 559 922 609 Filii
946 560 988 610 sui
1007 571 1069 610 tunc
1082 559 1185 620 fecerit,

653 628 742 679 verbis
765 629 890 696 explicari
916 646 970 680 non
995 641 1093 696 posset.
1119 631 1187 682 Cre-

653 701 773 750 dendum
803 711 895 752 tamen
923 712 971 762 est,
1001 704 1072 769 quod
1097 703 1186 754 nullos

654 771 777 835 planctus
798 771 993 823 irrationabiles
1007 773 1106 832 fecerit,
1121 773 1186 839 quia

653 842 730 891 dolor
744 843 801 907 ejus
815 843 847 893 ad
871 844 1003 894 rationem
1020 844 1184 910 superiorem

654 930 709 964 non
740 915 915 980 pertingebat.
942 917 1097 982 Magdalena
1122 932 1186 967 vero

654 983 734 1048 pedes
757 983 876 1044 Domini,
900 999 969 1049 quos
991 985 1043 1034 alia
1065 985 1121 1035 vice
1144 985 1186 1035 la-

653 1055 754 1122 crymis
763 1056 979 1121 compunctionis
993 1057 1099 1123 rigavit,
1114 1073 1187 1108 nunc

654 1127 740 1177 multo
770 1127 857 1193 magis
891 1126 973 1177 undis
1007 1129 1185 1193 lacrymarum

653 1198 849 1264 compassionis
877 1198 985 1264 largiter
1005 1198 1078 1249 lavit.
1103 1200 1186 1265 Aspi-

654 1270 740 1320 ciebat
756 1271 837 1336 pedes
853 1270 891 1320 sic
914 1272 1068 1321 vulneratos
1084 1281 1110 1321 et
1125 1286 1186 1336 per-

654 1342 762 1403 foratos,
785 1343 929 1394 desiccatos
948 1353 972 1394 et
995 1344 1186 1410 sanguinolen-

654 1424 707 1472 tos,
728 1423 754 1464 et
774 1413 854 1465 flebat
877 1415 1054 1476 amarissime,
1079 1425 1105 1465 et
1131 1430 1186 1481 prae

654 1487 747 1538 dolore
761 1487 901 1538 videbatur
914 1487 1042 1550 deficere;
1059 1487 1187 1538 similiter

655 1556 754 1608 flebant
766 1559 940 1610 vehementer
953 1559 1046 1619 etalii,
1061 1575 1091 1609 ac
1105 1558 1186 1610 etiam

655 1631 749 1695 Angeli
765 1641 910 1696 praesentes
933 1630 980 1681 ibi.
997 1631 1072 1683 Unde
1086 1633 1187 1697 Augu-

654 1701 741 1753 stinus
764 1719 772 1754 :
794 1721 807 1749 «
830 1702 932 1769 Oquis
955 1703 1118 1768 Angelorum
1145 1702 1186 1752 vel

654 1773 884 1840 archangelorum
906 1774 962 1824 illic
984 1771 1038 1823 non
1052 1773 1185 1830 flevisset.

654 1844 701 1894 ubi
716 1856 810 1895 contra
826 1856 959 1906 naturam,
976 1854 1068 1895 auctor
1084 1855 1187 1894 naturae

655 1913 816 1966 immortalis
843 1917 924 1978 Deus,
953 1927 1075 1966 mortuus
1103 1916 1186 1965 homo

654 1988 771 2053 jacebat?
798 1990 932 2041 Videbant
958 1988 1059 2040 Christi
1088 2003 1186 2055 corpus

653 2059 691 2108 sic
708 2061 777 2111 male
800 2070 950 2122 tractatum,
973 2060 1007 2110 ab
1030 2059 1123 2125 impiis
1147 2059 1186 2109 sic

653 2131 798 2182 laceratum
818 2133 911 2197 jacere,
932 2143 958 2182 et
977 2130 1088 2182 Mariam
1102 2140 1184 2180 totan·

653 2217 702 2253 suo
719 2214 883 2253 cruentatam
900 2203 929 2252 in
946 2217 1040 2252 cruore
1058 2201 1095 2250 sic
1108 2215 1185 2253 ama-

653 2275 761 2325 rissime
778 2275 858 2341 flere3
884 2286 911 2326 et
927 2277 1002 2326 nullo
1019 2275 1100 2324 modo
1123 2288 1186 2324 suas

653 2346 783 2412 lacrymas
805 2357 927 2412 poterant
948 2345 1088 2396 refrenare.
1111 2343 1185 2395 Sicut

654 2418 727 2469 enim
742 2419 869 2484 possibile
891 2418 952 2479 luit,
973 2418 1059 2468 Deum
1082 2432 1129 2483 per
1147 2431 1187 2468 as·

654 2490 794 2556 sumptum
809 2491 949 2541 hominem
964 2490 1043 2553 mori,
1061 2490 1099 2540 sic
1121 2505 1185 2555 pos-

654 2561 733 2612 sibile
752 2560 803 2612 fuit
821 2563 939 2627 Angelos
953 2561 1039 2612 bonos
1052 2560 1081 2610 in
1098 2569 1185 2610 morte

654 2632 765 2683 Domini
778 2634 821 2683 sui
835 2634 925 2685 dolere
938 2651 944 2685 :
958 2654 972 2682 n
984 2633 1042 2684 haec
1054 2631 1185 2698 Augusti·

654 2718 713 2754 nus.
731 2705 829 2770 Plange
850 2714 953 2770 ergoet
973 2714 1011 2762 tu,
1036 2702 1184 2762 carissime,

653 2790 752 2840 amare,
768 2785 794 2827 et
808 2777 892 2826 clama
905 2792 967 2826 cum
983 2775 1125 2825 Bernardo
1139 2773 1185 2822 di-

654 2857 728 2898 cente
746 2864 753 2897 ι
767 2866 781 2893 «
795 2848 819 2898 0
836 2849 904 2898 bone
920 2848 991 2905 lesu,
1007 2860 1088 2912 quam
1104 2842 1175 2892 dulci

654 2929 694 2968 ter
707 2934 770 2968 cum
786 2918 946 2968 hominibus
960 2925 1131 2966 conversatus
1145 2928 1183 2972 es,

654 3003 736 3054 quam
752 3003 848 3054 magna
861 2998 887 3038 et
905 2984 1134 3036 abundantissima
1146 2982 1185 3032 eis

654 3059 766 3124 largitus
792 3074 830 3118 es,
854 3072 936 3121 quam
957 3057 1024 3105 dura
1045 3064 1070 3104 et
1092 3068 1186 3119 aspera

656 3147 703 3197 pro
720 3130 760 3181 eis
781 3144 876 3195 passus
891 3144 929 3187 es,
944 3129 1011 3177 dura
1028 3126 1117 3187 verba,
1131 3126 1185 3175 du.-

655 3204 726 3254 riora
739 3203 857 3262 verbera,
873 3200 1019 3251 durissima
1033 3197 1118 3250 crucis
1135 3206 1186 3247 tor-

656 3272 765 3324 menta!
782 3292 796 3320 n
813 3272 871 3322 haec
893 3272 1060 3323 Bernardus.

687 3347 746 3398 filu
774 3363 887 3398 ounmus
910 3340 1031 3397 surismus
1057 3360 1089 3395 nr
1116 3359 1186 3394 uuu-

656 3436 715 3471 unrs
728 3435 822 3470 russus
838 3435 885 3469 asr
900 3419 1030 3476 Dou1uus,
1046 3432 1082 3466 ur
1096 3430 1187 3466 rorum

640 3505 919 3545 ,aouruausnunnum
941 3517 971 3527 -
989 3485 1187 3557 contempleris
1211 3536 1220 3561 q

657 3561 738 3612 etiam
765 3562 832 3611 bene
850 3560 998 3611 Dominum
1022 3570 1048 3610 et
1065 3560 1189 3609 Salvato-

658 3643 817 3694 remmam,
832 3632 889 3698 gira
908 3642 934 3682 et
953 3631 1048 3696 regite,
1067 3631 1144 3680 volve
1163 3637 1190 3679 et

658 3703 773 3763 revolve,
791 3705 901 3753 alatere
925 3701 953 3751 in
974 3702 1051 3760 latus,
1067 3715 1083 3751 a
1100 3700 1189 3765 planta
1227 3723 1230 3728 ,

660 3773 735 3840 pedis
764 3789 851 3840 usque
874 3773 906 3823 ad
928 3773 1064 3831 verticem,
1089 3780 1115 3820 et
1136 3784 1189 3819 non

659 3847 780 3898 invenies
791 3847 820 3897 in
837 3863 869 3898 eo
883 3846 1033 3906 sanitatem,
1048 3844 1094 3895 sed
1107 3840 1190 3893 undi-
