2626 4328
139 239 318 298 QUOMODO
334 240 494 293 DOMINUS
509 242 634 293 APPAR.
645 243 780 307 Dtsctt’„
797 247 927 299 ΤΗΟΜΑ
941 251 1111 306 ABSENTE.
1145 272 1193 322 711

79 364 153 404 satus
165 353 231 418 iuit3
245 356 326 420 lutus,
336 372 368 406 ex
377 373 433 423 quo
448 369 613 410 sacramenta

80 426 274 492 redemptionis
301 428 435 493 profluere
465 428 552 492 fecit,
584 430 610 480 in

81 498 182 563 quibus
210 497 339 548 omnibus
371 500 403 549 ad
429 499 611 551 dubitantium

80 572 160 621 corda
174 572 302 636 sananda,
318 573 459 622 vulnerum
478 584 542 624 sunt
556 589 613 625 ser-

80 655 139 696 vata
153 644 276 710 vestigia,
293 655 319 695 et
334 644 393 695 ideo
411 645 439 694 in
454 646 554 696 talibus
572 646 613 697 si-

79 715 143 781 gnis
156 715 264 781 pietatis
283 716 377 780 gavisi
397 724 460 767 sunt
475 718 611 785 discipuli,

79 787 138 838 viso
154 785 279 847 Domino,
304 786 368 850 quia
393 786 442 837 iste
462 788 537 838 visus
556 803 612 838 non

80 859 169 926 potuit
184 875 243 910 esse
258 860 317 909 sine
337 861 454 911 maxima
469 862 569 926 laetitia,
587 872 612 913 et

79 932 187 999 gaudio,
203 934 234 982 Et
251 933 290 982 sic
307 933 405 998 duplex
418 951 511 986 eorum
526 936 612 986 tristi-

80 1005 118 1053 tia
142 1014 183 1054 est
211 1014 309 1066 amota,
335 1005 436 1055 scilicet
463 1007 501 1066 de
526 1017 613 1057 morte

81 1074 193 1135 Christi,
222 1086 247 1125 et
272 1075 305 1124 dc
334 1087 408 1126 metu
428 1078 610 1129 Judaeorum:

80 1158 157 1199 erant
184 1148 258 1197 enim
289 1150 438 1200 conturbati
464 1153 497 1201 de
528 1150 613 1216 ipsius

81 1218 183 1270 Christi
197 1230 292 1279 morte,
306 1230 331 1269 et
345 1221 378 1270 de
392 1222 545 1272 ludaeorum
557 1237 614 1288 per-

81 1291 218 1342 secutione
237 1292 277 1343 eis
296 1291 474 1357 imminente;
495 1304 612 1360 poterat-

81 1378 136 1428 que
153 1377 200 1411 eos
216 1376 263 1426 per
277 1377 353 1412 suam
371 1365 540 1428 praesentiam
563 1379 613 1415 eu-

80 1435 199 1494 stodire,
225 1444 251 1484 et
276 1435 309 1484 de
336 1451 385 1486 sua
409 1434 621 1489 Resurrectione‘

80 1504 235 1556 certificare.
250 1505 333 1554 Dixit
355 1521 423 1572 ergo
438 1508 478 1557 eis
491 1507 587 1558 iterum
605 1526 613 1558 :

81 1578 149 1626 Pax
163 1575 241 1626 vobis
250 1592 261 1638 ;
278 1576 396 1641 geminat
422 1594 523 1644 pacem,
546 1595 613 1646 pro-

81 1659 142 1715 pter
154 1647 209 1697 duo
225 1659 355 1713 praecepta
369 1649 496 1711 caritatis,
510 1651 613 1702 scilicet

82 1721 131 1772 Dei
148 1731 174 1771 et
197 1719 312 1786 proximi
342 1737 348 1770 :
379 1722 515 1786 geminam
538 1724 612 1774 enim

81 1807 176 1860 pacem
197 1800 310 1850 servant,
335 1791 382 1857 qui
399 1793 465 1842 hanc
478 1794 612 1859 geminam

81 1862 253 1914 dilectionem
278 1862 386 1913 habent.
401 1863 463 1914 Sive
489 1865 549 1915 ideo
570 1881 613 1916 re-

82 1935 159 2002 petit,
174 1934 237 2000 quia
252 1933 309 1999 ipse
323 1941 363 1984 est
372 1950 436 2000 pax
452 1943 551 1988 nostra
568 1937 614 2003 qui

75 2007 149 2072 fecit
175 2011 288 2070 utraque
313 2021 407 2070 unum;
436 2008 512 2060 iterat
532 2010 612 2061 etiam

82 2095 185 2147 pacem,
199 2089 229 2127 ut
244 2089 376 2129 monstret
391 2096 438 2145 per
454 2097 534 2132 suum
550 2099 613 2134 san-

82 2149 194 2216 guinem
208 2164 267 2198 esse
286 2148 423 2213 pacificata
439 2168 499 2218 quae
513 2154 542 2203 in
562 2170 615 2205 coe·

82 2215 127 2283 lis,
151 2232 177 2272 et
198 2237 258 2287 quae
282 2221 310 2270 in
336 2233 404 2273 terra
425 2237 501 2277 sunt.
530 2228 612 2287 Quasi

81 2294 182 2344 diceret
205 2310 211 2342 :
233 2293 334 2343 Pacem
349 2295 470 2362 relinquo
483 2299 567 2361 vobis,
586 2299 613 2348 id

82 2379 124 2415 est
138 2363 265 2429 reliquias
281 2364 354 2429 pacis
376 2367 476 2418 scilicet
497 2369 614 2433 pectoris

38 2472 48 2480 „
83 2436 112 2485 in
125 2435 249 2501 prasenti
260 2450 267 2498 3
279 2449 373 2500 pacem
386 2452 470 2488 meam
483 2440 518 2490 do
530 2440 613 2503 uobiS,

82 2509 186 2560 scilicet
197 2509 356 2559 aeternitatis
371 2511 398 2559 in
414 2510 515 2573 futuro,
529 2514 573 2576 do,
587 2515 613 2564 id

82 2593 124 2634 est
135 2582 221 2646 dabo,
239 2583 321 2644 uobis,
340 2584 421 2633 etiam
438 2587 508 2636 hanc
524 2602 614 2653 pacem

84 2657 162 2720 itero,
178 2665 207 2705 ut
223 2656 361 2706 ostendam
377 2673 425 2707 vos
443 2659 498 2709 Deo
518 2676 615 2712 recon-

83 2727 200 2794 ciliatos,
226 2726 365 2776 hominem
383 2729 505 2794 Angelis,
521 2722 633 2788 homi-¹

83 2816 147 2850 nem
171 2798 288 2859 homini,
308 2812 337 2850 ut
360 2800 443 2852 homo
461 2804 547 2854 Deum
570 2805 616 2855 di-

84 2870 167 2935 ligat,
195 2880 220 2919 et
242 2870 325 2919 lromo
345 2871 484 2923 hominem
506 2887 615 2940 propter

84 2941 181 2990 Deum.
213 2940 245 2989 Et
276 2942 426 2992 secundum
452 2944 617 3012 chrysosto-

83 3026 174 3074 mum,
203 3010 285 3061 simul
315 3027 425 3077 quoque
450 3012 617 3066 demonstrat

84 3082 172 3132 crucis
192 3079 346 3142 efficaciam,
364 3097 411 3147 per
433 3099 515 3149 quam
532 3086 617 3136 solvit
635 3133 638 3138 ,

82 3154 178 3205 omnia
206 3154 300 3213 tristia,
332 3165 358 3205 et
386 3156 500 3207 contulit
524 3159 617 3210 omnia

84 3226 175 3290 bona;
190 3237 216 3277 et
228 3225 284 3276 haec
299 3236 338 3276 est
355 3243 415 3293 pax.

119 3295 150 3346 13
169 3298 262 3357 Missro
279 3297 481 3350 Arosrouonuu
502 3316 536 3351 ar
554 3303 616 3352 Sm-

84 3379 165 3415 rurus
178 3367 273 3417 qucrr
283 3383 467 3420 rusurrtxrro.
476 3371 617 3422 -Deinde

84 3434 224 3500 subiungit
246 3454 253 3487 ι
278 3438 356 3488 Sicut
379 3438 452 3488 misit
466 3455 506 3490 me
520 3442 615 3504 Pater,

84 3507 118 3557 ad
131 3507 270 3558 veritatem
282 3509 344 3559 fidei
359 3509 508 3560 docendam
523 3511 552 3561 in
567 3513 617 3562 Ju-

84 3578 152 3637 daea,
176 3584 202 3628 et
218 3592 270 3643 ego
284 3580 368 3642 mitto,
393 3578 420 3628 id
443 3589 483 3630 est
500 3581 617 3644 mittam,

85 3665 145 3713 uos,
157 3650 189 3700 ad
203 3651 271 3701 hanc
283 3649 418 3701 veritatem
430 3652 617 3716 publicandam

85 3736 134 3787 per
148 3731 235 3771 totum
249 3721 394 3772 mundum.
414 3723 488 3774 Meos
504 3724 618 3778 vicarios

85 3807 135 3842 vos
150 3791 296 3855 constituo,
311 3807 370 3842 mea
381 3792 440 3843 vice
453 3793 531 3844 vobis
545 3811 619 3846 man·

84 3862 130 3924 do,
146 3876 238 3912 meum
250 3862 370 3914 officium
384 3864 461 3914 vobis
477 3880 618 3918 commen·

150 3978 218 4029 Vrrx
233 3978 296 4030 Jssu
311 3979 528 4042 Cunrsr1,roxus
547 3982 592 4034 tv.

667 360 702 410 do
709 376 717 424 ;
728 363 760 412 ad
771 363 932 427 docendum,
943 370 974 417 ad
986 371 1199 436 praedicandum,

665 430 700 479 ad
713 431 916 497 baptizandum,
930 441 962 487 ad
973 455 1064 491 meum
1076 452 1102 492 et
1113 443 1199 494 Patris

665 518 764 554 nomen
793 508 1016 572 glorificandum,
1042 529 1090 565 vos
1110 517 1198 568 mitto.

665 577 784 628 Medium
799 591 825 630 et
840 583 1014 635 mediatorem
1029 603 1057 637 se
1066 590 1193 653 ostendit,

664 663 727 698 cum
746 650 792 710 ait,
809 652 855 704 ille
874 669 915 706 me
936 667 961 707 et
975 672 1027 724 ego
1041 675 1109 711 vos:
1124 662 1196 713 misit

664 718 735 769 Deus
751 720 830 773 Pater
846 724 947 777 Filium
968 744 1060 791 suum,
1085 733 1194 797 quando

664 806 726 841 eum
742 792 872 846 incarnari
889 800 1045 866 constituit3
1063 805 1137 854 misit
1152 805 1172 854 F
1175 805 1194 855 i·

664 861 717 912 lius
729 863 884 929 Apostolos,
896 871 1004 935 quando
1019 889 1065 923 eos
1079 875 1110 924 ad
1127 891 1192 940 prae·

663 933 809 986 dicandum
837 938 1048 995 incarnationem
1072 947 1193 997 eamdem

664 1022 711 1072 per
734 1010 827 1061 orbem
849 1013 1004 1067 universum
1029 1018 1142 1082 direxit,
1168 1032 1195 1072 et

663 1078 734 1129 sicut
757 1080 836 1131 Pater
857 1099 951 1136 amans
978 1088 1096 1151 Filium,
1121 1091 1195 1142 misit

664 1167 726 1201 eum
750 1152 779 1202 in
803 1156 936 1207 mundum
960 1160 992 1209 ad
1010 1176 1147 1226 pressuras
1168 1175 1194 1216 et

664 1224 821 1276 Passionem
849 1229 999 1283 tolerandas
1026 1250 1075 1298 pro
1108 1237 1194 1288 salute

663 1293 796 1360 fidelium,
818 1298 854 1349 ita
870 1311 896 1350 et
909 1301 995 1353 Filius
1008 1319 1102 1366 amans
1116 1314 1192 1373 Apo-

663 1367 756 1427 stolos,
773 1367 847 1419 misit
863 1385 909 1421 eos
931 1373 964 1422 ad
989 1376 1058 1431 mala
1081 1386 1108 1426 et
1133 1393 1195 1443 pas-

663 1435 754 1486 siones
772 1439 923 1492 tolerandas
941 1459 990 1507 pro
1008 1460 1057 1495 suo
1073 1447 1193 1508 nomine,

664 1520 720 1555 non
735 1507 768 1557 ad
782 1510 876 1560 mundi
891 1512 1029 1577 gaudium.
1043 1515 1118 1567 Unde
1129 1517 1196 1569 Gre-

664 1577 762 1641 gorius
787 1596 796 1629 .·
819 1598 833 1627 a
857 1581 948 1648 ltaque
972 1584 1071 1636 dicitur
1091 1605 1098 1637 ε
1118 1588 1196 1639 Sicut

664 1646 737 1698 misit
763 1664 803 1701 me
826 1652 923 1716 Pater,
938 1660 963 1704 et
981 1670 1034 1721 ego
1048 1659 1123 1709 mitto
1138 1674 1194 1721 uos,

665 1717 692 1768 id
717 1731 803 1772 estsea
821 1723 928 1775 caritate
943 1742 991 1776 vos
1015 1728 1108 1794 diligo,
1133 1745 1194 1781 cum

664 1787 734 1839 inter
747 1793 870 1844 scandala
883 1807 1083 1860 persecutorum
1106 1801 1194 1861 mitto,

664 1875 718 1926 qua
739 1877 782 1913 me
804 1864 880 1914 Pater
900 1866 990 1932 diligit
1006 1885 1087 1934 quem
1105 1871 1195 1922 venire

664 1932 697 1981 ad
723 1935 874 1987 tolerandas
902 1939 1041 2002 passiones
1061 1940 1133 1992 fecit.
1162 1943 1195 1994 Et

664 2003 728 2070 quia
739 2008 872 2058 exsecutio
884 2009 965 2075 hujus
980 2011 1062 2062 officii
1077 2029 1129 2064 non
1144 2029 1195 2079 po-

664 2084 716 2125 test
737 2079 927 2130 convenienter
947 2080 1004 2131 fieri
1027 2082 1086 2132 sine
1111 2084 1196 2149 gratia

664 2146 780 2210 Spiritus
796 2149 893 2209 Sancti,
909 2151 969 2201 ideo
993 2167 1052 2202 cum
1077 2153 1133 2204 haec
1156 2155 1196 2204 di·

664 2217 762 2279 xisset,
778 2218 924 2284 insufflavit
944 2221 1030 2272 ineos
1049 2229 1075 2273 et
1097 2223 1195 2272 dixit:

664 2288 786 2354 Accipite
798 2290 931 2354 Spiritum
951 2294 1088 2344 Sanctum.
1107 2293 1197 2344 lnsuf-

665 2359 755 2410 flando
777 2362 908 2428 Spiritum
921 2365 995 2416 dedit
1009 2376 1059 2416 :ut
1074 2367 1194 2433 seipsum

665 2445 728 2481 csse·
746 2435 898 2486 ostenderet
912 2437 960 2502 qui
981 2436 1009 2486 in
1028 2436 1093 2488 facie
1116 2437 1198 2503 primi

667 2504 789 2555 hominis
804 2506 968 2571 spiraculum
981 2509 1142 2574 spiraverat,
1157 2513 1198 2562 vel

667 2587 736 2628 certe
757 2588 786 2628 ut
810 2581 962 2632 ostenderet
982 2582 1114 2647 Spiritum
1130 2584 1199 2634 San-

666 2657 740 2697 ctum
754 2665 768 2699 a
782 2665 809 2700 se
825 2652 976 2716 procedere,
993 2652 1064 2703 sicut
1078 2654 1200 2719 procedit

667 2735 682 2768 a
699 2723 783 2781 Patre,
798 2733 824 2772 et
837 2739 891 2773 uon
910 2723 993 2774 Patris
1006 2724 1099 2783 solius,
1115 2725 1161 2775 sed
1174 2735 1200 2774 et

667 2811 748 2846 suum
765 2809 832 2853 esse,
856 2793 936 2845 flatus
960 2794 1040 2844 enim‘
1054 2795 1199 2860 procedita

667 2867 762 2930 flante;
773 2881 827 2915 non
837 2875 925 2927 tamen
934 2876 974 2916 est
984 2865 1199 2930 intelligendum,

668 2936 741 3003 quod
756 2935 912 2999 huiusmodi
929 2934 1009 2985 flatus
1024 2935 1125 2985 Christi
1139 2934 1200 2984 fue-

668 3008 703 3058 rit
728 3005 845 3071 Spiritus
868 3006 999 3063 Sanctus‚
1022 3005 1068 3055 sed
1091 3005 1198 3070 signum

668 3081 735 3145 ejus.
761 3078 839 3129 Unde
861 3078 1032 3143 Augustinus
1052 3077 1200 3128 :aFlatus

669 3151 714 3202 ille
735 3165 890 3216 corporeus.
914 3151 1064 3201 substantia
1082 3150 1200 3217 Spiritus

669 3220 757 3272 Sancti
784 3237 840 3271 non
865 3220 923 3280 fuit,
948 3222 993 3271 sed
1008 3220 1200 3271 demonstratio

669 3308 717 3359 per
730 3307 875 3356 congruam
892 3292 1125 3358 significationem,
1146 3308 1201 3342 non

670 3376 805 3417 tantuma
825 3366 907 3426 Patre,
922 3368 967 3416 sed
990 3366 1071 3416 etiam
1094 3381 1108 3417 a
1132 3365 1203 3416 Filio

670 3435 811 3503 procedere
839 3434 972 3500 Spiritum
1001 3436 1128 3486 Sanctum
1154 3451 1162 3485 z
1189 3454 1203 3482 n
1275 3489 1278 3495 .

670 3507 726 3556 haec
739 3505 918 3569 Augustinus.
935 3504 1012 3556 Unde
1034 3505 1202 3556 consuetudo

668 3576 846 3628 ecclesiastica
865 3576 994 3636 obtinuit,
1009 3586 1040 3626 ut
1061 3576 1086 3626 in
1109 3591 1203 3627 eorum

670 3649 745 3708 facie,
760 3649 807 3715 qui
823 3664 870 3714 per
883 3649 995 3715 gratiam
1008 3649 1126 3714 Spiritus
1140 3649 1206 3698 San·

670 3723 707 3774 cti
733 3721 907 3788 regenerandi
931 3731 1005 3783 sunt,
1022 3737 1037 3772 a
1056 3719 1203 3773 sacerdoti·
1232 3767 1236 3777 ,

672 3797 723 3847 bus
738 3793 901 3844 insuffletur.

707 3883 740 3934 14
756 3867 924 3919 Rsxrrrsuur
941 3881 1058 3917 saccari
1074 3876 1203 3914 rorssrxs

1079 3994 1112 4043 vl
