2626 4328
373 320 478 371 mour
492 301 690 371 causatus
707 321 840 381 RERUM.

1115 323 1167 392 905

84 445 227 503 unguento
241 418 380 485 Christum
402 445 464 486 ante
478 435 585 486 Passio·
640 436 680 487 De
694 437 784 488 Mariae
800 437 912 510 virginis
935 437 1130 503 purificatione}
1145 450 1172 491 et

83 524 146 559 nem
160 505 276 557 unxerit
474 506 518 570 111,
537 504 586 574 189

53 577 212 647 Magdalena
233 576 367 644 significat
393 577 443 628 hac
462 577 588 628 unctione

84 649 243 700 Ecclesiam.
475 649 519 711 ΙΙΙ,
539 663 587 715 190

55 721 221 786 Magdalenae
234 717 365 768 accusatio
389 717 486 783 triplex
499 727 526 768 et
539 720 588 768 de-

85 793 173 844 fensio
186 791 272 857 ipsius
286 803 301 838 a
315 790 432 840 Christo.
473 791 522 851 ·11,
538 790 591 855 554

58 875 123 940 Ejus
143 873 174 922 in
192 871 332 923 Christum
356 871 438 921 etiam
453 881 590 921 mortuum

87 959 171 996 amor.
372 942 416 1001 lV,
432 940 480 992 621
499 952 525 992 et
539 939 590 991 683

57 1013 197 1080 Apparitio
211 1010 321 1062 Domini
335 1011 473 1076 speciatim
489 1011 593 1076 Magda-

88 1089 157 1137 lenae
176 1085 260 1135 factae.
479 1084 523 1143 lV,
539 1082 590 1133 682

58 1157 216 1222 Magdalena
243 1153 340 1202 nuntia
369 1152 592 1203 Resurrectionis.

481 1226 526 1287 lV,
541 1224 594 1293 689

238 1310 425 1346 1111111111οο.
500 1332 503 1337 .

64 1446 148 1495 Maria
168 1443 220 1494 tria
240 1442 397 1509 significat:
414 1441 519 1491 stellam
533 1456 595 1491 ma-

92 1516 130 1566 ris
144 1516 187 1566 vel
201 1515 430 1572 illuminatricem,
443 1527 516 1562 mare
525 1527 596 1562 ama-

92 1585 338 1646 rum‚Dominam.
419 1585 438 1643 l,
456 1583 489 1652 39
504 1594 530 1633 et
549 1583 599 1647 154

64 1657 191 1708 Nominis
205 1657 295 1706 Mariae
318 1654 451 1715 invocatio
469 1666 495 1705 et
509 1653 597 1704 effica-

94 1732 172 1780 citas.
484 1727 528 1786 lV,
547 1726 598 1792 798

65 1802 157 1852 lllariae
170 1800 355 1866 conceptionis
369 1798 470 1865 figurae.
528 1800 549 1858 l,
565 1801 598 1848 25

65 1875 156 1926 Mariae
169 1873 288 1940 virginis
311 1873 446 1931 nativitas,
460 1880 486 1922 et
500 1887 599 1936 paren-

96 1950 145 1994 tes.
529 1942 549 2004 1,
565 1938 597 1989 23

68 2013 159 2064 ldariae
185 2011 363 2077 praesentatio,
384 2010 500 2070 devotio,
522 2009 601 2075 puri-

94 2095 145 2148 tas,
160 2083 265 2143 caritas,
280 2091 341 2142 010,
355 2080 410 2131 vita
429 2091 455 2130 et
469 2096 558 2131 mores
574 2081 601 2130 in

96 2155 209 2219 templo.
532 2154 551 2214 1,
569 2151 600 2202 23

71 2225 116 2276 Est
130 2223 283 2290 primiceria
296 2223 442 2289 virginum.
532 2225 552 2283 1,
569 2239 604 2287 24

71 2295 162 2346 Mariae
183 2294 368 2362 desponsatio,
388 2309 418 2344 ac
438 2293 603 2345 desiderium

98 2364 222 2416 servandi
238 2365 393 2413 castitatem.
534 2366 553 2424 Ι,
570 2379 604 2430 27

70 2438 161 2504 Quare
173 2434 255 2485 Maria
266 2436 423 2500 desponsata
436 2435 518 2486 fuerit
528 2435 604 2486 fabro

99 2507 226 2572 lignario.
538 2508 557 2566 1,
570 2503 602 2556 31

68 2582 109 2632 De
125 2582 214 2629 Beatae
228 2578 319 2629 Mariae
338 2579 451 2645 virginis
465 2578 606 2629 annuntia-

11 2644 20 2652 ’
100 2650 185 2700 tione.
234 2664 240 2673 ¹
535 2649 555 2708 1,
572 2646 605 2714 37

70 2719 197 2780 Qualiter
223 2717 333 2772 Mariam
358 2719 467 2784 angelus
494 2717 607 2769 Gabriel

101 2790 249 2842 invenerit.
465 2809 471 2821 ·
536 2792 555 2852 Ι,
570 2806 606 2856 40

67 2866 129 2916 Cur
144 2864 269 2928 Angelus
289 2862 379 2912 Mariae
392 2862 534 2913 visibiliter
556 2878 606 2928 ap-

60 2999 62 3002 ,
102 2933 232 3000 paruerit.
536 2934 556 2993 l,
572 2948 607 2997 40

26 3056 31 3071 ,
69 3004 160 3056 Maria
175 3004 311 3069 quomodo
326 3013 390 3053 tunc
405 3005 516 3054 turbata.
533 3004 552 3063 1,
570 3019 605 3068 42

70 3076 136 3135 Qua
151 3074 305 3124 humilitate
319 3074 496 3138 responderit,
510 3083 536 3123 et
545 3089 610 3139 quo-

102 3145 189 3196 modo
209 3146 242 3194 ad
263 3144 477 3194 incarnationem
504 3143 610 3194 dederit

103 3229 270 3265 consensum
285 3213 394 3263 nomine
408 3214 491 3263 totius
510 3214 610 3263 huma-

104 3284 135 3335 ni
151 3284 264 3349 generis.
312 3301 320 3317 ·

72 3361 114 3410 De
131 3357 222 3406 Mariae
234 3355 348 3422 virginis
362 3354 523 3405 visitatione.
540 3357 560 3418 l,
577 3355 610 3414 56

75 3428 137 3479 αι·
176 3426 325 3476 visitaverit
357 3425 441 3475 Maria
472 3435 612 3490 cognatam

106 3515 189 3552 suam
208 3500 354 3550 Elizabeth.

74 3573 107 3622 ln
137 3570 197 3634 ejus
223 3568 377 3620 visitatione
405 3584 451 3619 sex
485 3569 613 3619 debemus

109 3639 224 3693 imitari
543 3641 562 3701 1,
580 3640 613 3706 57

74 3713 224 3767 Canticum
248 3711 361 3763 ‚Mariae
412 3712 612 3778 magnificantis

108 3785 208 3834 Deum.
541 3785 561 3845 Ι,
577 3782 611 3833 60

75 3854 164 3906 Maria
177 3853 256 3919 virgo
280 3853 397 3919 gravida,
412 3869 469 3904 non
488 3853 539 3904 fuit
553 3869 614 3920 gra·

109 3938 179 3979 vata.
456 3929 476 3987 1,
492 3926 525 3978 56
540 3939 566 3979 et
580 3943 614 3994 79

540 3285 611 3350 149
642 3284 644 3288 ’

543 3500 562 3559 Ι,
579 3498 617 3551 56

673 525 756 577 quare
787 513 903 563 voluerit
938 514 1021 564 instar
1058 514 1171 564 aliarum

675 599 867 649 puerperarum
881 585 1024 650 purificari.
1051 607 1053 611 ·
1085 586 1173 651 1,114

648 655 759 705 Mariam
770 655 797 704 in
806 656 943 705 oblatione
957 655 1107 722 figurabant
1115 671 1175 707 arca

679 725 857 785 Testamenti,
883 736 909 776 et
923 727 1111 777 candelabrum
1125 742 1176 778 au-

677 815 753 851 reum
769 800 869 864 templi.
1042 820 1045 826 ⁴
1088 802 1108 862 Ι,
1124 800 1174 851 115

649 870 734 920 Maria
768 871 905 936 quomodo
938 871 1029 921 omnia
1061 887 1121 939 quae
1148 872 1176 920 in
1252 909 1254 913 .

678 940 786 994 Christo
800 938 907 990 videbat
925 939 992 1000 fieri,
1007 941 1180 999 conservabat

675 1010 704 1060 in
720 1011 806 1060 corde.
1109 1013 1130 1074 1,
1144 1011 1179 1079 89

654 1081 738 1132 Maria
759 1083 897 1148 quomodo
921 1083 1045 1133 manibus
1072 1083 1125 1133 sibi
1151 1098 1181 1134 ac

679 1151 752 1201 Filio
765 1152 865 1202 victum
880 1153 1042 1219 quaesiverit.

658 1221 749 1272 Mariae
778 1223 892 1288 virginis
918 1240 980 1274 cura
999 1223 1028 1273 in
1048 1224 1186 1275 educando

680 1292 759 1342 Filio.
989 1295 1009 1354 Ι,
1029 1310 1076 1344 112
1093 1303 1119 1344 et
1136 1311 1185 1360 147

660 1363 744 1413 Maria
758 1364 894 1429 quomodo
909 1363 1048 1415 Christum
1062 1366 1188 1416 duoden-

687 1449 749 1483 nem
774 1435 927 1499 perdiderit,
948 1452 1009 1486 cum
1023 1436 1057 1486 de
1069 1444 1103 1487 eo'
1115 1439 1188 1487 sem·

683 1522 732 1571 per
746 1518 801 1556 tam
817 1506 899 1557 fuerit
912 1507 1033 1557 sollicita.
1100 1510 1119 1568 Ι,
1139 1508 1188 1559 150

654 1578 684 1627 111
706 1577 823 1627 diversis
850 1578 916 1628 locis
943 1578 1080 1634 Christum
1105 1579 1192 1637 *Maria
1216 1581 1219 1587 '

689 1647 816 1714 quaesivit
830 1658 856 1697 et
870 1648 978 1698 invenit.
1029 1639 1033 1654 '
1090 1650 1121 1709 ΙΙ,
1137 1647 1190 1718 689

658 1720 748 1770 Mariae
773 1721 878 1769 dolores
904 1730 930 1770 et
950 1719 1070 1771 anxietas
1084 1721 1116 1771 de
1129 1737 1192 1787 per-

686 1792 743 1842 dito
757 1791 874 1841 Christo.
1100 1794 1118 1858 1,
1141 1793 1186 1844 151

662 1862 744 1914 Maria
772 1861 849 1927 virgo
885 1871 1051 1928 quantopere
1077 1865 1194 1916 doluerit

695 1932 809 1984 audiens
823 1932 963 1984 Christum
978 1949 992 1984 a
1011 1935 1111 1985 Judaeis
1135 1950 1194 1987 esse

687 2015 804 2070 captum.
850 2012 853 2021 '
1077 2009 1122 2066 lV,
1139 2007 1190 2073 517

657 2079 696 2128 De
719 2076 772 2127 situ
799 2077 889 2126 Mariae
902 2077 1014 2142 virginis
1033 2079 1084 2128 sub
1114 2094 1191 2129 cruce

688 2147 807 2198 Domini.
969 2149 1012 2209 IV,
1031 2148 1082 2213 584
1097 2160 1123 2199 et
1135 2149 1190 2216 590

660 2219 744 2269 Maria
772 2218 824 2267 sub
852 2233 928 2268 cruce
956 2231 1030 2269 stans
1057 2221 1124 2270 facta
1151 2231 1192 2271 est

689 2297 773 2338 mater
788 2287 919 2338 Ecclesiae.
1078 2291 1121 2348 lV,
1138 2289 1188 2356 592

658 2360 697 2410 De
719 2357 810 2408 Mariae
837 2358 950 2424 virginis
977 2360 1119 2424 praesentia
1139 2361 1190 2410 sub

689 2447 766 2482 cruce
789 2430 902 2497 eiusque
926 2433 1067 2482 devotione
1088 2448 1118 2482 ac
1140 2433 1191 2481 do-

689 2505 753 2556 lore.
905 2509 907 2512 ⁴
1081 2505 1124 2568 IV,
1140 2502 1189 2554 583

662 2578 745 2628 Maria
759 2579 794 2629 ob
809 2578 915 2628 dolores
928 2577 1025 2627 animae
1040 2578 1192 2644 plusquam

691 2660 799 2716 martyr.
936 2651 955 2709 1,
974 2665 1024 2699 122
1042 2660 1067 2699 et
1082 2650 1125 2709 lV,
1141 2650 1192 2716 590

662 2721 774 2771 Mariam
801 2722 852 2772 sub
881 2736 957 2771 cruce
981 2732 1096 2771 stantem
1110 2736 1192 2785 quam

692 2793 787 2842 devote
801 2790 903 2842 s'olebat
926 2792 1036 2856 quidam
1052 2791 1194 2855 religiosus

693 2864 876 2928 contemplari.
1079 2863 1124 2922 1V,
1142 2861 1189 2928 591

664 2935 693 2983 111
709 2934 791 2983 Maria
814 2933 870 2982 sola
885 2932 982 2983 resedit
1002 2931 1068 2981 fides
1083 2932 1111 2981 in
1128 2932 1193 2982 Pas-

693 3003 770 3054 sione
802 3002 911 3053 Domini
937 3004 998 3053 lesu
1026 3013 1052 3052 et
1084 3002 1195 3052 sabbato

693 3085 793 3125 sancto.
976 3076 1020 3135 lV,
1034 3074 1088 3141 489
1102 3084 1128 3124 01
1142 3073 1195 3138 648

665 3145 756 3195 Mariae
781 3144 857 3193 dolor
880 3143 973 3193 videns
995 3156 1021 3194 et
1040 3144 1195 3209 amplexans

696 3224 835 3264 mortuum
850 3212 951 3264 Christi
962 3230 1060 3280 corpus
1072 3215 1105 3264 de
1118 3229 1196 3264 cruce

695 3285 855 3350 depositum.
977 3287 1021 3349 lV,
1036 3285 1085 3335 611
1103 3296 1129 3336 et
1143 3283 1195 3335 623

666 3359 750 3411 Maria
763 3358 839 3424 virgo
855 3375 976 3410 curcum
990 3359 1083 3409 ceteris
1098 3359 1198 3412 mulie·

698 3430 776 3479 ribus
792 3446 847 3479 non
868 3431 971 3480 venerit
985 3430 1016 3479 ad
1031 3445 1199 3479 monumen-

697 3512 764 3550 tum.
1084 3501 1127 3563 lV,
1146 3499 1197 3551 665

672 3571 764 3622 Mariae
777 3572 875 3637 virgini
889 3572 976 3637 prima
992 3572 1102 3623 Domini
1117 3589 1201 3638 appa-

700 3643 763 3692 ritio
778 3642 854 3692 facta.
1084 3645 1131 3702 lV‚
1148 3642 1200 3693 666

671 3713 755 3764 Maria
782 3713 850 3762 circa
873 3713 1068 3764 Ascensionem
1098 3713 1201 3765 Christi

699 3783 746 3833 ubi
771 3783 942 3833 habitaverit.
964 3785 1007 3844 lV,
1033 3800 1087 3851 744
1101 3794 1126 3835 et
1148 3798 1200 3849 790

670 3856 754 3907 Maria
780 3871 828 3905 cur
856 3871 917 3905 cum
944 3857 1014 3908 Filio
1041 3872 1091 3907 suo
1121 3857 1203 3906 coelos

702 3942 758 3976 non
775 3927 933 3977 ascenderit.
1091 3926 1133 3987 tv,
1149 3925 1197 3992 751
