2626 4328
91 271 230 325 49⁰.

95 388 143 439 per
168 372 241 438 quod
270 371 419 438 prophetiae
454 371 488 422 de
514 369 623 439 Christo

92 445 249 511 signantur;
268 442 372 494 diurne
392 458 455 494 vero
476 442 550 494 horae
572 442 623 493 sub

95 517 204 568 silentio
228 516 370 576 dicuntur,
407 515 471 583 quia
501 513 623 581 Apostoli

92 597 158 638 tunc
171 586 315 652 praedicare
332 602 387 637 uon
412 585 554 648 audebant,
569 598 624 635 un·

89 658 124 708 de
138 668 164 708 et
177 672 312 723 campanae
326 673 381 707 non
396 657 545 722 pulsantur,
561 654 625 722 quia

22 731 32 746 ⁸
92 738 158 779 tunc
184 743 268 779 sonus
289 725 489 794 praedicationis
502 724 623 776 cessavit.

92 800 117 850 Α
129 807 203 865 parte
215 799 317 849 montis
330 797 395 848 Sion
410 797 438 847 in
458 797 555 847 vallem
575 796 624 847 Jo-

93 869 189 935 saphat
207 867 401 928 descendendo,
423 877 489 918 sunt
506 880 624 917 cavernae

92 938 294 1005 Apostolorum,
318 937 369 989 ubi
397 938 532 988 latuerunt
553 945 625 987 tem-

93 1033 158 1084 pore
173 1015 316 1077 Passionis,
329 1015 438 1067 Christo
451 1015 553 1066 relicto.

126 1086 160 1138 26
176 1087 297 1147 Qursmur
311 1102 373 1137 uua
392 1100 626 1147 mosomensem

46 1181 50 1191 ’
91 1173 176 1212 sonus
188 1160 270 1211 Jusuu
285 1173 401 1209 securus
415 1175 471 1219 aar,
492 1174 525 1209 ar
538 1173 626 1222 Quos-

92 1249 147 1284 ω
174 1232 320 1284 nasicam?
337 1261 368 1270 -
386 1233 550 1284 Adolescens
575 1247 625 1282 au-

93 1310 145 1354 tem
188 1304 296 1370 quidam
329 1305 487 1369 sequebatur
522 1304 624 1365 Jesum,

93 1376 208 1426 amictus
219 1376 339 1439 sindone,
354 1375 380 1424 id
397 1389 437 1426 est
451 1376 533 1426 lintea
543 1385 625 1435 veste,

34 1506 36 1511 Α
93 1461 153 1512 quae
176 1445 361 1496 innocentiam
385 1444 527 1511 significat,
545 1458 626 1511 super

94 1519 173 1581 nudo,
199 1516 299 1567 scilicet
319 1530 447 1582 corpore3
474 1517 538 1582 quia
569 1532 625 1566 non

94 1588 210 1639 habebat
233 1587 306 1636 aliud
333 1586 524 1638 indumentum
546 1602 627 1653 supra

94 1659 216 1709 tunicam
235 1667 261 1707 et
282 1658 316 1706 ab
335 1669 417 1717 extra,
438 1673 520 1724 quam
540 1659 625 1708 solam

97 1731 250 1782 sindonem.
266 1729 318 1780 Hic
331 1741 421 1780 autem
434 1730 532 1780 dicitur
543 1729 627 1780 fuisse

95 1805 229 1867 Joannes;
254 1802 327 1852 unde
349 1803 425 1853 Beda
441 1821 450 1854 .·
465 1822 478 1849 u
495 1805 625 1854 iuvenem

96 1875 179 1925 istum
194 1873 232 1923 nil
245 1883 316 1923 vetat
327 1873 440 1939 intelligi
458 1872 541 1924 fuisse
552 1874 627 1924 Joan-

96 1961 169 2003 nem‚
186 1945 263 2010 cujus
274 1945 355 2011 longa
365 1957 426 2011 post
438 1945 496 1995 haec
507 1945 535 1995 in
548 1961 627 2015 carne

96 2015 151 2066 vita
168 2014 268 2065 indicio
286 2024 334 2065 est.
349 2033 363 2061 u
381 2015 431 2065 Hic
444 2031 507 2065 cum
521 2025 628 2067 tenere-

97 2097 141 2139 tur
164 2087 197 2138 ab
217 2086 320 2154 impiis,
342 2088 440 2153 rejecto
454 2089 627 2150 vestimento,

97 2161 203 2226 elapsus
220 2161 347 2212 manibus
362 2161 524 2222 tenentium,
539 2162 628 2212 nudus

96 2232 218 2300 profugit
235 2233 332 2294 abeis,
348 2249 466 2301 quorum
482 2233 583 2284 scilicet
602 2243 630 2285 et

97 2305 268 2372 praesentiam
292 2307 473 2357 detestabatur
492 2317 519 2357 et
543 2306 627 2371 facta;

96 2392 150 2426 non
167 2377 311 2428 aDomino
325 2378 402 2444 cujus
413 2393 533 2428 amorem
547 2377 628 2428 etiam

97 2447 196 2496 absens
219 2462 331 2512 corpore
356 2447 440 2498 fixum
462 2447 577 2499 servavit
599 2447 630 2499 in

98 2527 198 2567 mente.
222 2517 349 2568 Nondum
370 2519 481 2584 quidem
504 2518 584 2570 infuit
599 2518 629 2568 in

98 2605 129 2638 eo
149 2588 274 2654 perfecta
299 2592 420 2655 'car-itas,
455 2607 517 2657 quae
544 2593 629 2657 sor-as

96 2659 181 2710 mittit
192 2660 333 2724 timorem;
348 2663 393 2710 sed
411 2677 460 2728 pro
480 2672 555 2712 tanto
568 2664 629 2729 plus

96 2730 157 2781 aliis
180 2731 213 2781 de
235 2745 326 2781 amore
354 2731 482 2783 habuisse
512 2732 628 2794 videtur,

97 2803 162 2869 quia
177 2804 239 2869 plus
253 2802 349 2853 ceteris
365 2804 523 2870 Magistrum
538 2819 630 2871 seque·

97 2875 186 2924 batur.
202 2874 232 2925 ln
250 2872 320 2924 facto
340 2885 430 2926 autem
451 2891 510 2937 suo,
530 2891 629 2926 secun-

98 2947 164 2996 dum
188 2945 302 3002 Bedam,
321 2946 444 3013 designat
459 2946 519 2997 illos
536 2947 583 3014 qui
599 2958 630 2999 ut

98 3015 246 3068 securiores
267 3016 301 3076 ab
328 3016 481 3068 incursibus
507 3017 628 3070 hostium

97 3088 171 3150 fiant,
185 3089 320 3156 quidquid
337 3090 366 3141 in
382 3091 433 3142 hoc
448 3091 551 3142 mundo
565 3108 629 3159 pos·

98 3160 185 3211 sidere
201 3160 327 3212 videntur
348 3162 487 3226 abjiciunt,
512 3178 541 3215 ac
562 3164 627 3216 nudi

96 3229 189 3296 potius
211 3229 267 3280 Deo
290 3231 424 3296 famulari,
440 3249 523 3301 quam
536 3235 628 3286 adhae-

71 3347 73 3351 .
97 3299 182 3351 sendo
203 3301 301 3351 mundi
316 3303 396 3354 rebus
413 3304 553 3355 materiam
568 3315 628 3356 ten-

97 3369 171 3421 tandi
214 3381 240 3422 et
276 3387 292 3424 a
316 3372 372 3423 Deo
405 3375 546 3426 revocandi
579 3376 628 3427 ad-

95 3445 221 3496 versariis
256 3447 318 3497 dare
351 3447 515 3513 didicerunt;
554 3448 628 3514 juxta

96 3516 250 3582 exemplum
266 3517 335 3568 beati
352 3519 461 3585 loseph,
483 3519 540 3586 qui,
564 3520 629 3570 reli-

97 3597 139 3638 cto
156 3587 185 3638 in
201 3589 326 3640 manibus
341 3591 466 3641 adulterae
481 3591 571 3657 pallio,
584 3591 628 3642 fo-

97 3673 141 3709 ras
167 3658 278 3721 exilivit,
315 3662 419 3711 malens
446 3662 536 3712 nudus
561 3663 627 3727 Deo,

96 3744 178 3797 quam
194 3730 308 3782 indutus
323 3732 517 3798 cupiditatibus
538 3750 628 3786 mere-

93 3800 169 3853 tricis
192 3802 300 3856 servire.
326 3805 371 3856 Sic
395 3806 494 3858 Paulus
522 3807 628 3873 primus

96 3873 216 3940 eremita,
245 3874 341 3927 videns
364 3875 431 3928 alios
453 3875 567 3929 deficere
599 3877 627 3929 in

403 207 579 307 SECUNbAE
593 254 721 305 PARTIS
736 255 854 307 CAPUT
872 257 937 307 LIX.

678 370 824 437 exquisitis
855 364 1000 423 tormentis
1022 372 1100 440 fugit,
1124 385 1150 424 et
1173 376 1208 425 ad

677 442 852 494 solitudinem
884 458 913 494 se
939 444 1085 495 transtulit.
1117 443 1152 496 Et
1177 455 1208 498 tu

677 513 766 564 nudus
778 515 853 565 evola
863 515 896 566 ad
908 514 1037 565 vexillum
1051 515 1147 580 crucis,
1162 533 1210 584 po·

677 581 731 634 tius
746 600 828 651 quam
842 583 946 635 divitiis
959 584 1094 646 alliciaris,
1109 596 1136 637 et
1158 587 1209 638 de-

678 655 787 706 tinearis
806 672 821 708 a
835 657 948 721 mundo,
962 657 1109 723 quominus
1126 658 1210 710 Chri-

678 737 750 777 stum
765 728 887 780 imiteris.
905 729 981 780 Unde
995 729 1184 797 Hieronymus
1200 748 1211 783 .·

678 816 691 845 u
708 800 761 860 Qui
782 803 840 852 vult
852 801 968 867 effugere
987 817 1084 853 manus
1102 802 1210 869 iniquo-

678 889 749 935 rum,
763 875 919 943 relinquens
933 886 1024 927 mente
1037 891 1097 942 quae
1112 877 1210 928 mundi

679 956 752 1007 sunt,
768 945 855 1012 fugiat
869 957 930 1012 post
945 947 1047 996 Jesum.
1064 965 1077 994 u
1091 947 1212 998 Joannes

678 1035 743 1070 vero
763 1036 836 1080 mox,
850 1029 1005 1085 recuperato
1026 1029 1053 1070 et
1071 1030 1211 1086 resumpto

678 1090 851 1151 vestimento,
866 1090 945 1141 rediit
967 1100 992 1140 et
1015 1089 1166 1141 Dominum
1180 1102 1212 1142 ut

680 1161 755 1226 prius
769 1162 938 1227 sequebatur.
950 1159 1042 1210 Potuit
1056 1159 1131 1210 enim
1142 1159 1211 1222 fieri,

681 1241 710 1280 ut
731 1232 782 1282 sub
796 1231 879 1282 dubia
894 1231 980 1281 noctis
1003 1231 1062 1280 luce
1076 1245 1136 1281 sese
1151 1242 1213 1282 tur-

680 1302 721 1352 bis
744 1302 900 1353 ducentium
926 1301 1028 1360 Jesum,
1045 1300 1121 1367 quasi
1140 1316 1212 1352 unus

679 1388 711 1422 ex
741 1373 808 1440 ipsis
841 1371 1027 1431 immiscuerit,
1061 1372 1148 1423 donee
1176 1373 1211 1422 ad

681 1445 780 1495 atrium
804 1443 950 1512 pontificis,
971 1443 1013 1495 cui
1042 1449 1123 1494 notus‘
1146 1456 1212 1510 erat,

681 1517 840 1582 perveniret.
854 1517 970 1566 Joannes
984 1515 1093 1566 sudario
1108 1514 1216 1582 simpli-

680 1588 714 1648 ci,
734 1599 760 1639 et
778 1587 852 1639 tenui
868 1598 923 1639 erat
939 1589 1134 1654 supervestitus
1142 1603 1154 1650 ,·
1166 1589 1213 1639 sed

680 1677 750 1711 nunc
760 1672 846 1712 vestes
860 1660 1031 1711 extendimus
1049 1659 1078 1709 in
1091 1659 1213 1726 particis,

680 1743 706 1783 et
727 1733 859 1800 plicamus
876 1733 904 1783 in
929 1732 1026 1798 capsis,
1046 1745 1075 1781 ac
1096 1730 1214 1782 vestium

680 1804 907 1870 deportandamm
934 1803 1065 1853 habemus
1089 1816 1215 1853 summa-

682 1876 747 1935 rios,
762 1877 907 1943 quadrigas
923 1885 950 1926 et
966 1890 1079 1937 currus;
1095 1885 1121 1925 et
1131 1874 1214 1925 etiam

681 1962 773 1997 earum
798 1947 896 1997 caudas
918 1956 979 2012 post
998 1960 1048 1995 nos
1065 1944 1213 2006 trahimus,
1243 1969 1246 1974 ’

682 2020 723 2070 vel
738 2028 843 2084 portare
859 2017 983 2069 facimus.

713 2106 747 2154 ²7
776 2090 907 2150 Quu'ruoa
926 2104 1083 2140 uocuuaurs
1105 2104 1121 2138 s
1142 2102 1214 2138 suos

681 2165 886 2223 Arosrouonuu,
912 2177 995 2212 serus
1012 2177 1216 2212 couronmrro-

682 2249 723 2284 ms
744 2249 778 2283 er
799 2249 908 2283 onsrro.
924 2261 954 2270 -
968 2233 1006 2282 Ex
1020 2231 1071 2282 hoc
1092 2230 1215 2294 articulo,

683 2303 785 2354 scilicet
797 2302 859 2368 fuga
873 2302 1082 2369 discipulorum,
1095 2301 1215 2351 trahun-

682 2387 727 2427 tur
748 2387 864 2443 quatuor
895 2377 1065 2426 documenta.
1089 2374 1214 2425 Primum

682 2463 732 2513 est,
747 2452 821 2518 quod
840 2467 890 2502 nos
906 2465 1057 2509 caveamus,
1069 2463 1103 2498 ne
1119 2458 1145 2498 et
1160 2464 1211 2500 nos

683 2537 805 2589 unquam
826 2537 842 2571 a
859 2521 969 2573 Christo
990 2518 1137 2585 fugiamus.
1153 2519 1214 2568 'Fu-

682 2592 720 2657 git
743 2601 832 2642 autem
854 2591 1007 2650 aChristo,
1031 2588 1079 2654 qui
1104 2597 1214 2654 propter

681 2663 807 2712 timorem
833 2662 994 2722 humanum,
1027 2660 1069 2710 vel
1101 2674 1134 2709 ex
1159 2668 1216 2709 ten·

682 2732 784 2782 tatione
800 2731 941 2792 diabolica,
960 2731 1002 2781 vel
1019 2729 1085 2781 alias
1103 2738 1216 2796 propter

682 2818 845 2870 quacunque
880 2803 1041 2869 passionem,
1073 2815 1121 2853 seu
1148 2800 1217 2851 affe-

683 2876 803 2926 ctionem
825 2885 979 2940 corruptam
991 2873 1122 2938 relinquit
1137 2870 1217 2937 justi·

682 2947 751 2998 tiam
772 2955 818 2998 aut
836 2946 992 3010 veritatem
1007 2960 1069 2995 nam
1084 2942 1217 2996 Christus

683 3028 724 3069 est
738 3017 838 3084 justitia
852 3028 877 3068 et
893 3017 999 3068 veritas.
1021 3016 1054 3066 Et
1068 3013 1214 3066 universa·

683 3089 743 3139 liter
765 3088 794 3139 in
815 3087 890 3139 omni
905 3097 1012 3154 peccato
1023 3083 1131 3135 mortali
1143 3081 1217 3150 fugit

682 3161 766 3211 homo
792 3176 808 3211 a
833 3160 897 3210 Deo.
925 3188 956 3196 -
980 3157 1137 3209 Secundum
1163 3165 1215 3218 est,

684 3231 791 3298 quodsi
805 3246 855 3282 nos
864 3230 1010 3296 aliquando
1024 3244 1057 3280 ex
1068 3225 1217 3293 fragilitate

681 3303 714 3353 ad
751 3302 847 3352 horam
876 3316 892 3350 a
919 3299 1029 3350 Christo
1058 3297 1217 3348 recedamus

683 3375 825 3442 peccando,
841 3389 896 3424 non
907 3373 967 3424 ideo
982 3372 1113 3423 debemus
1122 3369 1216 3436 despe-

681 3463 749 3507 rare,
769 3447 815 3498 sed
830 3462 891 3496 cum
910 3445 1049 3512 Apostolis
1065 3457 1217 3509 resurgere,

682 3531 708 3572 et
730 3536 777 3586 per
795 3519 980 3586 poenitentiam
1000 3517 1167 3583 resipiscere.
1180 3543 1213 3555 -

682 3591 806 3643 Tertium
820 3601 868 3651 est,
884 3591 957 3657 quia,
969 3600 1000 3641 ut
1014 3602 1095 3654 supra
1110 3585 1216 3637 dictum

683 3675 732 3725 est,
758 3681 790 3715 ex
817 3664 879 3731 fuga
898 3674 1047 3715 ceterorum
1061 3659 1215 3725 discipulo-

683 3752 745 3786 rum
763 3735 873 3786 docetur
895 3734 997 3785 cautela
1015 3729 1137 3798 fugiendi
1158 3728 1215 3780 mi-

683 3822 736 3857 nus
758 3805 863 3857 idoneis
879 3805 911 3855 ad
930 3802 1066 3854 toleranda
1081 3797 1217 3865 supplicia

683 3888 709 3930 et
720 3877 839 3940 adversa,
858 3875 929 3927 sicut
944 3889 977 3926 ex
989 3869 1147 3941 poenitentia
1161 3868 1216 3921 Pe·
