2626 4328
318 242 366 293 DE
382 239 586 299 MATUTINIS,
605 239 640 289 IN
661 239 828 292 PASSIONE
841 242 979 295 DOMINI.

81 361 209 429 corpori3
241 360 289 410 sed
325 355 482 408 reaedificare
516 353 624 422 proprie

82 431 218 497 competit
252 429 353 495 templo
386 426 527 478 materiali.
561 426 622 476 Non

84 504 175 568 maius
195 511 285 553 tamen
301 500 462 551 miraculum
477 507 541 560 erat,
559 507 624 548 tem·

87 574 161 642 plum
187 571 374 624 manufactum
398 571 425 621 in
451 569 539 622 tribus
561 570 622 620 die·

87 644 136 696 bus
166 641 348 703 resedificare,
385 657 466 709 quam
502 641 622 707 seipsum

88 725 145 783 post
165 724 284 765 mortem
306 713 350 764 die
363 712 440 764 tertia
456 713 621 764 resuscitare.

89 787 162 846 item,
190 793 301 850 possent
323 783 378 834 dici
392 783 466 849 salsi
490 789 572 835 testes
590 799 622 835 ex

89 857 151 908 falsa
170 855 336 915 intentione,
352 853 416 922 quia
447 854 641 905 intendebant·

90 937 204 978 mortem
235 925 389 976 innocentis
409 940 558 991 procurare.

119 999 133 1051 5
147 999 221 1050 Tam
229 1014 390 1049 oocuneurn
400 1015 433 1048 os
444 1015 526 1050 rasso
537 1015 624 1050 resri-

91 1081 179 1134 nomo,
210 1086 296 1121 serus
331 1085 558 1121 consonuimoms
589 1086 623 1119 rr

92 1156 194 1193 marro.
212 1169 243 1179 -
260 1142 300 1191 Ex
314 1141 365 1190 hoc
381 1140 504 1202 articulo,
523 1140 623 1191 scilicet

92 1210 123 1263 de
130 1213 237 1264 latione
251 1209 311 1264 falsi
326 1210 485 1271 testimonii,
507 1226 624 1262 sumun-

94 1294 133 1336 tur
157 1284 211 1335 tria
229 1283 399 1334 documenta.
428 1282 552 1335 Primum
574 1291 623 1343 est,

95 1355 163 1422 quod
176 1370 229 1405 nos
243 1353 343 1405 falsum
356 1354 556 1416 testimonium,
568 1356 624 1404 imo

95 1443 199 1481 omnem
227 1427 372 1479 falsitatem
400 1438 427 1478 et
454 1427 624 1479 mendacium

95 1513 196 1551 summe
209 1498 384 1558 detestemur,
397 1497 461 1565 quia
477 1497 625 1548 mendaciis

96 1582 119 1623 et
128 1570 241 1622 fallaciis
255 1571 381 1622 Christus
398 1571 479 1621 morti
492 1580 532 1621 est
545 1570 624 1622 addi-

96 1654 158 1709 ctus,
182 1648 209 1693 et
222 1659 273 1693 nos
288 1643 504 1710 quotiescunque
526 1641 624 1694 falsum

97 1715 279 1769 testimonium
301 1725 327 1765 et
350 1715 520 1766 mendacium
535 1727 625 1767 contra

97 1788 246 1855 proximum
273 1786 445 1853 proferimus,
473 1787 624 1848 Christum,

97 1870 223 1927 quantum
238 1859 267 1908 in
290 1858 370 1908 nobis
386 1867 435 1919 est,
451 1858 531 1908 morti
546 1857 625 1907 addi-

96 1932 185 1984 cimus.
200 1931 280 1982 Unde
305 1945 388 1997 quam
410 1929 567 1981 detestabile
590 1930 626 1981 sit

97 2002 162 2054 istud
192 2000 315 2064 crimen,
343 1999 460 2050 ostendit
491 2000 624 2064 Isidorus,

98 2074 183 2126 dicens
204 2091 211 2124 :
237 2091 252 2119 a
269 2071 360 2122 Testis
381 2070 522 2122 falsidicus
539 2071 627 2122 tribus

98 2143 215 2209 personis
249 2151 290 2193 est
314 2140 450 2191 obnoxius
473 2159 481 2192 ι
505 2141 625 2207 primum

96 2214 157 2275 Deo,
170 2229 255 2281 quem
279 2213 440 2278 perjurando
459 2213 625 2278 contemnit;

98 2297 290 2355 consequenter
310 2286 409 2352 judici,
438 2302 520 2352 quem
546 2303 625 2337 men·

97 2361 184 2413 tiendo
199 2361 282 2423 fallit;
297 2369 465 2425 postremum
476 2359 625 2422 innocenti,

97 2451 171 2501 quem
195 2433 265 2485 falso
288 2432 446 2490 testimonio
468 2434 550 2485 laedit.
567 2452 581 2481 n
596 2462 626 2472 -

97 2505 245 2557 Secundum
261 2513 311 2565 eet,
335 2503 408 2571 quod
424 2520 474 2555 nos
492 2504 628 2555 discamus

97 2578 334 2638 incriminationes,
354 2576 377 2628 si
399 2578 479 2629 nobis
503 2577 627 2630 inferan-

97 2660 145 2714 tur,
162 2663 257 2700 smore
271 2647 319 2698 Dei
334 2647 467 2714 patienter
483 2649 626 2710 sustinere,

97 2722 160 2773 sinit
173 2720 302 2772 Christus
321 2735 370 2786 pro
391 2721 471 2771 nobis
487 2722 519 2771 ad
532 2736 628 2771 omnes

97 2794 169 2846 falsas
199 2793 433 2845 incriminationes
471 2794 630 2861 simpliciter

98 2866 191 2928 tacuit,
220 2865 295 2932 quia,
317 2866 468 2916 secundum
492 2866 629 2933 Angusti-

98 2952 163 3001 nnn,
193 2946 286 3003 aperta
314 2935 455 2988 mendacia
484 2952 539 2987 non
565 2945 630 2988 sunt

98 3007 271 3075 responsione
293 3007 558 3073 digna-Tertium
580 3017 629 3069 est,

98 3088 125 3129 ut
132 3093 183 3129 uos
190 3076 313 3128 fallacias
324 3076 489 3138 studeamus,
499 3086 630 3144 quantum

98 3163 154 3201 tum
177 3146 237 3200 Deo
259 3162 418 3214 possumus,
433 3147 584 3211 declinare3
598 3147 631 3196 ad

98 3217 145 3270 lroc
174 3216 249 3271 enim
268 3245 269 3248 =
285 3216 419 3268 Dominus
444 3216 525 3268 falsos
551 3226 631 3267 testes

98 3289 234 3352 sustinuit,
263 3298 295 3340 ut
320 3304 371 3339 nos
390 3289 424 3339 ab
445 3288 484 3339 eis
508 3287 631 3355 eriperet,

98 3360 164 3417 icut
187 3360 271 3413 etiam
296 3369 410 3410 mortem
433 3359 572 3420 sustinuit,
602 3368 632 3409 ut

100 3450 146 3486 nos
162 3450 179 3486 a
193 3434 284 3485 m'orte
307 3433 439 3484 liberaret.
461 3433 503 3483 Ad
522 3431 632 3483 confor-

100 3508 226 3558 mandum
255 3520 284 3557 se
312 3505 357 3554 isti
387 3504 508 3566 articulo,
535 3504 634 3571 gratias

100 3575 179 3628 homo
205 3575 304 3628 referat
325 3573 435 3626 Christo
457 3574 531 3640 quod
552 3573 634 3624 falsos

100 3657 177 3699 testes
191 3656 288 3699 contra
302 3660 331 3696 se
347 3643 466 3704 admisit,
481 3653 511 3694 ut
528 3659 578 3694 nos
591 3659 635 3693 ve-

100 3719 174 3771 ritate
195 3717 314 3779 fulciret,
341 3727 367 3768 et
392 3715 431 3767 sic
455 3725 534 3766 oret:
549 3716 634 3779 Jesu,

101 3790 141 3857 qni
155 3805 175 3843 a
188 3789 298 3842 Judaeis
311 3787 400 3855 salsis
416 3787 575 3839 testimoniis
585 3800 635 3838 ac-

101 3861 191 3914 cusari
207 3859 328 3925 voluisti,
344 3858 380 3911 da
398 3856 464 3910 milri
474 3856 572 3910 nemini
577 3854 636 3922 sal-

1151 262 1205 316 499

676 368 723 406 sas
752 357 901 409 calumnias
921 360 1035 425 inferre,
1066 367 1092 412 et
1112 362 1207 417 illatas

671 441 724 494 pro
748 432 794 479 tuo
812 427 911 481 honore
924 431 1057 496 patienter·
1080 434 1204 501 suffore.

707 495 885 551 6Aosuanr1o
902 517 983 552 suunt
1002 502 1150 556 Pourrrrcrs
1172 524 1206 559 ar

675 567 787 619 Crrrusrr
812 585 1011 623 sassons10.—
1026 574 1127 626 Videns
1153 592 1204 629 au-

674 649 728 691 tem
753 640 869 707 Caiphas
890 644 1013 711 princeps
1028 648 1205 712 sacerdotum,

675 714 748 778 quod
773 714 849 765 Jesus
871 717 982 780 tacebat,
997 729 1023 769 et
1035 720 1108 784 quod
1127 721 1206 772 testi-

675 784 768 836 monia
782 797 872 838 contra
885 803 948 838 eum
961 790 1089 855 producta
1101 792 1134 841 ad
1149 792 1206 857 ejus

674 858 928 911 condemnationem
955 879 1009 912 non
1029 863 1206 929 sufficiebant,

675 930 854 996 perturbatus,
877 933 942 997 quia
970 950 1023 984 non
1054 935 1206 989 inveniebat

675 1002 764 1050 locum
785 1002 936 1063 calumnia,
967 1014 993 1054 et
1020 1006 1092 1056 unde
1116 1019 1207 1073 posset

674 1073 765 1123 Jesum
793 1074 860 1138 juste
886 1075 1082 1139 condemnare,
1111 1079 1206 1146 sicque

676 1145 713 1195 ira
737 1156 897 1206 commotus,
926 1156 952 1197 et
978 1147 1085 1198 vesania
1107 1151 1208 1203 mentis

675 1215 800 1281 agitatus,
824 1232 941 1283 surgens
969 1234 1002 1269 ex
1027 1219 1206 1285 impatientia,

676 1287 703 1336 in
717 1287 839 1349 medium,
862 1287 894 1339 de
907 1288 975 1338 solio
990 1291 1155 1353 sacerdotali,
1170 1292 1208 1343 ait

676 1359 738 1409 illi:
758 1359 836 1410 Nihil
860 1360 1006 1426 respondes
1028 1361 1126 1424 adea,
1148 1375 1208 1428 qna·

676 1429 723 1480 isti
733 1429 864 1480 adversas
880 1436 904 1481 te
916 1429 1120 1499 testificantur?
1132 1433 1207 1483 Motu

676 1502 796 1568 corporis
816 1501 949 1553 insaniam
970 1503 1067 1554 mentis
1092 1504 1208 1555 demon·

675 1585 750 1635 strat,
767 1591 828 1625 cum
855 1575 1030 1642 temperantia
1048 1584 1073 1626 et
1095 1577 1209 1642 gravitas

677 1647 705 1694 in
724 1645 816 1707 verbo,
838 1661 918 1712 opere
933 1656 959 1696 et
987 1657 1063 1713 gestu
1091 1647 1210 1712 judicem

677 1726 703 1765 ct
717 1715 856 1780 praelatum
872 1717 971 1767 deceat.
992 1718 1145 1769 Secundum
1160 1719 1209 1771 Be·

677 1786 748 1849 dam,
761 1785 793 1835 ad
806 1801 966 1851 responsum
981 1797 1116 1853 provocat,
1131 1799 1162 1840 ut
1176 1805 1208 1840 ex

677 1857 815 1908 occasione
827 1859 960 1909 sermonis
976 1859 1065 1909 locum
1080 1875 1209 1912 accusan-

677 1930 704 1980 di
731 1930 857 1982 inveniat.
880 1933 964 1982 Jesns
985 1939 1071 1983 autem
1096 1934 1209 1999 tacebat,
1292 1980 1296 1989 .

677 2011 702 2051 et
728 2000 798 2051 nihil
822 2003 960 2068 respondit
983 2014 1013 2054 ut
1035 2005 1209 2054 ostenderet:

676 2072 775 2138 primo,
798 2088 874 2124 suam
891 2073 1032 2138 justitiam,
1050 2074 1115 2141 quia
1129 2084 1155 2125 et
1169 2074 1210 2125 illi

678 2143 782 2209 indigni
812 2153 896 2208 erant,
921 2154 947 2195 et
973 2160 1003 2196 ea
1029 2161 1090 2211 quoe
1118 2154 1211 2196 contra
1240 2152 1243 2157 '

678 2214 767 2280 ipsum
799 2215 956 2266 dicebantur
982 2225 1056 2266 erant
1081 2216 1156 2277 falsa,
1184 2226 1211 2266 et

679 2284 854 2350 responsione
904 2284 1032 2351 indigna;
1076 2283 1212 2345 secundo,

679 2373 755 2408 suam
779 2357 1002 2418 misericordiam,
1022 2372 1057 2408 ne
1083 2357 1122 2408 illi
1151 2372 1213 2408 am-

680 2428 752 2495 plius
774 2438 920 2494 peccarent,
942 2427 964 2478 si
979 2428 1008 2478 in
1029 2427 1132 2479 malitia
1151 2443 1214 2494 per-

679 2503 825 2563 durarent;
845 2501 935 2563 tertio,
947 2517 1024 2552 suam
1043 2502 1214 2567 sapientiam,

680 2572 744 2639 quia
761 2572 871 2634 sciebat,
897 2581 927 2622 ut
946 2573 1028 2635 Deus,
1043 2573 1116 2640 quod
1131 2572 1215 2639 quid·
1235 2610 1240 2628 2

680 2644 746 2710 quid
778 2643 979 2710 respondisset,
1011 2644 1154 2696 traxissent
1184 2643 1214 2693 in

680 2718 853 2779 calumniam,
872 2726 897 2768 et
909 2719 1048 2784 responsio
1064 2718 1216 2769 excusatio·

681 2789 735 2850 nis,
747 2789 823 2839 nullo
836 2787 970 2848 audiente,
985 2786 1081 2838 fuisset
1096 2786 1213 2850 inutilis;

682 2871 778 2927 quarto
793 2876 870 2912 suam
885 2861 1053 2927 patientiam,
1068 2871 1099 2910 ut
1121 2874 1213 2910 exem-

683 2934 759 2997 plum
773 2931 847 2982 daret
867 2943 1037 2982 contemnere
1052 2931 1218 2980 calumniari·
1291 2985 1296 2993 ,

681 3003 751 3053 tium
767 3017 855 3063 voces,
865 3011 891 3052 et
904 3001 996 3067 potius
1009 2999 1114 3050 fortiter
1128 2998 1216 3060 silere,

682 3090 765 3142 quam
780 3073 840 3124 sine
854 3073 910 3124 ullo
931 3071 1051 3138 profectu
1065 3068 1216 3122 defendere.

684 3145 755 3195 Hinc
768 3142 931 3208 colligimus,
943 3141 1040 3208 porcis,
1052 3150 1078 3191 et
1093 3139 1216 3201 canibus,

683 3227 710 3268 et
734 3214 946 3278 detractoribus,
970 3214 1012 3266 vel
1039 3213 1216 3281 quibuslibet,

684 3304 739 3338 non
752 3302 810 3338 esse
823 3285 1051 3353 respondendum,
1065 3301 1127 3336 cum
1144 3286 1218 3335 nulla

684 3369 808 3411 secutura
830 3357 865 3408 sit
885 3357 998 3417 utilitas,
1009 3357 1054 3407 sed
1070 3356 1160 3422 potius
1172 3355 1218 3406 in-

685 3428 873 3482 commoditas.
893 3427 1001 3486 Quanto
1017 3437 1108 3476 autem
1131 3425 1218 3492 magis

685 3500 762 3550 Jesus
773 3498 806 3548 ad
823 3497 950 3564 indignos
971 3496 1146 3561 responsione
1161 3497 1219 3560 ejus

685 3572 785 3634 scebat,
804 3579 878 3620 tanto
917 3568 1003 3634 magis
1029 3567 1151 3619 Pontifex
1172 3567 1218 3618 fu-

686 3657 748 3692 rens
770 3656 832 3691 eum
859 3640 891 3690 ad
913 3639 1132 3704 respondendum
1152 3653 1218 3704 pro-

687 3714 806 3774 vocabat,
820 3722 851 3763 ut
867 3728 900 3763 ex
915 3712 1005 3762 verbis
1020 3712 1078 3776 ejus
1097 3709 1218 3761 occasio—

687 3801 750 3836 nem
775 3782 957 3836 calumniandi
985 3791 1112 3848 captaret.
1140 3783 1219 3832 Tunc

688 3855 773 3921 enirn,
790 3855 917 3923 princeps
936 3853 1112 3916 sacerdotnm,
1125 3862 1220 3903 rursus
