2626 4328
144 228 196 280 566

146 343 190 395 nis
209 342 312 394 fortiter
336 341 441 408 corpori
463 334 624 393 adhaerebat.
647 342 680 392 Et

146 428 211 466 tunc
238 429 335 481 corpus
362 413 436 478 ejus,
468 423 523 462 tam
545 413 680 478 eleganter

145 485 300 544 formatum,
315 482 437 549 apparuit
455 492 541 532 totum
563 492 680 532 cruenta·

147 568 215 617 tum,
230 568 255 606 et
276 555 406 607 livoribus
420 555 561 620 repletum.
577 555 606 603 ln
627 554 679 604 hoc

147 628 228 679 etiam
247 624 370 692 apparuit
385 624 519 674 Passionis
537 624 594 695 ejus
606 624 681 690 igno·

148 700 239 758 minia,
258 697 331 764 quod
357 696 446 746 nudus
467 705 506 746 est
522 695 679 762 crucifixus3

148 773 212 839 quia
229 774 280 822 hoc
297 787 350 821 non
368 769 399 820 fit
419 769 472 820 nisi
495 770 616 836 personis
637 770 680 820 ab

147 843 222 907 jectis
244 851 270 892 et
285 841 393 892 vilibus.
418 842 442 892 Ο
464 851 581 907 quantus
604 841 681 891 dolor

148 922 204 962 erat
227 911 286 970 tibi,
313 912 397 961 Mater
418 910 596 972 sanctissima,
618 926 679 960 curn

148 985 234 1035 oculis
258 983 313 1034 tuis
342 984 473 1050 aspiceres
500 983 568 1034 ista!
602 983 680 1033 Nunc

148 1055 221 1106 enim
245 1056 334 1120 primo
348 1056 514 1121 conspiciens
529 1056 614 1106 Mater
630 1070 679 1104 sua

148 1127 249 1178 Filium
268 1127 305 1178 sic
325 1129 495 1178 vulneratum
516 1137 542 1179 et
562 1128 681 1194 disposi-

149 1211 217 1259 tum,
228 1200 320 1250 dolore
333 1199 432 1250 mentis
444 1200 530 1249 nimio
543 1199 679 1264 affligitur.

148 1270 281 1320 Tristatur
291 1280 379 1320 autem
392 1286 472 1337 supra
486 1270 606 1328 modum,
617 1270 681 1335 quia

122 1387 125 1395 .
148 1356 210 1390 eum
235 1341 306 1392 videt
326 1341 364 1391 sic
385 1340 525 1391 nudatum.
548 1340 682 1391 Accelerat

147 1410 230 1476 igitur
245 1414 335 1471 Mater,
350 1420 375 1461 et
393 1411 463 1462 Filio
481 1428 531 1462 suo
551 1410 680 1476 approxi-

149 1493 214 1542 mat,
236 1498 266 1532 ac
285 1484 343 1534 velo
362 1482 457 1549 capitis
478 1483 520 1533 sui
543 1498 605 1533 eum
625 1483 681 1533 cin-

147 1554 187 1618 git
205 1564 231 1602 et
248 1554 325 1602 velat.
342 1552 365 1602 0
383 1553 412 1602 in
433 1563 531 1617 quanta
549 1554 680 1603 amaritu-

148 1624 209 1674 dine
244 1632 284 1672 est
311 1638 383 1673 nunc
410 1623 500 1673 anima
527 1622 588 1673 sua!
619 1625 679 1673 Non

148 1693 226 1742 credo
243 1691 315 1758 quod
338 1693 450 1742 verbum
467 1691 553 1743 facere
574 1693 679 1758 potuis-

147 1777 196 1817 set.
229 1766 322 1817 Differt
349 1777 437 1817 autem
468 1767 518 1818 iste
552 1767 680 1818 articulus

57 1883 61 1890 ,
147 1836 350 1902 exspoliationis
368 1838 401 1887 ab
421 1837 532 1887 articulo
545 1837 679 1887 exutionis

147 1906 174 1955 in
196 1905 385 1972 flagellatione,
405 1906 468 1971 quia
482 1907 519 1957 ibi
534 1908 680 1957 exuebatur

147 1978 176 2026 in
195 1976 319 2042 praetorio
335 1992 424 2027 coram
441 1977 556 2028 Praeside
577 1987 602 2028 et
622 1977 679 2027 suis

147 2049 293 2112 ministris,
322 2048 367 2098 hic
401 2060 490 2100 autem
520 2049 549 2099 in
572 2050 679 2115 publico

146 2135 235 2170 coram
250 2120 322 2169 omni
337 2120 451 2186 populo,
467 2120 541 2182 item,
554 2120 591 2170 ibi
604 2137 680 2171 exue·

148 2191 224 2240 batur
241 2191 430 2250 reinduendus,
450 2190 494 2240 hic
508 2200 597 2241 autem
613 2207 680 2240 nun·

146 2278 228 2329 quarn
249 2263 443 2326 reinduendus,
458 2274 484 2313 et
498 2263 558 2314 ideo
574 2264 679 2330 signan-

144 2345 185 2384 ter
203 2334 241 2384 ibi
263 2334 364 2384 dictum
386 2345 434 2395 est,
455 2336 527 2401 quod
546 2342 679 2386 exuerunt

145 2421 211 2469 eron,
228 2407 272 2457 hic
284 2418 372 2458 autem
384 2408 482 2459 dIcitur
495 2411 568 2476 quod
583 2425 680 2476 exspo-

145 2479 280 2528 liaverunt
291 2493 358 2539 eum,
373 2481 450 2544 quasi
466 2497 606 2547 nunquam
625 2497 678 2532 am-

144 2549 216 2613 pli'us
235 2558 320 2599 vestes
343 2550 537 2602 rehabiturum.
564 2553 603 2602 Ex
625 2553 677 2602 hoc

143 2618 255 2668 articulo
276 2618 436 2671 documenta
454 2632 567 2687 possunt
584 2623 677 2689 accipi,

144 2690 213 2741 sicut
233 2703 265 2737 ex
287 2689 344 2739 illo.
366 2691 447 2752 Item,
472 2704 512 2742 est
530 2693 678 2743 documen-

144 2770 212 2819 tum,
231 2759 304 2826 quod
326 2777 375 2811 nos
389 2758 519 2813 debemus
534 2764 627 2814 nudari
643 2764 677 2814 ab

144 2830 272 2880 omnibus
294 2831 374 2881 rebus
394 2842 420 2882 et
442 2833 545 2882 actibus
559 2835 677 2884 munda-

144 2902 207 2965 nis,
234 2902 313 2952 saluti
337 2913 435 2954 nostrae
459 2904 611 2966 contrariis,
637 2917 676 2968 ut,

145 2973 293 3023 secundum
327 2973 546 3037 Hieronymum,
576 2977 676 3028 nudam

143 3057 248 3093 crucem
272 3042 337 3092 nudi
361 3058 513 3108 sequamur.
535 3046 617 3107 Item,
637 3056 677 3098 est

143 3112 347 3173 documentum,
362 3115 434 3181 quod
456 3115 478 3165 si
497 3130 578 3182 quem
593 3117 676 3168 Chri-

143 3181 262 3232 stianum
292 3184 429 3264 contingat
452 3201 468 3236 a
495 3186 675 3252 praedonibus,

143 3252 263 3303 vestibus
281 3253 338 3304 suis
353 3256 472 3338 spoliari,
484 3258 637 3307 recordetur
650 3268 676 3309 et

142 3323 282 3374 Christum
295 3341 310 3376 a
322 3327 380 3376 suis
395 3326 597 3379 crucifixoribus
610 3345 675 3410 spo-

141 3391 252 3458 liatum;
268 3406 293 3446 et
308 3396 358 3446 erit
375 3397 426 3447 sibi
442 3398 553 3450 materia
568 3400 675 3465 patien-

142 3462 195 3513 tiae.
228 3466 269 3515 Ad
297 3466 520 3519 conformandum
556 3485 585 3520 se
611 3471 675 3522 huic

141 3533 264 3616 articulo,
290 3548 483 3589 rememoretur
501 3540 585 3615 hqmo
607 3543 675 3592 sub-

140 3606 267 3657 stantiam
283 3618 357 3660 actus
372 3610 486 3693 articuli,
507 3594 536 3662 ef
550 3624 616 3675 oret,
631 3614 675 3664 di-

141 3677 256 3727 cendo:
277 3679 352 3743 Jesu,
374 3682 421 3747 qui
440 3690 501 3733 ante
518 3697 620 3735 erucem
635 3699 674 3735 ve·

141 3746 226 3796 stibus
242 3750 397 3814 exspoliari
406 3757 432 3802 et
443 3753 542 3805 nudari
555 3753 672 3818 voluisti,

135 3818 187 3883 sac
199 3833 241 3870 me
253 3820 288 3872 ab
299 3823 419 3874 omnibus
432 3824 573 3877 mundanis
582 3825 672 3891 rebus,

399 226 572 278 SECUNDAE
605 225 729 277 PARTIS
750 226 867 279 CAPUT
880 230 970 284 LXIII.

733 341 905 409 inquantum
928 353 1021 398 contra
1044 346 1158 398 salutem
1180 363 1263 402 meant

733 421 806 478 sunt,
836 416 980 479 denudari,
1008 423 1138 483 quatenus
1166 421 1262 473 nudum

733 487 892 554 crucifixum
908 495 934 540 et
948 489 1044 540 nudam
1059 503 1164 542 crucem
1178 493 1263 545 nudus

733 570 840 623 sequar.

766 628 779 678 5
799 629 929 681 Exrnnsro
941 631 1051 682 Gnarsrr
1064 647 1092 681 rrt
1105 648 1201 694 cauce,
1217 649 1265 685 uo·

733 713 855 749 cursura
869 717 922 751 nuo
938 717 972 751 ax
985 719 1026 761 ri,
1043 717 1125 753 ierus
1147 719 1264 755 cortron-

733 788 857 822 rrnrrortrs
873 790 906 823 er
925 791 1032 825 onnrro.
1049 804 1079 813 —
1093 776 1199 827 Deinde
1212 776 1263 829 eri·

734 843 806 909 pitnr
826 843 971 895 furibunde
989 846 1075 896 Filius
1092 847 1124 896 de
1140 847 1265 899 manibus

734 913 826 963 Matris
847 914 979 966 dolorosae
1004 931 1056 965 non
1075 915 1135 966 sine
1160 916 1264 982 magnis

733 983 882 1045 doloribus,
902 985 1057 1051 gemitibus,
1079 996 1106 1037 et
1126 987 1264 1069 suspiriis;

727 1064 760 1107 et
785 1055 892 1106 ducitur
913 1058 945 1106 ad
973 1069 1087 1108 mortem
1113 1059 1211 1110 crucis.
1231 1058 1264 1110 Et

734 1125 822 1175 nudus
848 1141 928 1191 super
946 1126 1049 1206 lignum
1078 1128 1182 1188 crucis,
1207 1142 1264 1195 que

734 1193 762 1243 in
781 1206 849 1246 terra
863 1208 917 1246 erat
938 1196 1033 1262 posita,
1050 1197 1107 1248 dire
1123 1199 1262 1262 projectus,

733 1265 876 1316 crudeliter
887 1282 1019 1331 expansus
1033 1276 1059 1317 et
1073 1277 1182 1329 tractus,
1202 1268 1264 1319 stri·

733 1336 851 1386 ctissime
865 1338 891 1387 in
907 1339 1018 1388 modum
1031 1338 1108 1404 pellis
1124 1338 1190 1389 hinc
1204 1340 1264 1391 inde

733 1416 774 1456 est
800 1418 934 1458 extensus.
959 1408 1062 1458 Dicitur
1083 1408 1167 1470 enirn,
1192 1409 1263 1476 quod

732 1476 863 1528 foramina
886 1478 1006 1528 fecerunt
1033 1478 1107 1544 prius
1126 1479 1156 1529 in
1178 1495 1263 1541 cruce,

733 1557 760 1597 et
787 1549 851 1614 quia
879 1549 986 1599 brachia
1000 1551 1036 1599 'et
1060 1550 1141 1615 pedes
1165 1549 1265 1601 Christi

734 1636 788 1670 non
812 1632 934 1688 poterant
959 1621 1091 1672 foramina
1116 1623 1264 1690 attingere,

733 1692 793 1743 ideo
815 1693 903 1759 ligatis
921 1694 1034 1744 funibus
1053 1694 1080 1744 in
1102 1695 1221 1746 brachiis
1240 1706 1265 1745 et

732 1763 846 1829 pedibus
858 1775 963 1815 tanturn
975 1774 1120 1827 traxerunt,
1133 1780 1164 1815 ac
1175 1766 1265 1816 dulces

732 1851 828 1886 manus
843 1846 868 1886 et
881 1837 961 1901 pedes
981 1838 1016 1886 ita
1033 1836 1158 1887 atrociter
1171 1847 1263 1887 exten-

732 1906 837 1967 derunt,
857 1908 929 1973 quod
951 1923 1045 1957 omnes
1066 1908 1199 1972 juncturae
1218 1923 1265 1957 os·

732 1977 804 2027 sium
825 1979 988 2028 dinumerari
1012 1988 1167 2044 potuerunt,
1191 1978 1263 2044 juxta

732 2047 799 2097 illud
828 2048 974 2098 Psalmistae
990 2064 1000 2096 ·:
1022 2049 1264 2099 uinum-averunt

732 2121 821 2171 omnio
840 2135 903 2171 orsa
918 2135 985 2183 mea,
1002 2121 1028 2170 id
1045 2133 1085 2172 est
1105 2121 1264 2172 dinumera-

733 2191 797 2241 bilia
815 2191 943 2250 fecerunt,
969 2192 1024 2255 ubi,
1047 2194 1195 2243 secundum
1212 2194 1264 2243 Arr-

731 2261 883 2327 gustr'num,
910 2261 942 2311 ad
965 2262 1080 2311 litteram
1105 2261 1264 2312 describitur

732 2331 851 2381 extensio
874 2332 993 2396 corporis
1008 2332 1111 2382 ChrIsti
1135 2333 1164 2382 in
1179 2332 1262 2399 ligno,

732 2418 780 2452 nec
805 2412 906 2468 poterat
927 2403 1024 2452 melius
1045 2403 1161 2453 describi
1183 2402 1263 2469 hujus

731 2473 858 2524 extensio.
879 2474 942 2524 Haec
953 2485 1042 2523 autem
1060 2473 1182 2524 extensio
1197 2474 1263 2525 mul·

731 2553 790 2594 turn
824 2559 932 2610 poenosa
959 2544 1034 2603 fuit,
1063 2554 1089 2594 et
1116 2546 1262 2595 maximam

731 2633 838 2682 poenam
855 2618 965 2670 Christo
986 2618 1087 2669 intulit.
1103 2619 1183 2670 Unde
1202 2618 1264 2685 legi·

730 2699 792 2749 tur,
824 2689 896 2753 quod
921 2704 983 2738 cum
1016 2688 1139 2754 quaedam
1168 2689 1263 2739 devota

731 2773 852 2822 persona,
867 2757 894 2807 in
914 2757 1028 2824 quadam
1043 2758 1205 2810 revelatione
1218 2757 1262 2809 in·

729 2837 873 2893 terrogaret
893 2843 908 2877 a
928 2828 1056 2888 Domino,
1071 2827 1137 2894 quid
1161 2829 1191 2878 in
1207 2844 1264 2879 om·

729 2901 817 2961 nibus,
828 2916 888 2966 quae
899 2917 947 2967 pro
960 2902 1038 2952 nobis
1050 2901 1171 2967 pertulit,
1183 2900 1264 2955 maxi·

730 2987 773 3022 me
788 2972 927 3035 doluisset,
947 2972 1108 3037 respondit:
1129 2971 1212 3032 Quod
1233 2970 1262 3021 in

729 3059 805 3094 cruce
819 3055 945 3095 extensus
959 3043 1008 3104 fui,
1026 3044 1062 3093 ita
1076 3043 1149 3109 quod
1171 3041 1263 3093 omnia

729 3131 790 3166 ossa
816 3132 874 3167 mea
901 3115 1036 3166 numerari
1063 3123 1207 3181 poterant;
1237 3124 1263 3165 et

729 3187 882 3268 quicunque
896 3202 944 3251 pro
960 3185 1007 3236 illo
1021 3184 1113 3234 dolore
1125 3183 1195 3234 mihi
1208 3198 1263 3251 gra·

728 3257 779 3307 tias
799 3255 891 3321 egerit,
914 3254 950 3306 ita
970 3264 1075 3321 gratnm
1097 3253 1262 3320 obsequium

729 3327 797 3378 mihi
811 3327 956 3392 prestabit,
967 3343 996 3377 ac
1012 3327 1034 3378 si
1047 3327 1139 3377 omnia
1151 3327 1263 3377 vulnera

728 3412 788 3448 mea
800 3406 939 3462 unguento
952 3396 1112 3448 suavissimo
1126 3396 1262 3447 deliniret.

728 3469 767 3519 Ex
782 3467 834 3518 isto
851 3467 964 3518 articulo
978 3466 1144 3520 extensionis
1156 3466 1186 3516 in
1197 3482 1263 3517 cru·

728 3554 758 3589 ce
778 3547 923 3589 sumuntur
942 3539 996 3588 duo
1014 3539 1186 3587 documenta.
1209 3534 1263 3587 Pri·

728 3623 804 3658 mum
832 3616 889 3668 est,
924 3608 996 3674 quod
1028 3616 1054 3657 et
1088 3621 1138 3656 nos
1167 3604 1260 3656 omnia

727 3684 848 3734 membra
869 3694 895 3734 et
915 3697 1014 3748 organa
1032 3680 1154 3747 corporis
1175 3678 1261 3731 nostri

726 3757 866 3808 extendere
889 3755 1018 3805 debemus
1043 3753 1072 3804 in
1096 3751 1260 3819 obsequium

726 3825 827 3880 ChrIsti
840 3843 847 3878 ι
860 3840 956 3877 manus
969 3824 1092 3877 videficet
1107 3833 1134 3875 et
1150 3819 1262 3875 brachia
