2626 4328
91 327 146 395 524

90 443 155 493 tiam
179 444 242 493 dare
260 451 370 493 coactus
391 451 471 492 esset.
496 442 529 492 Et
556 442 621 491 dum

90 514 230 575 mittitur,
258 513 289 564 fit
326 528 472 563 concursus
502 527 623 578 magnus

90 589 254 654 populorum
288 603 351 638 eum
384 587 566 652 sequentium.
598 586 622 636 Ο

88 662 207 711 Domina
232 659 347 726 qualiter
369 659 436 719 ibas,
451 660 493 710 vel
512 658 576 725 quis
597 669 623 708 te

89 732 196 796 iuvabat
210 743 240 780 ut
256 731 314 781 ires
334 731 361 779 in
384 741 459 781 tanta
475 729 621 801 pressura!

89 802 166 853 Certe
180 803 335 867 exemplum
349 801 452 851 doloris
465 816 524 852 eras
535 801 625 850 omni-

90 875 141 924 bus
167 873 310 924 Christum
334 873 499 924 amantibus.
517 875 560 923 Tu
574 888 623 922 au-

90 954 155 1004 tem,
171 944 318 1005 carissime,
334 944 422 1009 cogita
437 960 519 1010 quam
534 943 623 994 liben-

89 1027 129 1066 ter
144 1017 253 1081 ¹juvares
277 1033 336 1067 eam
361 1026 388 1067 et
410 1015 556 1066 associatos
580 1015 623 1065 sic

88 1087 195 1137 tristem
215 1098 242 1138 et
263 1099 397 1140 moestam.
412 1089 456 1139 Et
474 1089 532 1138 viso
546 1088 622 1152 Jesn,

88 1160 204 1225 gavisus
212 1168 255 1211 est
266 1162 399 1224 Herodes,
407 1176 439 1211 ex
454 1161 623 1226 multoenim

88 1242 218 1298 tempore,
237 1235 339 1284 scilicet
353 1248 385 1284 ex
399 1245 520 1299 tempore
539 1233 624 1283 dacol-

87 1303 198 1354 lationis
211 1306 321 1356 loannis
333 1305 469 1371 Baptista,
479 1305 572 1355 Jesnnt
583 1305 623 1355 νὶ-

88 1377 151 1428 dere
163 1379 294 1442 cupiebat,
306 1378 476 1444 quia-multa,
489 1379 522 1428 de
541 1377 623 1428 mira·

88 1448 156 1497 culis
171 1458 196 1497 et
210 1449 332 1498 doctrina
355 1450 422 1510 eius,
448 1449 584 1510 andierat,
597 1455 623 1498 et

88 1519 217 1582 sperabat
234 1519 348 1583 aliquid,
361 1517 393 1567 de
404 1518 464 1567 suis
474 1519 621 1581 miraculis,

88 1588 187 1649 videre,
214 1598 240 1638 et
260 1588 294 1637 ab
317 1604 348 1638 eo
370 1588 494 1653 quiedam
514 1588 623 1638 insolita

88 1659 190 1710 audire.
216 1661 410 1726 interrogabat
435 1666 524 1710 antem
545 1661 621 1710 illum

87 1730 179 1780 multis
188 1732 622 1782 sermonibus.-nonsicutstudio

88 1815 143 1864 sus,
165 1803 212 1852 setl
229 1803 298 1852 sicut
316 1803 451 1865 curiosus;
473 1818 529 1852 non
545 1802 622 1853 ¹sicot

87 1873 207 1923 veritatis
216 1885 328 1935 amator,
343 1875 388 1923 scd
405 1874 474 1924 sieut
487 1885 618 1938 tentator,

87 1957 140 1992 non
163 1953 291 2009 tanquam
320 1946 470 1994 luctaturus
495 1945 620 2012 aliquam

86 2013 248 2074 utilitatem,
282 2017 327 2064 sed
352 2014 458 2080 patiens
487 2031 620 2066 novorum

87 2086 245 2152 cupidinem
263 2106 269 2138 :
286 2098 312 2138 et
335 2099 445 2154 propter
467 2088 528 2149 hoc,
554 2091 621 2140 nihil

87 2159 234 2223 respondit,
261 2175 309 2209 nec
330 2159 410 2208 etiam
433 2160 546 2225 signum
568 2161 620 2209 ali-

86 2230 159 2294 quod
172 2245 261 2280 coram
276 2246 308 2280 eo
321 2229 393 2280 fecit.
415 2232 494 2280 Stans
509 2231 619 2296 quidem

85 2299 163 2350 lesus
186 2300 255 2351 sicut
274 2317 364 2367 agnus
386 2300 620 2352 mansuetissimus

86 2370 184 2435 ligatus
204 2387 295 2422 coram
310 2387 351 2431 eo,
361 2371 514 2438 inquisitus
528 2374 619 2432 tacuit,

7 2450 10 2457 ¹
87 2450 113 2488 et
147 2453 314 2505 exspectatus
338 2442 466 2492 miracula
491 2443 621 2493 adhibere

87 2512 268 2576 contempsit,
294 2514 357 2578 quia
386 2514 501 2564 Herodis
530 2515 620 2565 incre-

86 2580 184 2630 dulitas
216 2592 242 2632 et
266 2583 406 2633 curiositas
439 2585 532 2635 diviua
563 2601 620 2634 non

87 2653 239 2722 merehatur
255 2654 347 2703 audire
361 2657 402 2704 vel
414 2655 515 2715 vidore,
530 2667 556 2706 et
571 2658 621 2706 lto·

87 2720 180 2771 minus
199 2736 276 2772 suam
297 2723 449 2787 jactantiam
459 2734 485 2774 et
493 2734 619 2775 ostenta-

86 2792 189 2842 tionem
201 2793 357 2852 declinabat,
367 2809 502 2859 suamque
512 2797 620 2848 nolebat

84 2862 242 2914 Passionem
257 2863 395 2928 impedire.
411 2864 498 2924 Unde,
518 2880 618 2916 secun-

85 2934 150 2984 dum
174 2934 308 2995 Glossam,
332 2934 397 3000 quis
418 2934 538 2986 Herodes
562 2952 617 2986 nou

84 3007 224 3070 reputabat
234 3006 374 3058 Christum
388 3005 619 3068 salvatorem-sed

84 3074 288 3137 incantatorem,
307 3077 369 3126 ideo
384 3092 439 3126 non
453 3088 508 3128 erat
521 3079 619 3145 dignus

85 3161 133 3195 nec
150 3147 249 3208 verbis,
271 3163 320 3197 nec
343 3148 482 3198 miraculis
503 3150 616 3200 Christi.

84 3217 127 3276 Et,
141 3219 290 3268 secundum
304 3220 483 3282 Ambrosium,
497 3221 618 3272 Herodes

83 3301 116 3338 ex
152 3289 268 3353 quadam
305 3289 459 3340 curiositate
482 3292 618 3344 'miracula

83 3358 140 3409 fieri
158 3360 251 3425 petiit,
275 3362 349 3426 quod
373 3362 501 3422 Christus
511 3365 615 3424 sonuit,

83 3433 183 3482 docens
203 3449 252 3483 nos
263 3449 317 3499 ·per
331 3434 382 3483 hoc
398 3436 548 3500 jactantiam
567 3437 617 3487 de-

83 3503 189 3553 clinare.
205 3504 260 3554 vPer
272 3505 323 3554 hoc
333 3505 418 3554 etiam
440 3507 513 3572 quod
530 3507 615 3557 Chri-

83 3585 141 3625 stus
162 3591 252 3626 ·coram
276 3577 381 3626 Herode
409 3577 564 3629 incestuoso
589 3592 616 3630 at

81 3646 218 3696 homicida
230 3648 317 3698 noluit
328 3649 555 3711 mimculafasere,
568 3668 616 3702 nec

80 3716 138 3767 suis
162 3717 419 3783 interrogationibus
432 3722 614 3786 respondere,

81 3787 240 3854 significavit
268 3790 342 3854 quod
370 3791 437 3839 tales
461 3801 490 3841 et
520 3807 614 3844 omnes

82 3859 160 3926 impii
182 3876 237 3909 non
260 3870 326 3910 sunt
335 3860 412 3927 digni
430 3876 511 3926 opera
524 3863 616 3915 diviua

80 3930 178 3992 videre,
187 3946 236 3982 nec
244 3931 302 3996 eius
311 3946 440 3998 responsa
451 3932 558 3985 hahere.
569 3934 615 3985 Eu

369 327 547 379 SECUNDAE
563 327 693 377 anans
704 328 828 379 'CAPUT
842 328 913 378 axi.

676 439 727 490 hoc
743 441 853 492 arficulo
869 442 1016 493 derisionis
1038 443 1155 493 habetur
1168 444 1216 493 do-

675 523 840 573 cumentum,
865 515 1013 565 secundum
1034 515 1211 580 Gregorinm,

675 593 706 632 ut
729 584 835 648 quoties
855 584 990 636 auditores
1012 585 1097 635 nostri
1119 596 1214 636 nostra

677 657 770 706 volunt
787 658 863 723 quasi
880 658 1012 709 laudanda
1033 673 1207 725 cognoscere,

677 744 732 778 non
759 740 849 779 autem
875 745 924 780 sua
950 745 1073 796 perversa
1094 741 1213 794 mutare,

676 797 790 848 omnino
804 809 947 859 taceamus,
960 815 994 850 ne
1006 801 1029 850 si
1049 803 1213 852 ostentatio-

676 869 719 919 nis
730 871 820 920 studio
829 871 941 921 verbum
948 873 999 922 ¹Dei
1007 871 1155 938 loquimur
1167 891 1174 924 r
1185 885 1213 925 et

676 956 770 991 eorum
784 956 845 1007 quae
859 952 915 992 erat
924 943 1003 1006 culpa
1016 958 1074 993 esse
1090 958 1149 993 non
1162 944 1210 1007 def

676 1011 793 1072 sinaites
810 1023 901 1063 nostra
919 1029 980 1079 quie
998 1027 1057 1063 non
1080 1024 1138 1064 erat
1156 1014 1211 1065 fiat.

658 1085 760 1135 Multa
788 1096 879 1135 autem
901 1097 965 1136 sunt
991 1103 1053 1153 quae
1068 1086 1213 1137 audientis

675 1157 799 1207 animum
814 1159 941 1224 produnt,
956 1161 1074 1209 maxime
1090 1158 1119 1209 si
1130 1161 1212 1210 audi-

675 1239 747 1280 tores
755 1230 845 1280 nostri
857 1241 884 1281 et
892 1247 1003 1296 :semper
1012 1232 1211 1297 laudantquod

675 1301 798 1360 audiunt,
813 1312 840 1352 et
853 1318 993 1368 nunquam
1008 1301 1081 1368 quod
1097 1302 1211 1352 laudant

676 1383 836 1437 sequuntur.
857 1373 899 1421 Ati
928 1371 1158 1425 conformandum
1181 1388 1212 1421 sc

676 1443 739 1493 huic
758 1443 880 1504 articulo,
906 1454 1101 1493 rememoretur
1124 1442 1211 1493 homo

675 1514 775 1565 factum
802 1517 916 1578 articuli,
944 1528 970 1566 et
993 1525 1051 1566 oret
1072 1515 1210 1566 dicendo:

674 1589 749 1645 Jesu,
762 1589 808 1654 qni
821 1591 856 1639 ab
868 1590 978 1640 Herode
995 1588 1127 1639 derisorie
1133 1588 1211 1637 onni-

675 1659 710 1708 tis
722 1658 891 1724 interrogari
906 1660 1074 1710 sermonibus
1087 1659 1209 1721 voluisti,

674 1743 721 1780 nec
732 1730 757 1779 ei
771 1731 809 1780 ad
825 1731 907 1781 nilum
925 1732 1032 1781 verbum
1046 1731 1211 1795 respondere

674 1802 787 1862 curasti,
805 1803 840 1852 da
852 1803 916 1853 mibi
934 1817 1025 1852 amore
1033 1809 1089 1864 tuo,
1100 1803 1211 1867 qnando

673 1879 785 1936 oportet,
814 1887 948 1924 sermones
980 1874 1128 1923 derisorios
1151 1888 1211 1940 po·-

673 1943 883 2005 tienterandire,
901 1958 1036 2009 necemque
1042 1944 1211 2010 ,iactantiam

673 2013 849 2064 corrodentis
862 2015 1005 2064 declinare.
1161 2070 1166 2075 ,

708 2083 738 2133 15
750 2085 911 2134 Accusatus
922 2086 1057 2135 Gnatsrus
1068 2099 1139 2134 arun
1149 2085 1210 2135 Hs-

672 2170 769 2214 nonsu,
787 2171 966 2205 nocunmrun
986 2171 1020 2205 nx
1036 2170 1098 2205 stus
1114 2170 1210 2206 stess-

673 2241 728 2284 rto‚
749 2241 832 2275 torus
853 2241 1082 2276 conronnnrrosts
1098 2242 1209 2277 motas·

672 2315 728 2348 rto.
739 2326 770 2336 —
785 2299 900 2349 Stabant
921 2305 1010 2349 anton
1028 2307 1053 2350 et
1068 2300 1210 2365 principes

674 2373 841 2422 sacerdotnm
866 2378 893 2422 et
918 2372 1025 2422 Scriboe
1052 2378 1210 2424 constanter

669 2449 831 2493 accusatores
845 2457 920 2503 eum,
936 2458 1025 2492 coram
1038 2444 1155 2502 Herode.
1171 2446 1211 2495 De

673 2517 773 2582 quihus
786 2532 849 2566 vero
864 2516 899 2566 ibi
919 2531 982 2564 cum
1005 2528 1209 2575 accusaverunt,

673 2587 852 2652 Evangelistae
876 2602 930 2636 non
952 2586 1131 2652 exprimunt,
1160 2590 1209 2638 sed

673 2657 741 2707 forte
763 2658 795 2706 de
815 2657 916 2707 eisdem
926 2657 1027 2715 trihus,
1048 2657 1082 2706 de
1101 2658 1203 2722 quibus

672 2742 761 2777 coram
791 2728 876 2777 Pilato
911 2743 975 2777 eum
1003 2740 1208 2785 accusaverant.

672 2798 789 2848 manime
803 2799 854 2847 hoc
874 2813 963 2852 coram
982 2799 1091 2848 Herode
1108 2815 1210 2866 aggra-

671 2879 774 2928 vantes,
794 2870 932 2934 quomodo
948 2870 1139 2920 commovisset
1150 2871 1211 2922 uni·

671 2955 777 2990 versum
793 2940 938 3004 populum,
959 2940 1114 3005 incipientia
1130 2941 1208 2992 Gati-

673 3010 734 3073 laett‚
749 3010 851 3061 scilicet
859 3011 982 3060 dominio
992 3012 1119 3072 lierodis,
1132 3023 1164 3063 ut
1171 3027 1209 3063 ert

673 3081 724 3131 hoc
752 3082 839 3148 magis
861 3081 914 3131 sibi
939 3081 1030 3130 animo
1046 3094 1206 3141 assumeret,

672 3153 736 3218 quia
749 3153 778 3202 in
787 3168 842 3202 suo
859 3152 984 3201 dominio
996 3152 1206 3204 commotionem

672 3225 843 3285 suscitasset,
865 3224 936 3274 unde
958 3225 992 3274 ad
1012 3225 1078 3274 istas
1095 3220 1207 3277 accusa-

671 3295 758 3344 tiones
769 3294 896 3344 Christus
908 3295 975 3345 ninii
984 3296 1139 3359 respondit,
1155 3311 1210 3346 neo

671 3366 790 3428 Herodi,
815 3381 868 3416 nec
907 3367 1125 3427 accusatoribus,
1157 3370 1205 3419 sed

669 3439 753 3490 tacuit
763 3455 775 3488 .:
788 3454 846 3488 non
863 3441 1034 3490 concedendo
1043 3455 1145 3491 reorum
1158 3457 1206 3493 ac-

669 3509 820 3560 cusationes
840 3509 1034 3569 taciturnitate,
1050 3511 1098 3560 sed
1111 3511 1204 3579 despi-

668 3582 763 3631 ciendo
783 3592 916 3648 tauquam
938 3583 1062 3648 indignas
1087 3598 1203 3649 respon-

667 3652 755 3717 sione,
773 3653 813 3703 ad
834 3655 1074 3704 commendandam
1098 3654 1206 3721 quippe

667 3721 823 3788 patientiam
834 3724 925 3787 tacuit,
933 3734 964 3774 et
974 3724 1045 3774 nihil
1052 3724 1207 3789 rospondit,

667 3797 816 3846 secundum
830 3797 897 3846 illud
909 3797 986 3847 lsaiae
997 3813 1004 3847 ε
1017 3797 1103 3857 Quasi
1112 3812 1205 3864 agrius

668 3880 759 3917 coram
779 3867 903 3917 tondente
923 3881 952 3916 se
970 3868 1138 3918 obniutescet.
1164 3868 1205 3919 Ex

668 3938 720 3988 hoc
742 3938 855 3988 articulo
881 3937 1059 3989 accusationis
1084 3938 1206 3991 trahitur
