2626 4328
202 226 248 274 DE
264 226 482 276 ASCENSIONE
501 227 627 278 DOMINI
653 229 784 281 NOSTRI
799 234 879 284 JESU
899 236 1048 288 CHRISTI.
1142 241 1192 306 755

78 351 181 389 nuntur
197 340 308 399 ibidem,
332 352 358 390 et
380 342 501 391 eamdem
522 342 609 392 adhuc

77 415 195 479 speciem
221 416 294 462 velut
320 414 458 479 impressis
488 416 609 481 vestigiis

76 496 143 534 terra
161 487 287 536 custodit.
305 488 346 545 Et,
358 498 387 536 ut
401 487 438 536 ait
453 489 537 550 Beda,
547 504 608 538 cum

77 567 146 605 terra
166 558 259 605 eadem
276 573 290 605 a
304 557 475 607 credentibus
489 559 609 624 quotidie

77 629 236 692 minuatur,
263 641 352 680 tamen
379 632 471 681 eadem
497 633 609 698 vestigia

80 703 226 766 pristinum
256 716 356 753 statum
382 706 510 756 continuo
539 707 609 756 reci-

75 776 164 839 piunt.
191 777 244 825 Nec
268 793 406 826 summum
427 779 543 829 ecclesiae
562 794 609 828 ca-

77 863 174 896 cumen
203 858 310 912 propter
334 849 470 899 Dominici
489 850 608 916 corporis

78 930 196 968 meatum
211 921 317 986 contegi
331 922 428 986 potuit,
446 924 491 972 sed
510 939 525 973 a
540 934 609 973 terra

76 990 205 1039 transitus
227 991 327 1040 Christi
351 1008 437 1057 usque
459 995 491 1042 ad
511 995 608 1044 coelum

75 1069 155 1124 patet.
171 1061 267 1110 Adhuc
281 1075 320 1112 est
335 1063 371 1112 ibi
383 1065 501 1124 ecclesia,
512 1067 540 1114 in
554 1080 608 1130 quo

74 1131 195 1181 solebant
206 1148 263 1181 esse
272 1133 341 1198 nigri
350 1136 474 1202 monachi
487 1152 549 1184 cum
556 1137 609 1184 Ab·

77 1201 146 1260 bate,
171 1213 196 1250 et
215 1213 255 1251 est
276 1203 313 1252 ibi
333 1215 430 1254 sanctae
443 1206 608 1271 AEgyptiacae

77 1273 260 1337 sepulchrum,
284 1284 309 1323 et
330 1276 404 1325 locus
419 1276 467 1325 ubi
484 1277 607 1341 Apostoli

77 1357 288 1410 composuerunt
302 1349 468 1411 symbolum.

110 1417 285 1467 15JEJUN1Utt
308 1435 341 1467 ar
366 1435 511 1469 oaarronas
532 1437 608 1470 nrscr-

77 1504 211 1537 auxonun.
240 1517 269 1525 -
299 1491 378 1538 Tunc
412 1491 607 1542 descenderunt

77 1561 201 1625 Apostoli
233 1577 294 1611 cum
320 1565 403 1613 Matre
431 1564 550 1628 Domini,
581 1577 607 1616 et

75 1632 135 1681 aliis
167 1632 327 1682 mulieribus
354 1649 383 1683 ac
410 1635 549 1701 discipulis
578 1637 606 1687 in

75 1703 242 1750 coenaculum
273 1704 373 1753 montis
397 1705 482 1766 Sion,
512 1717 538 1756 et
566 1708 604 1757 ibi

75 1774 249 1823 morabantur
275 1787 456 1840 exspectantes
487 1779 606 1844 promis-

74 1845 190 1903 sionem,
217 1858 296 1911 prout
320 1865 334 1897 a
355 1850 472 1901 Domino
491 1861 545 1901 erat
567 1852 605 1902 eis

75 1919 231 1966 mandatum
243 1937 249 1983 ;
264 1920 300 1968 ibi
316 1931 354 1969 est
369 1922 444 1972 locus
454 1923 501 1973 ubi
512 1925 605 1974 beatus

74 1991 202 2040 Matthias
213 1993 283 2041 inter
297 1995 491 2045 Ascensionem
505 2007 531 2046 et
540 1999 606 2048 Pen-

74 2071 192 2109 tecosten
206 2061 260 2110 'fuit
281 2063 339 2113 loco
354 2066 429 2116 ludae
443 2067 472 2116 in
486 2069 605 2133 Aposto-

74 2133 158 2180 latum
175 2137 283 2184 electus.
299 2137 337 2185 Et
348 2144 425 2186 erant
439 2153 529 2189 omnes
545 2156 605 2191 una·

75 2202 180 2251 nimiter
202 2204 228 2252 in
256 2207 376 2256 oratione
390 2217 604 2274 perseverantes,

74 2282 100 2322 et
116 2274 221 2325 assidue
235 2278 333 2327 debitis
349 2279 424 2329 horis
439 2281 497 2330 sine
519 2283 606 2332 inter-

75 2344 203 2395 missione
218 2360 334 2406 orantes,
357 2359 381 2399 et
397 2367 443 2416 per
457 2353 605 2403 orationem

74 2416 107 2464 ad
129 2419 308 2482 receptionem
330 2422 446 2486 Spiritus
470 2425 560 2473 Sancti
578 2440 606 2474 se

74 2499 252 2550 praeparantes
277 2492 411 2555 quotidie,
435 2503 465 2542 ut
489 2495 607 2558 promis-

74 2574 137 2607 sum
154 2573 319 2611 mererentur
333 2563 458 2628 accipere.
468 2562 504 2613 Et
515 2580 607 2630 quam-

73 2629 114 2678 vis
138 2628 238 2679 dictum
264 2632 299 2680 sit
325 2634 397 2697 quod
419 2643 492 2683 erant
510 2649 606 2700 perse-

74 2707 198 2750 verantes
230 2703 256 2752 in
285 2705 406 2774 ora-tione
434 2715 460 2754 et
485 2722 540 2756 non
571 2707 606 2757 sit

74 2773 205 2832 additum,
222 2774 247 2822 in
263 2775 371 2838 jejuni0,
389 2777 500 2842 quidam
515 2790 605 2829 tamen

73 2843 168 2892 afesto
190 2846 365 2895 Ascensionis
382 2863 469 2913 usque
485 2850 518 2898 ad
535 2851 605 2899 Pen-

73 2923 191 2963 tecosten
205 2916 326 2978 jejunant
344 2920 468 2983 exemplo
486 2921 605 2984 Aposto-

74 2984 188 3044 lorum,
218 3003 286 3051 quos
313 2988 388 3038 aiunt
418 2990 547 3054 jejunasse
576 2990 605 3040 in

74 3056 162 3119 spatio
188 3057 253 3116 illo,
282 3059 345 3123 quia
375 3059 476 3110 dictum
508 3070 548 3111 est
576 3062 605 3111 in

75 3127 221 3191 Evangelio
237 3145 243 3176 ι
264 3129 373 3178 Venient
388 3131 446 3180 dies
460 3146 517 3182 cum
534 3132 606 3181 abla-

73 3202 115 3244 tus
129 3194 222 3258 faerit
241 3199 346 3249 abillis
363 3215 485 3266 sponsus,
503 3212 530 3252 et
545 3209 606 3254 tunc

64 3265 234 3330 jejunabunt.
250 3269 372 3320 Orabant
386 3287 448 3336 ergo
463 3283 488 3322 et
501 3273 605 3337 jejuna-

73 3337 151 3397 bant3
169 3339 233 3402 quia
251 3341 377 3390 Christus
392 3357 507 3407 sponsus
520 3344 553 3394 ab
567 3343 605 3394 eis

71 3408 177 3458 ablatus
214 3427 291 3461 carne
326 3415 443 3465 recessit.
467 3417 507 3465 Et
528 3423 607 3466 erant

73 3493 185 3545 semper,
203 3481 229 3530 id
244 3495 284 3532 est
303 3485 482 3536 communiter
494 3487 535 3536 vel
550 3486 605 3536 fre-

72 3560 196 3615 quenter,
213 3553 239 3600 in
260 3554 363 3617 templo,
386 3557 458 3621 quod
473 3566 514 3606 est
530 3557 605 3607 locus

72 3620 212 3680 orationis,
229 3621 371 3673 laudantes
390 3625 478 3676 Deum
505 3626 538 3676 de
556 3627 605 3676 be-

73 3692 177 3742 neficiis
192 3695 258 3757 suis,
274 3703 299 3744 et
316 3697 503 3762 benedicentes,
521 3699 549 3748 id
565 3709 605 3750 est

73 3764 276 3829 magnificantes
290 3768 323 3816 de
338 3768 480 3833 promissis
496 3759 603 3832 divinis,

72 3845 98 3885 et
125 3848 232 3888 orantes
257 3840 350 3891 devote
375 3856 423 3906 pro
445 3840 605 3908 recipiendis

662 345 779 410 Spiritus
794 349 883 399 Sancti
905 352 999 415 donis3
1024 356 1065 406 vel
1084 357 1195 408 laudan-

662 427 702 468 tes
718 419 813 482 Deum,
835 423 868 472 de
884 426 991 488 propria
1013 442 1060 477 sua
1075 429 1194 481 bonitate

662 489 689 537 in
705 505 742 549 se,
761 506 790 540 ac
809 508 855 557 pro
872 495 979 545 Domini
1000 499 1041 546 sui
1057 501 1194 564 glorifica-

661 560 734 610 tione
748 571 774 611 et
781 564 952 625 Ascensione,
968 575 993 618 et
1005 570 1192 636 benedicentes,

662 631 689 679 id
713 641 752 681 est
771 635 869 698 gratias
888 649 996 703 agentes
1011 640 1043 690 de
1061 641 1193 692 bonorum

663 717 774 751 suorum
805 708 1058 770 communicatione,
1092 729 1120 762 ac
1143 729 1192 778 pro

662 772 777 836 Spiritus
791 776 880 825 Sancti
895 779 1084 841 promissione,
1100 792 1125 832 et
1139 799 1193 833 eo-

663 861 722 895 rum
736 862 783 912 per
794 848 910 912 Angelos
920 849 990 900 facta'
1000 855 1191 906 consolatione.

662 917 721 966 Non
734 918 825 982 aliquo
840 921 976 970 mundano
990 923 1190 990 distrahuntur;

662 988 708 1036 sed
731 986 859 1037 omnibus
890 994 1070 1056 comtemptis,
1096 997 1193 1061 jugiter

661 1056 762 1106 divinis
788 1057 913 1108 laudibus
939 1060 1085 1124 insistunt,
1109 1077 1139 1115 ut
1163 1067 1192 1116 in

661 1127 720 1176 loco
737 1127 879 1187 orationis,
896 1139 922 1178 et
935 1131 1004 1181 inter
1018 1134 1128 1184 laudum
1143 1137 1193 1186 de-

661 1198 784 1248 votiones
798 1199 962 1264 promissum
973 1203 1062 1252 Sancti
1075 1205 1192 1270 Spiritus

660 1269 805 1318 adventum
829 1271 960 1336 promptis
985 1283 1010 1322 et
1027 1277 1126 1338 paratis
1146 1294 1193 1343 per

661 1342 753 1391 omnia
779 1343 904 1394 cordibus
928 1359 1089 1411 exspectent.
1107 1352 1193 1402 Vicis-

661 1415 713 1464 sim
739 1416 849 1480 quidem
880 1417 1035 1469 habitabant
1060 1424 1142 1472 modo
1163 1425 1192 1474 in

660 1488 760 1550 templo
787 1488 819 1536 ad
849 1489 1022 1554 orationem,
1051 1495 1132 1543 modo
1162 1496 1191 1544 in

660 1558 796 1606 coenaculo
821 1559 854 1607 ad
882 1560 1009 1622 quietem.
1037 1563 1115 1612 Unde
1140 1564 1192 1615 hoc

658 1630 827 1692 adverbium,
852 1647 963 1696 semper,
988 1634 1053 1684 dicit
1079 1636 1116 1686 ibi
1144 1637 1193 1688 fre·
1240 1661 1241 1666 ¹

638 1700 796 1766 ,quentiam
822 1714 848 1751 et
871 1704 1109 1767 opportunitatem,
1137 1723 1192 1757 non

660 1789 734 1823 more
757 1790 806 1824 suo
829 1775 999 1827 durationem
1023 1779 1189 1830 continuam.

659 1844 734 1903 Quos
756 1861 805 1894 nos
831 1846 975 1907 imitantes,
1000 1847 1028 1896 in
1050 1865 1122 1899 sacra
1136 1850 1190 1900 vita

658 1930 765 1980 semper
792 1918 920 1981 degamus
943 1919 1085 1969 laudantes
1103 1921 1190 1971 Deum

659 1993 685 2036 et
705 1987 895 2038 benedicentes.
929 1988 973 2038 Sic
995 1989 1068 2039 enim
1094 2001 1120 2041 et
1140 2007 1191 2041 nos

659 2057 818 2123 quotidiana
837 2059 911 2108 illius
926 2059 1092 2109 merebimur
1106 2063 1191 2112 bene-

659 2129 776 2197 dictione
809 2130 976 2190 sublimari,
1011 2131 1033 2178 si
1068 2132 1191 2196 quotidie

660 2200 834 2264 triumphalis
848 2199 923 2248 illius
937 2200 966 2248 in
982 2201 1078 2248 coelum
1098 2216 1190 2250 ascen-

659 2270 745 2319 sionis
758 2285 901 2329 memores,
916 2270 1058 2319 laudantes
1072 2277 1097 2320 et
1112 2271 1190 2321 beness

659 2339 777 2393 dicentes
789 2343 884 2405 Deum,
901 2343 928 2391 in
940 2343 1097 2406 Jerusalem,
1112 2343 1140 2392 id
1153 2355 1192 2394 est

660 2429 783 2480 supernae
798 2415 869 2480 pacis
882 2425 986 2478 sperata
997 2430 1027 2463 ac
1041 2415 1193 2466 desiderata

658 2485 763 2535 visione
787 2485 962 2551 quiescimus,
991 2495 1016 2534 et
1040 2495 1147 2536 orantes
1161 2496 1193 2536 ut

659 2557 730 2606 dona
745 2556 830 2622 ipsius
848 2555 964 2621 recipere
984 2557 1131 2622 possimus,
1149 2558 1191 2607 si-

659 2626 735 2676 miles
746 2627 894 2677 homim‘bus
908 2629 1128 2692 exspectantibus
1138 2629 1192 2679 Do-

658 2698 757 2748 minum
774 2713 850 2748 suum
874 2700 980 2763 quando
1001 2705 1155 2749 revertatur·
1172 2713 1190 2748 a

659 2772 767 2838 nuptiis.
790 2772 866 2822 Unde
887 2772 963 2820 Beda
979 2788 987 2821 :
1003 2789 1016 2816 a
1030 2771 1066 2820 Et
1085 2785 1191 2834 semper

659 2853 685 2893 et
700 2844 728 2893 in
743 2845 801 2893 loco
820 2845 871 2892 hoc
892 2843 1018 2901 maxime,
1039 2841 1133 2890 fratres
1147 2855 1190 2889 ca-

659 2915 772 2978 rissimi,
788 2914 947 2964 meminisse
969 2927 1019 2961 nos
1039 2913 1113 2960 decet
1131 2926 1190 2960 ser—

659 2986 750 3035 monis
769 2985 878 3035 Domini
896 3000 950 3050 quo
965 2983 1113 3047 discipulos
1129 2983 1190 3047 glo-

659 3057 791 3108 rificans:
814 3059 901 3120 Beati,
927 3056 1026 3122 inquit,
1047 3056 1126 3117 oculi,
1145 3056 1191 3121 qui

658 3129 748 3178 vident
773 3143 831 3194 quae
853 3141 900 3177 vos
925 3126 1032 3177 videtis.
1053 3124 1121 3183 Quis
1141 3134 1191 3174 ete·

660 3201 717 3250 nim
737 3201 833 3261 dicere,
857 3199 918 3266 quis
941 3200 1021 3265 digne
1046 3198 1130 3247 valeat
1151 3213 1192 3247 co-

659 3271 752 3337 gitare,
777 3286 857 3336 quam
882 3270 956 3319 beata
986 3268 1192 3347 compunctione

659 3343 755 3393 oculos
770 3343 802 3391 ad
818 3351 917 3391 terram
933 3339 1112 3398 defluxerunt,
1128 3353 1193 3404 qur-

659 3414 710 3463 bus
733 3413 824 3478 ipsum
851 3427 932 3478 quem
957 3409 1103 3460 adorabant
1129 3407 1190 3458 coeli

659 3485 770 3550 Regem,
789 3484 891 3534 devicta
916 3481 1085 3541 mortalitate,
1108 3496 1191 3547 quam

659 3566 848 3622 assumpserat,
876 3557 908 3605 ad
929 3565 1044 3620 paternae
1063 3553 1192 3604 claritatis

659 3629 758 3680 solium
785 3629 836 3694 jam
865 3628 951 3677 redire
980 3622 1192 3691 conspexerant?

660 3700 746 3758 Quam
762 3700 854 3749 dulces
868 3699 1007 3764 lacrymas,
1031 3705 1130 3762 quanta
1144 3707 1192 3758 spe

661 3758 698 3820 et¹
712 3769 803 3820 laetitia
831 3769 963 3819 ferventes
991 3783 1051 3834 pro>
1068 3766 1191 3830 ingressu

662 3842 777 3894 coelestis
791 3841 882 3907 patriae
892 3840 1030 3900 fuderunt,
1040 3852 1095 3903 quo
1105 3837 1195 3885 Deum
