<?xml version="1.0" encoding="UTF-8"?>
<!DOCTYPE html PUBLIC "-//W3C//DTD XHTML 1.0 Transitional//EN"
    "http://www.w3.org/TR/xhtml1/DTD/xhtml1-transitional.dtd">
<html xmlns="http://www.w3.org/1999/xhtml" xml:lang="en" lang="en">
 <head>
  <title>
</title>
<meta http-equiv="Content-Type" content="text/html;charset=utf-8" />
  <meta name='ocr-system' content='tesseract 3.04.00' />
  <meta name='ocr-capabilities' content='ocr_page ocr_carea ocr_par ocr_line ocrx_word'/>
</head>
<body>
  <div class='ocr_page' id='page_1' title='image "./vitajesuchristi00rigogoog/vitajesuchristi00rigogoog_0065.png"; bbox 0 0 2626 4328; ppageno 0'>
   <div class='ocr_carea' id='block_1_1' title="bbox 132 307 184 358">
    <p class='ocr_par' dir='ltr' id='par_1_1' title="bbox 132 307 184 358">
     <span class='ocr_line' id='line_1_1' title="bbox 132 307 184 358; baseline 0 0"><span class='ocrx_word' id='word_1_1' title='bbox 132 307 184 358; x_wconf 83' lang='lat'><strong>510</strong></span> 
     </span>
    </p>
   </div>
   <div class='ocr_carea' id='block_1_2' title="bbox 131 419 668 1199">
    <p class='ocr_par' dir='ltr' id='par_1_2' title="bbox 131 419 668 1199">
     <span class='ocr_line' id='line_1_2' title="bbox 131 419 663 492; baseline -0.009 -18"><span class='ocrx_word' id='word_1_2' title='bbox 131 434 205 492; x_wconf 89' lang='lat' dir='ltr'><strong>gant,</strong></span> <span class='ocrx_word' id='word_1_3' title='bbox 222 431 248 473; x_wconf 89' lang='lat' dir='ltr'><strong>et</strong></span> <span class='ocrx_word' id='word_1_4' title='bbox 262 422 307 473; x_wconf 86' lang='lat' dir='ltr'><strong>vix</strong></span> <span class='ocrx_word' id='word_1_5' title='bbox 327 432 373 473; x_wconf 86' lang='lat' dir='ltr'><strong>aut</strong></span> <span class='ocrx_word' id='word_1_6' title='bbox 390 437 529 487; x_wconf 87' lang='lat' dir='ltr'><strong>nunquam</strong></span> <span class='ocrx_word' id='word_1_7' title='bbox 546 421 611 471; x_wconf 91' lang='lat' dir='ltr'><strong>dum</strong></span> <span class='ocrx_word' id='word_1_8' title='bbox 626 419 663 470; x_wconf 90' lang='lat' dir='ltr'><strong>ibi</strong></span> 
     </span>
     <span class='ocr_line' id='line_1_3' title="bbox 132 493 664 560; baseline -0.009 -15"><span class='ocrx_word' id='word_1_9' title='bbox 132 504 196 545; x_wconf 88' lang='lat' dir='ltr'><strong>sunt</strong></span> <span class='ocrx_word' id='word_1_10' title='bbox 219 494 357 560; x_wconf 85' lang='lat' dir='ltr'><strong>poenitent,</strong></span> <span class='ocrx_word' id='word_1_11' title='bbox 375 493 438 559; x_wconf 88' lang='lat' dir='ltr'><strong>quia</strong></span> <span class='ocrx_word' id='word_1_12' title='bbox 461 494 489 542; x_wconf 93' lang='lat' dir='ltr'><strong>in</strong></span> <span class='ocrx_word' id='word_1_13' title='bbox 510 502 664 558; x_wconf 81' lang='lat' dir='ltr'><strong>magnatum</strong></span> 
     </span>
     <span class='ocr_line' id='line_1_4' title="bbox 131 560 665 629; baseline -0.007 -15"><span class='ocrx_word' id='word_1_14' title='bbox 131 564 260 615; x_wconf 87' lang='lat' dir='ltr'>domibus</span> <span class='ocrx_word' id='word_1_15' title='bbox 281 580 335 614; x_wconf 90' lang='lat' dir='ltr'><strong>non</strong></span> <span class='ocrx_word' id='word_1_16' title='bbox 360 574 400 614; x_wconf 93' lang='lat' dir='ltr'><strong>est</strong></span> <span class='ocrx_word' id='word_1_17' title='bbox 425 579 561 629; x_wconf 89' lang='lat' dir='ltr'><strong>congruus</strong></span> <span class='ocrx_word' id='word_1_18' title='bbox 576 560 665 627; x_wconf 90' lang='lat' dir='ltr'><strong>poeni-</strong></span> 
     </span>
     <span class='ocr_line' id='line_1_5' title="bbox 132 633 666 699; baseline -0.007 -15"><span class='ocrx_word' id='word_1_19' title='bbox 132 635 224 685; x_wconf 80' lang='lat' dir='ltr'><strong>tentiae</strong></span> <span class='ocrx_word' id='word_1_20' title='bbox 239 635 328 694; x_wconf 88' lang='lat' dir='ltr'><strong>locus,</strong></span> <span class='ocrx_word' id='word_1_21' title='bbox 349 643 375 684; x_wconf 89' lang='lat' dir='ltr'><strong>et</strong></span> <span class='ocrx_word' id='word_1_22' title='bbox 397 633 456 683; x_wconf 92' lang='lat' dir='ltr'><strong>ideo</strong></span> <span class='ocrx_word' id='word_1_23' title='bbox 469 634 517 699; x_wconf 91' lang='lat' dir='ltr'><strong>qui</strong></span> <span class='ocrx_word' id='word_1_24' title='bbox 532 634 587 684; x_wconf 88' lang='lat' dir='ltr'><strong>vult</strong></span> <span class='ocrx_word' id='word_1_25' title='bbox 601 646 666 697; x_wconf 94' lang='lat' dir='ltr'><strong>pec-</strong></span> 
     </span>
     <span class='ocr_line' id='line_1_6' title="bbox 133 704 667 770; baseline -0.009 -14"><span class='ocrx_word' id='word_1_26' title='bbox 133 716 191 756; x_wconf 90' lang='lat' dir='ltr'><strong>cata</strong></span> <span class='ocrx_word' id='word_1_27' title='bbox 204 705 296 765; x_wconf 86' lang='lat' dir='ltr'><strong>vitare,</strong></span> <span class='ocrx_word' id='word_1_28' title='bbox 311 715 337 755; x_wconf 89' lang='lat' dir='ltr'><strong>et</strong></span> <span class='ocrx_word' id='word_1_29' title='bbox 351 706 420 754; x_wconf 90' lang='lat' dir='ltr'><strong>mala</strong></span> <span class='ocrx_word' id='word_1_30' title='bbox 433 721 494 770; x_wconf 84' lang='lat' dir='ltr'><strong>quae</strong></span> <span class='ocrx_word' id='word_1_31' title='bbox 505 704 567 754; x_wconf 86' lang='lat' dir='ltr'><strong>fecit</strong></span> <span class='ocrx_word' id='word_1_32' title='bbox 578 718 667 752; x_wconf 90' lang='lat' dir='ltr'><strong>emen·</strong></span> 
     </span>
     <span class='ocr_line' id='line_1_7' title="bbox 134 775 665 842; baseline -0.006 -17"><span class='ocrx_word' id='word_1_33' title='bbox 134 777 205 835; x_wconf 85' lang='lat' dir='ltr'><strong>dare,</strong></span> <span class='ocrx_word' id='word_1_34' title='bbox 217 776 296 826; x_wconf 90' lang='lat' dir='ltr'><strong>debet</strong></span> <span class='ocrx_word' id='word_1_35' title='bbox 309 775 397 842; x_wconf 82' lang='lat' dir='ltr'>egredi</span> <span class='ocrx_word' id='word_1_36' title='bbox 408 776 441 827; x_wconf 93' lang='lat' dir='ltr'><strong>de</strong></span> <span class='ocrx_word' id='word_1_37' title='bbox 454 777 523 826; x_wconf 90' lang='lat' dir='ltr'><strong>mala</strong></span> <span class='ocrx_word' id='word_1_38' title='bbox 532 775 665 826; x_wconf 90' lang='lat' dir='ltr'><strong>societate.</strong></span> 
     </span>
     <span class='ocr_line' id='line_1_8' title="bbox 134 846 668 898; baseline -0.007 -2"><span class='ocrx_word' id='word_1_39' title='bbox 134 846 212 896; x_wconf 85' lang='lat' dir='ltr'><strong>Unde</strong></span> <span class='ocrx_word' id='word_1_40' title='bbox 221 847 381 896; x_wconf 75' lang='lat' dir='ltr'><strong>Ber-nardus</strong></span> <span class='ocrx_word' id='word_1_41' title='bbox 392 864 401 896; x_wconf 91' lang='lat'><strong>.·</strong></span> <span class='ocrx_word' id='word_1_42' title='bbox 412 866 426 893; x_wconf 90' lang='lat'>«</span> <span class='ocrx_word' id='word_1_43' title='bbox 439 847 618 898; x_wconf 86' lang='lat' dir='ltr'><strong>Periculosum</strong></span> <span class='ocrx_word' id='word_1_44' title='bbox 628 853 668 894; x_wconf 88' lang='lat' dir='ltr'><strong>est</strong></span> 
     </span>
     <span class='ocr_line' id='line_1_9' title="bbox 134 916 667 983; baseline -0.004 -17"><span class='ocrx_word' id='word_1_45' title='bbox 134 916 211 966; x_wconf 89' lang='lat' dir='ltr'><strong>valde</strong></span> <span class='ocrx_word' id='word_1_46' title='bbox 225 916 247 967; x_wconf 93' lang='lat' dir='ltr'><strong>si</strong></span> <span class='ocrx_word' id='word_1_47' title='bbox 262 917 324 983; x_wconf 91' lang='lat' dir='ltr'><strong>quis</strong></span> <span class='ocrx_word' id='word_1_48' title='bbox 346 918 410 968; x_wconf 92' lang='lat' dir='ltr'><strong>velit</strong></span> <span class='ocrx_word' id='word_1_49' title='bbox 426 918 495 968; x_wconf 87' lang='lat' dir='ltr'><strong>inter</strong></span> <span class='ocrx_word' id='word_1_50' title='bbox 511 918 603 967; x_wconf 89' lang='lat' dir='ltr'>turbas</span> <span class='ocrx_word' id='word_1_51' title='bbox 624 929 667 964; x_wconf 91' lang='lat' dir='ltr'><strong>se-</strong></span> 
     </span>
     <span class='ocr_line' id='line_1_10' title="bbox 133 983 668 1054; baseline -0.009 -17"><span class='ocrx_word' id='word_1_52' title='bbox 133 986 186 1037; x_wconf 90' lang='lat' dir='ltr'><strong>culi</strong></span> <span class='ocrx_word' id='word_1_53' title='bbox 202 988 387 1052; x_wconf 89' lang='lat' dir='ltr'><strong>poenitentiam</strong></span> <span class='ocrx_word' id='word_1_54' title='bbox 399 1004 485 1054; x_wconf 92' lang='lat' dir='ltr'><strong>agere,</strong></span> <span class='ocrx_word' id='word_1_55' title='bbox 498 987 544 1037; x_wconf 91' lang='lat' dir='ltr'><strong>ubi</strong></span> <span class='ocrx_word' id='word_1_56' title='bbox 558 1002 565 1035; x_wconf 90' lang='lat'>:</span> <span class='ocrx_word' id='word_1_57' title='bbox 579 983 668 1035; x_wconf 88' lang='lat' dir='ltr'><strong>inimi-</strong></span> 
     </span>
     <span class='ocr_line' id='line_1_11' title="bbox 133 1058 666 1127; baseline -0.004 -18"><span class='ocrx_word' id='word_1_58' title='bbox 133 1074 227 1109; x_wconf 91' lang='lat' dir='ltr'><strong>corum</strong></span> <span class='ocrx_word' id='word_1_59' title='bbox 237 1059 283 1110; x_wconf 89' lang='lat' dir='ltr'><strong>alii</strong></span> <span class='ocrx_word' id='word_1_60' title='bbox 295 1058 666 1127; x_wconf 88' lang='lat' dir='ltr'><strong>venenatispersuasionibus,</strong></span> 
     </span>
     <span class='ocr_line' id='line_1_12' title="bbox 133 1130 666 1199; baseline -0.006 -17"><span class='ocrx_word' id='word_1_61' title='bbox 133 1131 178 1182; x_wconf 89' lang='lat' dir='ltr'><strong>alii</strong></span> <span class='ocrx_word' id='word_1_62' title='bbox 194 1132 313 1199; x_wconf 88' lang='lat' dir='ltr'><strong>undique</strong></span> <span class='ocrx_word' id='word_1_63' title='bbox 337 1133 467 1199; x_wconf 85' lang='lat' dir='ltr'><strong>exemplis</strong></span> <span class='ocrx_word' id='word_1_64' title='bbox 481 1130 617 1198; x_wconf 78' lang='lat' dir='ltr'><strong>peioribus</strong></span> <span class='ocrx_word' id='word_1_65' title='bbox 633 1130 666 1180; x_wconf 93' lang='lat' dir='ltr'><strong>ad</strong></span> 
     </span>
    </p>
   </div>
   <div class='ocr_carea' id='block_1_3' title="bbox 447 301 970 357">
    <p class='ocr_par' dir='ltr' id='par_1_3' title="bbox 447 301 970 357">
     <span class='ocr_line' id='line_1_13' title="bbox 447 301 970 357; baseline -0.002 -1"><span class='ocrx_word' id='word_1_66' title='bbox 447 305 623 357; x_wconf 82' lang='lat' dir='ltr'><strong>SECUNDAE</strong></span> <span class='ocrx_word' id='word_1_67' title='bbox 638 301 762 354; x_wconf 81' lang='lat' dir='ltr'><strong>PARTIS</strong></span> <span class='ocrx_word' id='word_1_68' title='bbox 776 301 894 356; x_wconf 81' lang='lat' dir='ltr'><strong>CAPUT</strong></span> <span class='ocrx_word' id='word_1_69' title='bbox 915 304 970 355; x_wconf 80' lang='lat' dir='ltr'><strong>Lx.</strong></span> 
     </span>
    </p>
   </div>
   <div class='ocr_carea' id='block_1_4' title="bbox 719 417 1260 1201">
    <p class='ocr_par' dir='ltr' id='par_1_4' title="bbox 719 417 1260 1201">
     <span class='ocr_line' id='line_1_14' title="bbox 719 417 1260 488; baseline 0.011 -20"><span class='ocrx_word' id='word_1_70' title='bbox 719 417 907 472; x_wconf 82' lang='lat' dir='ltr'><strong>satisfactione.</strong></span> <span class='ocrx_word' id='word_1_71' title='bbox 921 439 935 467; x_wconf 83' lang='lat' dir='ltr'><strong>n</strong></span> <span class='ocrx_word' id='word_1_72' title='bbox 951 420 1028 471; x_wconf 85' lang='lat' dir='ltr'>Unde</span> <span class='ocrx_word' id='word_1_73' title='bbox 1044 428 1071 470; x_wconf 89' lang='lat' dir='ltr'><strong>et</strong></span> <span class='ocrx_word' id='word_1_74' title='bbox 1097 421 1152 472; x_wconf 90' lang='lat' dir='ltr'><strong>Leo</strong></span> <span class='ocrx_word' id='word_1_75' title='bbox 1167 421 1260 488; x_wconf 71' lang='lat' dir='ltr'><strong>Papa:</strong></span> 
     </span>
     <span class='ocr_line' id='line_1_15' title="bbox 719 489 1256 557; baseline 0.011 -20"><span class='ocrx_word' id='word_1_76' title='bbox 719 506 733 535; x_wconf 79' lang='lat' dir='ltr'><strong>a</strong></span> <span class='ocrx_word' id='word_1_77' title='bbox 747 489 858 550; x_wconf 86' lang='lat' dir='ltr'><strong>Felices,</strong></span> <span class='ocrx_word' id='word_1_78' title='bbox 870 507 886 541; x_wconf 93' lang='lat' dir='ltr'><strong>o</strong></span> <span class='ocrx_word' id='word_1_79' title='bbox 901 491 1038 556; x_wconf 83' lang='lat' dir='ltr'><strong>Apostole,</strong></span> <span class='ocrx_word' id='word_1_80' title='bbox 1053 492 1180 557; x_wconf 86' lang='lat' dir='ltr'><strong>lacrymae</strong></span> <span class='ocrx_word' id='word_1_81' title='bbox 1194 502 1256 556; x_wconf 81' lang='lat' dir='ltr'><strong>tuae,</strong></span> 
     </span>
     <span class='ocr_line' id='line_1_16' title="bbox 719 563 1255 630; baseline 0.011 -20"><span class='ocrx_word' id='word_1_82' title='bbox 719 576 780 626; x_wconf 89' lang='lat' dir='ltr'><strong>quae</strong></span> <span class='ocrx_word' id='word_1_83' title='bbox 794 563 826 612; x_wconf 89' lang='lat' dir='ltr'><strong>ad</strong></span> <span class='ocrx_word' id='word_1_84' title='bbox 841 563 995 614; x_wconf 85' lang='lat' dir='ltr'>diluendam</span> <span class='ocrx_word' id='word_1_85' title='bbox 1010 564 1118 628; x_wconf 90' lang='lat' dir='ltr'><strong>culpam</strong></span> <span class='ocrx_word' id='word_1_86' title='bbox 1133 565 1255 630; x_wconf 89' lang='lat' dir='ltr'><strong>negatio·</strong></span> 
     </span>
     <span class='ocr_line' id='line_1_17' title="bbox 720 630 1258 702; baseline 0.015 -22"><span class='ocrx_word' id='word_1_87' title='bbox 720 630 772 692; x_wconf 88' lang='lat' dir='ltr'><strong>nis,</strong></span> <span class='ocrx_word' id='word_1_88' title='bbox 796 633 924 684; x_wconf 89' lang='lat' dir='ltr'><strong>virtutem</strong></span> <span class='ocrx_word' id='word_1_89' title='bbox 939 634 1005 685; x_wconf 88' lang='lat' dir='ltr'><strong>sacri</strong></span> <span class='ocrx_word' id='word_1_90' title='bbox 1022 635 1140 686; x_wconf 86' lang='lat' dir='ltr'>habuere</span> <span class='ocrx_word' id='word_1_91' title='bbox 1161 635 1258 702; x_wconf 89' lang='lat' dir='ltr'><strong>Bapti-</strong></span> 
     </span>
     <span class='ocr_line' id='line_1_18' title="bbox 719 705 1258 774; baseline 0.009 -22"><span class='ocrx_word' id='word_1_92' title='bbox 719 705 822 754; x_wconf 86' lang='lat' dir='ltr'><strong>smatis.</strong></span> <span class='ocrx_word' id='word_1_93' title='bbox 836 724 848 752; x_wconf 80' lang='lat' dir='ltr'><strong>n</strong></span> <span class='ocrx_word' id='word_1_94' title='bbox 861 706 924 756; x_wconf 92' lang='lat' dir='ltr'><strong>lnde</strong></span> <span class='ocrx_word' id='word_1_95' title='bbox 933 717 973 756; x_wconf 91' lang='lat' dir='ltr'><strong>est</strong></span> <span class='ocrx_word' id='word_1_96' title='bbox 984 716 1173 772; x_wconf 84' lang='lat' dir='ltr'><strong>argumentum</strong></span> <span class='ocrx_word' id='word_1_97' title='bbox 1183 708 1258 774; x_wconf 89' lang='lat' dir='ltr'><strong>quod</strong></span> 
     </span>
     <span class='ocr_line' id='line_1_19' title="bbox 720 774 1253 845; baseline 0.013 -22"><span class='ocrx_word' id='word_1_98' title='bbox 720 774 846 825; x_wconf 89' lang='lat' dir='ltr'><strong>contritio</strong></span> <span class='ocrx_word' id='word_1_99' title='bbox 870 785 956 841; x_wconf 90' lang='lat' dir='ltr'><strong>potest</strong></span> <span class='ocrx_word' id='word_1_100' title='bbox 978 793 1036 828; x_wconf 90' lang='lat' dir='ltr'><strong>esse</strong></span> <span class='ocrx_word' id='word_1_101' title='bbox 1059 787 1152 838; x_wconf 86' lang='lat' dir='ltr'><strong>tanta,</strong></span> <span class='ocrx_word' id='word_1_102' title='bbox 1178 779 1253 845; x_wconf 91' lang='lat' dir='ltr'><strong>quod</strong></span> 
     </span>
     <span class='ocr_line' id='line_1_20' title="bbox 720 847 1256 914; baseline 0.011 -18"><span class='ocrx_word' id='word_1_103' title='bbox 720 847 793 897; x_wconf 90' lang='lat' dir='ltr'><strong>tollat</strong></span> <span class='ocrx_word' id='word_1_104' title='bbox 807 863 916 899; x_wconf 91' lang='lat' dir='ltr'><strong>omnem</strong></span> <span class='ocrx_word' id='word_1_105' title='bbox 941 867 1055 914; x_wconf 88' lang='lat' dir='ltr'><strong>poenam.</strong></span> <span class='ocrx_word' id='word_1_106' title='bbox 1080 852 1112 901; x_wconf 89' lang='lat' dir='ltr'><strong>Et</strong></span> <span class='ocrx_word' id='word_1_107' title='bbox 1128 861 1192 902; x_wconf 90' lang='lat' dir='ltr'><strong>nota</strong></span> <span class='ocrx_word' id='word_1_108' title='bbox 1208 866 1256 902; x_wconf 89' lang='lat' dir='ltr'><strong>or-</strong></span> 
     </span>
     <span class='ocr_line' id='line_1_21' title="bbox 719 919 1256 989; baseline 0.011 -21"><span class='ocrx_word' id='word_1_109' title='bbox 719 919 812 970; x_wconf 86' lang='lat' dir='ltr'>dinem</span> <span class='ocrx_word' id='word_1_110' title='bbox 838 922 1003 986; x_wconf 88' lang='lat' dir='ltr'><strong>poenitentiae</strong></span> <span class='ocrx_word' id='word_1_111' title='bbox 1031 922 1100 973; x_wconf 90' lang='lat' dir='ltr'><strong>Petri</strong></span> <span class='ocrx_word' id='word_1_112' title='bbox 1129 940 1136 974; x_wconf 90' lang='lat'>:</span> <span class='ocrx_word' id='word_1_113' title='bbox 1167 922 1256 989; x_wconf 90' lang='lat' dir='ltr'><strong>primo</strong></span> 
     </span>
     <span class='ocr_line' id='line_1_22' title="bbox 719 989 1259 1064; baseline 0.013 -26"><span class='ocrx_word' id='word_1_114' title='bbox 719 989 813 1055; x_wconf 83' lang='lat' dir='ltr'><strong>gallus</strong></span> <span class='ocrx_word' id='word_1_115' title='bbox 836 992 978 1064; x_wconf 70' lang='lat' dir='ltr'><strong>cantavi15</strong></span> <span class='ocrx_word' id='word_1_116' title='bbox 1004 993 1101 1044; x_wconf 91' lang='lat' dir='ltr'><strong>deinde</strong></span> <span class='ocrx_word' id='word_1_117' title='bbox 1125 994 1259 1045; x_wconf 78' lang='lat' dir='ltr'><strong><em>Dominus</em></strong></span> 
     </span>
     <span class='ocr_line' id='line_1_23' title="bbox 720 1061 1258 1128; baseline 0.013 -20"><span class='ocrx_word' id='word_1_118' title='bbox 720 1061 832 1110; x_wconf 83' lang='lat' dir='ltr'><strong>Petrum</strong></span> <span class='ocrx_word' id='word_1_119' title='bbox 859 1064 996 1128; x_wconf 83' lang='lat' dir='ltr'><strong>respexit,</strong></span> <span class='ocrx_word' id='word_1_120' title='bbox 1030 1063 1128 1124; x_wconf 86' lang='lat' dir='ltr'><strong>tertio,</strong></span> <span class='ocrx_word' id='word_1_121' title='bbox 1162 1065 1258 1116; x_wconf 89' lang='lat' dir='ltr'><strong>Petrus</strong></span> 
     </span>
     <span class='ocr_line' id='line_1_24' title="bbox 720 1132 1258 1201; baseline 0.011 -20"><span class='ocrx_word' id='word_1_122' title='bbox 720 1132 783 1182; x_wconf 91' lang='lat' dir='ltr'><strong>flere</strong></span> <span class='ocrx_word' id='word_1_123' title='bbox 798 1134 893 1199; x_wconf 89' lang='lat' dir='ltr'><strong>coepit;</strong></span> <span class='ocrx_word' id='word_1_124' title='bbox 908 1145 934 1184; x_wconf 89' lang='lat' dir='ltr'><strong>et</strong></span> <span class='ocrx_word' id='word_1_125' title='bbox 948 1146 1012 1184; x_wconf 88' lang='lat' dir='ltr'><strong>tunc</strong></span> <span class='ocrx_word' id='word_1_126' title='bbox 1026 1150 1155 1201; x_wconf 83' lang='lat' dir='ltr'><strong>egressus</strong></span> <span class='ocrx_word' id='word_1_127' title='bbox 1163 1136 1258 1201; x_wconf 74' lang='lat' dir='ltr'><strong>sorae,</strong></span> 
     </span>
    </p>
   </div>
   <div class='ocr_carea' id='block_1_5' title="bbox 134 1201 1261 1269">
    <p class='ocr_par' dir='ltr' id='par_1_5' title="bbox 134 1201 1261 1269">
     <span class='ocr_line' id='line_1_25' title="bbox 134 1201 1261 1269; baseline 0.003 -15"><span class='ocrx_word' id='word_1_128' title='bbox 134 1205 298 1269; x_wconf 89' lang='lat' dir='ltr'><strong>peccandum</strong></span> <span class='ocrx_word' id='word_1_129' title='bbox 317 1206 449 1266; x_wconf 89' lang='lat' dir='ltr'><strong>alliciunt,</strong></span> <span class='ocrx_word' id='word_1_130' title='bbox 473 1204 518 1254; x_wconf 90' lang='lat' dir='ltr'><strong>alii</strong></span> <span class='ocrx_word' id='word_1_131' title='bbox 533 1202 667 1254; x_wconf 89' lang='lat' dir='ltr'><strong>adulatio·</strong></span> <span class='ocrx_word' id='word_1_132' title='bbox 712 1201 793 1268; x_wconf 85' lang='lat' dir='ltr'><strong>flevit</strong></span> <span class='ocrx_word' id='word_1_133' title='bbox 805 1218 905 1255; x_wconf 87' lang='lat' dir='ltr'><strong>amare.</strong></span> <span class='ocrx_word' id='word_1_134' title='bbox 920 1205 963 1256; x_wconf 88' lang='lat' dir='ltr'><strong>Sic</strong></span> <span class='ocrx_word' id='word_1_135' title='bbox 980 1206 1061 1256; x_wconf 90' lang='lat' dir='ltr'><strong>hodie</strong></span> <span class='ocrx_word' id='word_1_136' title='bbox 1078 1205 1117 1266; x_wconf 90' lang='lat' dir='ltr'><strong>fit,</strong></span> <span class='ocrx_word' id='word_1_137' title='bbox 1132 1221 1206 1268; x_wconf 90' lang='lat' dir='ltr'><strong>nam,</strong></span> <span class='ocrx_word' id='word_1_138' title='bbox 1221 1221 1261 1257; x_wconf 82' lang='lat' dir='ltr'><strong>se·</strong></span> 
     </span>
    </p>
   </div>
   <div class='ocr_carea' id='block_1_6' title="bbox 134 1274 665 1342">
    <p class='ocr_par' dir='ltr' id='par_1_6' title="bbox 134 1274 665 1342">
     <span class='ocr_line' id='line_1_26' title="bbox 134 1274 665 1342; baseline -0.004 -17"><span class='ocrx_word' id='word_1_139' title='bbox 134 1274 217 1325; x_wconf 89' lang='lat' dir='ltr'><strong>nibus</strong></span> <span class='ocrx_word' id='word_1_140' title='bbox 241 1275 270 1326; x_wconf 91' lang='lat' dir='ltr'><strong>in</strong></span> <span class='ocrx_word' id='word_1_141' title='bbox 293 1292 389 1327; x_wconf 90' lang='lat' dir='ltr'><strong>vanam</strong></span> <span class='ocrx_word' id='word_1_142' title='bbox 414 1275 527 1342; x_wconf 89' lang='lat' dir='ltr'>gloriam</span> <span class='ocrx_word' id='word_1_143' title='bbox 543 1274 665 1334; x_wconf 90' lang='lat' dir='ltr'><strong>trahunt,</strong></span> 
     </span>
    </p>
   </div>
   <div class='ocr_carea' id='block_1_7' title="bbox 44 1346 666 1414">
    <p class='ocr_par' dir='ltr' id='par_1_7' title="bbox 44 1346 666 1414">
     <span class='ocr_line' id='line_1_27' title="bbox 44 1346 666 1414; baseline 0 -18"><span class='ocrx_word' id='word_1_144' title='bbox 44 1392 47 1396; x_wconf 89' lang='lat'><strong>.</strong></span> <span class='ocrx_word' id='word_1_145' title='bbox 134 1348 179 1399; x_wconf 92' lang='lat' dir='ltr'><strong>alii</strong></span> <span class='ocrx_word' id='word_1_146' title='bbox 194 1349 407 1401; x_wconf 82' lang='lat' dir='ltr'><strong>detractionibus</strong></span> <span class='ocrx_word' id='word_1_147' title='bbox 424 1350 452 1399; x_wconf 92' lang='lat' dir='ltr'><strong>in</strong></span> <span class='ocrx_word' id='word_1_148' title='bbox 471 1346 666 1414; x_wconf 86' lang='lat' dir='ltr'><strong>impatientiam</strong></span> 
     </span>
    </p>
   </div>
   <div class='ocr_carea' id='block_1_8' title="bbox 134 1418 670 3985">
    <p class='ocr_par' dir='ltr' id='par_1_8' title="bbox 135 1418 568 1484">
     <span class='ocr_line' id='line_1_28' title="bbox 135 1418 568 1484; baseline 0.007 -17"><span class='ocrx_word' id='word_1_149' title='bbox 135 1418 284 1484; x_wconf 83' lang='lat' dir='ltr'><strong>dejiciunt:</strong></span> <span class='ocrx_word' id='word_1_150' title='bbox 300 1440 313 1468; x_wconf 79' lang='lat' dir='ltr'><strong>n</strong></span> <span class='ocrx_word' id='word_1_151' title='bbox 329 1421 386 1471; x_wconf 85' lang='lat' dir='ltr'><strong>haec</strong></span> <span class='ocrx_word' id='word_1_152' title='bbox 399 1420 568 1471; x_wconf 68' lang='lat' dir='ltr'><strong>Bernartius</strong></span> 
     </span>
    </p>

    <p class='ocr_par' dir='ltr' id='par_1_9' title="bbox 134 1491 670 3985">
     <span class='ocr_line' id='line_1_29' title="bbox 169 1491 669 1557; baseline 0 -19"><span class='ocrx_word' id='word_1_153' title='bbox 169 1505 200 1557; x_wconf 78' lang='lat'><strong>19</strong></span> <span class='ocrx_word' id='word_1_154' title='bbox 221 1491 326 1541; x_wconf 76' lang='lat' dir='ltr'><strong>Parrus</strong></span> <span class='ocrx_word' id='word_1_155' title='bbox 340 1507 366 1541; x_wconf 81' lang='lat' dir='ltr'><strong>m</strong></span> <span class='ocrx_word' id='word_1_156' title='bbox 384 1506 551 1541; x_wconf 76' lang='lat' dir='ltr'><strong>rmnrraurra</strong></span> <span class='ocrx_word' id='word_1_157' title='bbox 566 1504 669 1539; x_wconf 74' lang='lat' dir='ltr'><strong>intrau-</strong></span> 
     </span>
     <span class='ocr_line' id='line_1_30' title="bbox 136 1561 668 1630; baseline -0.004 -18"><span class='ocrx_word' id='word_1_158' title='bbox 136 1579 194 1613; x_wconf 88' lang='lat' dir='ltr'><strong>ous.</strong></span> <span class='ocrx_word' id='word_1_159' title='bbox 218 1591 248 1601; x_wconf 94' lang='lat'>-</span> <span class='ocrx_word' id='word_1_160' title='bbox 271 1562 378 1615; x_wconf 87' lang='lat' dir='ltr'><strong>imitare</strong></span> <span class='ocrx_word' id='word_1_161' title='bbox 403 1580 466 1630; x_wconf 89' lang='lat' dir='ltr'><strong>ergo</strong></span> <span class='ocrx_word' id='word_1_162' title='bbox 482 1564 600 1623; x_wconf 90' lang='lat' dir='ltr'><strong>Petrum,</strong></span> <span class='ocrx_word' id='word_1_163' title='bbox 622 1561 668 1627; x_wconf 93' lang='lat' dir='ltr'><strong>qui</strong></span> 
     </span>
     <span class='ocr_line' id='line_1_31' title="bbox 135 1631 670 1698; baseline 0 -16"><span class='ocrx_word' id='word_1_164' title='bbox 135 1633 279 1692; x_wconf 86' lang='lat' dir='ltr'><strong>voluntate,</strong></span> <span class='ocrx_word' id='word_1_165' title='bbox 302 1635 384 1683; x_wconf 91' lang='lat' dir='ltr'><strong>verbo</strong></span> <span class='ocrx_word' id='word_1_166' title='bbox 419 1634 461 1684; x_wconf 90' lang='lat' dir='ltr'><strong>vel</strong></span> <span class='ocrx_word' id='word_1_167' title='bbox 491 1631 560 1683; x_wconf 87' lang='lat' dir='ltr'><strong>facto</strong></span> <span class='ocrx_word' id='word_1_168' title='bbox 582 1648 670 1698; x_wconf 90' lang='lat' dir='ltr'><strong>proca-</strong></span> 
     </span>
     <span class='ocr_line' id='line_1_32' title="bbox 139 1703 670 1771; baseline 0.006 -19"><span class='ocrx_word' id='word_1_169' title='bbox 139 1703 203 1753; x_wconf 89' lang='lat' dir='ltr'><strong>citer</strong></span> <span class='ocrx_word' id='word_1_170' title='bbox 244 1703 345 1770; x_wconf 85' lang='lat' dir='ltr'><strong>negasti</strong></span> <span class='ocrx_word' id='word_1_171' title='bbox 385 1704 524 1755; x_wconf 88' lang='lat' dir='ltr'><strong>Christum</strong></span> <span class='ocrx_word' id='word_1_172' title='bbox 565 1720 613 1771; x_wconf 92' lang='lat' dir='ltr'><strong>pro</strong></span> <span class='ocrx_word' id='word_1_173' title='bbox 644 1714 670 1755; x_wconf 90' lang='lat' dir='ltr'><strong>te</strong></span> 
     </span>
     <span class='ocr_line' id='line_1_33' title="bbox 137 1779 669 1844; baseline 0.006 -18"><span class='ocrx_word' id='word_1_174' title='bbox 137 1791 257 1842; x_wconf 90' lang='lat' dir='ltr'><strong>passum.</strong></span> <span class='ocrx_word' id='word_1_175' title='bbox 286 1779 430 1844; x_wconf 85' lang='lat' dir='ltr'><strong>Cognoscit</strong></span> <span class='ocrx_word' id='word_1_176' title='bbox 452 1781 545 1829; x_wconf 89' lang='lat' dir='ltr'><strong>Petrus</strong></span> <span class='ocrx_word' id='word_1_177' title='bbox 567 1789 669 1829; x_wconf 90' lang='lat' dir='ltr'><strong>reatum</strong></span> 
     </span>
     <span class='ocr_line' id='line_1_34' title="bbox 137 1850 670 1918; baseline 0 -16"><span class='ocrx_word' id='word_1_178' title='bbox 137 1865 227 1911; x_wconf 92' lang='lat' dir='ltr'><strong>suum,</strong></span> <span class='ocrx_word' id='word_1_179' title='bbox 253 1850 325 1901; x_wconf 93' lang='lat' dir='ltr'><strong>dolet</strong></span> <span class='ocrx_word' id='word_1_180' title='bbox 349 1861 374 1900; x_wconf 89' lang='lat' dir='ltr'><strong>et</strong></span> <span class='ocrx_word' id='word_1_181' title='bbox 396 1851 516 1916; x_wconf 85' lang='lat' dir='ltr'><strong>poenitet,</strong></span> <span class='ocrx_word' id='word_1_182' title='bbox 535 1852 670 1918; x_wconf 91' lang='lat' dir='ltr'><strong>egreditur</strong></span> 
     </span>
     <span class='ocr_line' id='line_1_35' title="bbox 137 1920 669 1988; baseline 0.002 -18"><span class='ocrx_word' id='word_1_183' title='bbox 137 1920 226 1980; x_wconf 86' lang='lat' dir='ltr'><strong>foras,</strong></span> <span class='ocrx_word' id='word_1_184' title='bbox 253 1921 383 1988; x_wconf 88' lang='lat' dir='ltr'><strong>relinquit</strong></span> <span class='ocrx_word' id='word_1_185' title='bbox 417 1922 560 1973; x_wconf 86' lang='lat' dir='ltr'><strong>concilium</strong></span> <span class='ocrx_word' id='word_1_186' title='bbox 588 1923 669 1973; x_wconf 92' lang='lat' dir='ltr'><strong>mali-</strong></span> 
     </span>
     <span class='ocr_line' id='line_1_36' title="bbox 137 1991 669 2058; baseline 0.008 -18"><span class='ocrx_word' id='word_1_187' title='bbox 137 1991 296 2056; x_wconf 86' lang='lat' dir='ltr'><strong>gnantium,</strong></span> <span class='ocrx_word' id='word_1_188' title='bbox 323 1993 414 2042; x_wconf 90' lang='lat' dir='ltr'><strong>locum</strong></span> <span class='ocrx_word' id='word_1_189' title='bbox 441 1994 507 2058; x_wconf 92' lang='lat' dir='ltr'><strong>petit</strong></span> <span class='ocrx_word' id='word_1_190' title='bbox 536 2005 669 2044; x_wconf 88' lang='lat' dir='ltr'><strong>secretum</strong></span> 
     </span>
     <span class='ocr_line' id='line_1_37' title="bbox 137 2050 668 2131; baseline 0.009 -20"><span class='ocrx_word' id='word_1_191' title='bbox 137 2050 264 2128; x_wconf 81' lang='lat' dir='ltr'><strong>lacrymis</strong></span> <span class='ocrx_word' id='word_1_192' title='bbox 291 2073 317 2114; x_wconf 88' lang='lat' dir='ltr'><strong>et</strong></span> <span class='ocrx_word' id='word_1_193' title='bbox 346 2064 512 2131; x_wconf 76' lang='lat' dir='ltr'><strong>poenitentia</strong></span> <span class='ocrx_word' id='word_1_194' title='bbox 534 2068 668 2126; x_wconf 88' lang='lat' dir='ltr'><strong>amicum,</strong></span> 
     </span>
     <span class='ocr_line' id='line_1_38' title="bbox 138 2134 668 2204; baseline 0.009 -21"><span class='ocrx_word' id='word_1_195' title='bbox 138 2134 184 2184; x_wconf 89' lang='lat' dir='ltr'><strong>flet</strong></span> <span class='ocrx_word' id='word_1_196' title='bbox 208 2150 307 2199; x_wconf 87' lang='lat' dir='ltr'><strong>amare,</strong></span> <span class='ocrx_word' id='word_1_197' title='bbox 333 2138 482 2188; x_wconf 90' lang='lat' dir='ltr'><strong>certissime</strong></span> <span class='ocrx_word' id='word_1_198' title='bbox 507 2137 668 2204; x_wconf 89' lang='lat' dir='ltr'><strong>intelligens,</strong></span> 
     </span>
     <span class='ocr_line' id='line_1_39' title="bbox 136 2205 670 2275; baseline 0.006 -19"><span class='ocrx_word' id='word_1_199' title='bbox 136 2205 209 2271; x_wconf 85' lang='lat' dir='ltr'><strong>quia,</strong></span> <span class='ocrx_word' id='word_1_200' title='bbox 236 2207 399 2275; x_wconf 84' lang='lat' dir='ltr'><strong>sacrificium</strong></span> <span class='ocrx_word' id='word_1_201' title='bbox 419 2210 477 2261; x_wconf 90' lang='lat' dir='ltr'><strong>Deo</strong></span> <span class='ocrx_word' id='word_1_202' title='bbox 497 2219 537 2259; x_wconf 89' lang='lat' dir='ltr'><strong>est</strong></span> <span class='ocrx_word' id='word_1_203' title='bbox 556 2209 670 2275; x_wconf 82' lang='lat' dir='ltr'><strong>spiritus</strong></span> 
     </span>
     <span class='ocr_line' id='line_1_40' title="bbox 139 2277 670 2346; baseline 0.008 -19"><span class='ocrx_word' id='word_1_204' title='bbox 139 2277 343 2342; x_wconf 81' lang='lat' dir='ltr'><strong>contribulatus,</strong></span> <span class='ocrx_word' id='word_1_205' title='bbox 368 2290 393 2330; x_wconf 92' lang='lat' dir='ltr'><strong>et</strong></span> <span class='ocrx_word' id='word_1_206' title='bbox 413 2280 486 2346; x_wconf 88' lang='lat' dir='ltr'><strong>quod</strong></span> <span class='ocrx_word' id='word_1_207' title='bbox 506 2294 554 2330; x_wconf 83' lang='lat' dir='ltr'><strong>cor·</strong></span> <span class='ocrx_word' id='word_1_208' title='bbox 568 2281 670 2331; x_wconf 80' lang='lat' dir='ltr'><strong>contri-</strong></span> 
     </span>
     <span class='ocr_line' id='line_1_41' title="bbox 137 2349 670 2417; baseline 0.009 -20"><span class='ocrx_word' id='word_1_209' title='bbox 137 2355 191 2397; x_wconf 85' lang='lat' dir='ltr'><strong>tum</strong></span> <span class='ocrx_word' id='word_1_210' title='bbox 207 2355 234 2399; x_wconf 83' lang='lat' dir='ltr'><strong>et</strong></span> <span class='ocrx_word' id='word_1_211' title='bbox 248 2349 415 2401; x_wconf 82' lang='lat' dir='ltr'><strong>humiliatum</strong></span> <span class='ocrx_word' id='word_1_212' title='bbox 430 2351 504 2400; x_wconf 83' lang='lat' dir='ltr'><strong>Deus</strong></span> <span class='ocrx_word' id='word_1_213' title='bbox 519 2366 569 2402; x_wconf 89' lang='lat' dir='ltr'><strong>non</strong></span> <span class='ocrx_word' id='word_1_214' title='bbox 586 2351 670 2417; x_wconf 81' lang='lat' dir='ltr'><strong>despi-</strong></span> 
     </span>
     <span class='ocr_line' id='line_1_42' title="bbox 135 2417 670 2486; baseline 0.009 -19"><span class='ocrx_word' id='word_1_215' title='bbox 135 2417 180 2467; x_wconf 85' lang='lat' dir='ltr'><strong>cit.</strong></span> <span class='ocrx_word' id='word_1_216' title='bbox 193 2418 236 2468; x_wconf 90' lang='lat' dir='ltr'><strong>Tu</strong></span> <span class='ocrx_word' id='word_1_217' title='bbox 251 2435 359 2486; x_wconf 90' lang='lat' dir='ltr'><strong>quoque</strong></span> <span class='ocrx_word' id='word_1_218' title='bbox 370 2436 554 2472; x_wconf 89' lang='lat' dir='ltr'><strong>rememorans</strong></span> <span class='ocrx_word' id='word_1_219' title='bbox 569 2422 670 2472; x_wconf 84' lang='lat' dir='ltr'><strong>Passio-</strong></span> 
     </span>
     <span class='ocr_line' id='line_1_43' title="bbox 138 2488 670 2560; baseline 0.015 -24"><span class='ocrx_word' id='word_1_220' title='bbox 138 2502 200 2537; x_wconf 88' lang='lat' dir='ltr'><strong>nem</strong></span> <span class='ocrx_word' id='word_1_221' title='bbox 214 2488 381 2541; x_wconf 87' lang='lat' dir='ltr'><strong>dilectissimi</strong></span> <span class='ocrx_word' id='word_1_222' title='bbox 394 2492 525 2558; x_wconf 86' lang='lat' dir='ltr'><strong>Magistri,</strong></span> <span class='ocrx_word' id='word_1_223' title='bbox 538 2504 670 2560; x_wconf 89' lang='lat' dir='ltr'><strong>tuumque</strong></span> 
     </span>
     <span class='ocr_line' id='line_1_44' title="bbox 137 2560 667 2630; baseline 0.015 -23"><span class='ocrx_word' id='word_1_224' title='bbox 137 2567 250 2618; x_wconf 88' lang='lat' dir='ltr'><strong>reatum,</strong></span> <span class='ocrx_word' id='word_1_225' title='bbox 274 2560 345 2610; x_wconf 88' lang='lat' dir='ltr'><strong>foras</strong></span> <span class='ocrx_word' id='word_1_226' title='bbox 364 2577 425 2611; x_wconf 88' lang='lat' dir='ltr'><strong>curn</strong></span> <span class='ocrx_word' id='word_1_227' title='bbox 444 2563 520 2613; x_wconf 88' lang='lat' dir='ltr'><strong>Petro</strong></span> <span class='ocrx_word' id='word_1_228' title='bbox 535 2565 667 2630; x_wconf 86' lang='lat' dir='ltr'><strong>egredere,</strong></span> 
     </span>
     <span class='ocr_line' id='line_1_45' title="bbox 135 2632 668 2698; baseline 0.013 -17"><span class='ocrx_word' id='word_1_229' title='bbox 135 2641 165 2682; x_wconf 92' lang='lat' dir='ltr'><strong>ut</strong></span> <span class='ocrx_word' id='word_1_230' title='bbox 190 2632 306 2698; x_wconf 91' lang='lat' dir='ltr'><strong>teipsum</strong></span> <span class='ocrx_word' id='word_1_231' title='bbox 327 2635 426 2685; x_wconf 84' lang='lat' dir='ltr'><strong>defleas</strong></span> <span class='ocrx_word' id='word_1_232' title='bbox 446 2639 621 2698; x_wconf 88' lang='lat' dir='ltr'><strong>amarissime,</strong></span> <span class='ocrx_word' id='word_1_233' title='bbox 645 2639 668 2688; x_wconf 92' lang='lat' dir='ltr'><strong>si</strong></span> 
     </span>
     <span class='ocr_line' id='line_1_46' title="bbox 136 2703 667 2772; baseline 0.017 -22"><span class='ocrx_word' id='word_1_234' title='bbox 136 2703 245 2767; x_wconf 90' lang='lat' dir='ltr'><strong>quando</strong></span> <span class='ocrx_word' id='word_1_235' title='bbox 270 2713 295 2753; x_wconf 90' lang='lat' dir='ltr'><strong>te</strong></span> <span class='ocrx_word' id='word_1_236' title='bbox 317 2704 456 2770; x_wconf 85' lang='lat' dir='ltr'><strong>respiciat,</strong></span> <span class='ocrx_word' id='word_1_237' title='bbox 486 2709 532 2772; x_wconf 92' lang='lat' dir='ltr'><strong>qui</strong></span> <span class='ocrx_word' id='word_1_238' title='bbox 560 2709 667 2758; x_wconf 91' lang='lat' dir='ltr'><strong>Petrum</strong></span> 
     </span>
     <span class='ocr_line' id='line_1_47' title="bbox 136 2771 668 2843; baseline 0.017 -23"><span class='ocrx_word' id='word_1_239' title='bbox 136 2771 327 2836; x_wconf 88' lang='lat' dir='ltr'><strong>lacrymantem</strong></span> <span class='ocrx_word' id='word_1_240' title='bbox 342 2775 467 2839; x_wconf 86' lang='lat' dir='ltr'><strong>respexit.</strong></span> <span class='ocrx_word' id='word_1_241' title='bbox 484 2777 534 2826; x_wconf 90' lang='lat' dir='ltr'><strong>Hic</strong></span> <span class='ocrx_word' id='word_1_242' title='bbox 553 2788 595 2827; x_wconf 88' lang='lat' dir='ltr'><strong>est</strong></span> <span class='ocrx_word' id='word_1_243' title='bbox 611 2794 668 2843; x_wconf 90' lang='lat' dir='ltr'><strong>poe-</strong></span> 
     </span>
     <span class='ocr_line' id='line_1_48' title="bbox 137 2841 667 2913; baseline 0.017 -23"><span class='ocrx_word' id='word_1_244' title='bbox 137 2841 257 2892; x_wconf 87' lang='lat' dir='ltr'><strong>nitentiae</strong></span> <span class='ocrx_word' id='word_1_245' title='bbox 272 2844 379 2895; x_wconf 92' lang='lat' dir='ltr'><strong>modus.</strong></span> <span class='ocrx_word' id='word_1_246' title='bbox 400 2845 516 2896; x_wconf 86' lang='lat' dir='ltr'><strong>Peccasti</strong></span> <span class='ocrx_word' id='word_1_247' title='bbox 530 2861 537 2894; x_wconf 74' lang='lat' dir='ltr'><strong>c</strong></span> <span class='ocrx_word' id='word_1_248' title='bbox 551 2847 667 2913; x_wconf 85' lang='lat' dir='ltr'><strong>quiesce,</strong></span> 
     </span>
     <span class='ocr_line' id='line_1_49' title="bbox 136 2913 667 2983; baseline 0.017 -21"><span class='ocrx_word' id='word_1_249' title='bbox 136 2913 206 2974; x_wconf 91' lang='lat' dir='ltr'><strong>dole,</strong></span> <span class='ocrx_word' id='word_1_250' title='bbox 233 2925 259 2965; x_wconf 91' lang='lat' dir='ltr'><strong>et</strong></span> <span class='ocrx_word' id='word_1_251' title='bbox 281 2917 435 2983; x_wconf 88' lang='lat' dir='ltr'><strong>lacrymare,</strong></span> <span class='ocrx_word' id='word_1_252' title='bbox 462 2927 487 2968; x_wconf 92' lang='lat' dir='ltr'><strong>et</strong></span> <span class='ocrx_word' id='word_1_253' title='bbox 510 2918 582 2970; x_wconf 88' lang='lat' dir='ltr'><strong>disce</strong></span> <span class='ocrx_word' id='word_1_254' title='bbox 605 2936 667 2971; x_wconf 90' lang='lat' dir='ltr'><strong>cum</strong></span> 
     </span>
     <span class='ocr_line' id='line_1_50' title="bbox 135 2984 666 3052; baseline 0.019 -16"><span class='ocrx_word' id='word_1_255' title='bbox 135 2986 215 3039; x_wconf 88' lang='lat' dir='ltr'><strong>Petro</strong></span> <span class='ocrx_word' id='word_1_256' title='bbox 232 2988 295 3040; x_wconf 89' lang='lat' dir='ltr'><strong>flere</strong></span> <span class='ocrx_word' id='word_1_257' title='bbox 312 2984 458 3052; x_wconf 79' lang='lat' dir='ltr'><strong>amare,&#39;et</strong></span> <span class='ocrx_word' id='word_1_258' title='bbox 472 2991 494 3041; x_wconf 90' lang='lat' dir='ltr'><strong>si</strong></span> <span class='ocrx_word' id='word_1_259' title='bbox 516 2991 557 3042; x_wconf 93' lang='lat' dir='ltr'><strong>vis</strong></span> <span class='ocrx_word' id='word_1_260' title='bbox 571 2996 666 3046; x_wconf 89' lang='lat' dir='ltr'><strong>mereri</strong></span> 
     </span>
     <span class='ocr_line' id='line_1_51' title="bbox 135 3062 666 3134; baseline 0.015 -24"><span class='ocrx_word' id='word_1_261' title='bbox 135 3062 256 3122; x_wconf 89' lang='lat' dir='ltr'><strong>veniam,</strong></span> <span class='ocrx_word' id='word_1_262' title='bbox 294 3065 367 3116; x_wconf 91' lang='lat' dir='ltr'><strong>dilue</strong></span> <span class='ocrx_word' id='word_1_263' title='bbox 402 3066 528 3132; x_wconf 85' lang='lat' dir='ltr'><strong>lacrymis</strong></span> <span class='ocrx_word' id='word_1_264' title='bbox 560 3068 666 3134; x_wconf 89' lang='lat' dir='ltr'><strong>culpam</strong></span> 
     </span>
     <span class='ocr_line' id='line_1_52' title="bbox 136 3135 666 3203; baseline 0.013 -21"><span class='ocrx_word' id='word_1_265' title='bbox 136 3140 221 3184; x_wconf 91' lang='lat' dir='ltr'><strong>tuam.</strong></span> <span class='ocrx_word' id='word_1_266' title='bbox 243 3135 365 3187; x_wconf 84' lang='lat' dir='ltr'><strong>Geminae</strong></span> <span class='ocrx_word' id='word_1_267' title='bbox 385 3152 495 3203; x_wconf 89' lang='lat' dir='ltr'><strong>quoque</strong></span> <span class='ocrx_word' id='word_1_268' title='bbox 516 3138 666 3189; x_wconf 91' lang='lat' dir='ltr'><strong>amarifica—</strong></span> 
     </span>
     <span class='ocr_line' id='line_1_53' title="bbox 135 3201 665 3274; baseline 0.015 -23"><span class='ocrx_word' id='word_1_269' title='bbox 135 3201 228 3267; x_wconf 87' lang='lat' dir='ltr'><strong>tionis,</strong></span> <span class='ocrx_word' id='word_1_270' title='bbox 252 3205 355 3256; x_wconf 90' lang='lat' dir='ltr'><strong>scilicet</strong></span> <span class='ocrx_word' id='word_1_271' title='bbox 377 3207 547 3257; x_wconf 88' lang='lat' dir='ltr'><strong>contritionis</strong></span> <span class='ocrx_word' id='word_1_272' title='bbox 569 3224 616 3274; x_wconf 90' lang='lat' dir='ltr'><strong>pro</strong></span> <span class='ocrx_word' id='word_1_273' title='bbox 631 3220 665 3269; x_wconf 91' lang='lat' dir='ltr'><strong>te,</strong></span> 
     </span>
     <span class='ocr_line' id='line_1_54' title="bbox 135 3276 666 3340; baseline 0.011 -16"><span class='ocrx_word' id='word_1_274' title='bbox 135 3281 160 3324; x_wconf 88' lang='lat' dir='ltr'><strong>et</strong></span> <span class='ocrx_word' id='word_1_275' title='bbox 177 3276 374 3340; x_wconf 90' lang='lat' dir='ltr'><strong>compassionis</strong></span> <span class='ocrx_word' id='word_1_276' title='bbox 393 3279 426 3328; x_wconf 88' lang='lat' dir='ltr'><strong>ad</strong></span> <span class='ocrx_word' id='word_1_277' title='bbox 441 3278 591 3340; x_wconf 89' lang='lat' dir='ltr'><strong>Christum,</strong></span> <span class='ocrx_word' id='word_1_278' title='bbox 607 3279 666 3331; x_wconf 88' lang='lat' dir='ltr'><strong>ine-</strong></span> 
     </span>
     <span class='ocr_line' id='line_1_55' title="bbox 136 3345 665 3417; baseline 0.013 -22"><span class='ocrx_word' id='word_1_279' title='bbox 136 3345 231 3396; x_wconf 90' lang='lat' dir='ltr'><strong>brieris</strong></span> <span class='ocrx_word' id='word_1_280' title='bbox 253 3349 402 3410; x_wconf 88' lang='lat' dir='ltr'><strong>absinthio,</strong></span> <span class='ocrx_word' id='word_1_281' title='bbox 423 3362 453 3401; x_wconf 94' lang='lat' dir='ltr'><strong>ut</strong></span> <span class='ocrx_word' id='word_1_282' title='bbox 471 3351 665 3417; x_wconf 86' lang='lat' dir='ltr'><strong>expiatuscum</strong></span> 
     </span>
     <span class='ocr_line' id='line_1_56' title="bbox 136 3417 666 3487; baseline 0.013 -21"><span class='ocrx_word' id='word_1_283' title='bbox 136 3417 214 3467; x_wconf 92' lang='lat' dir='ltr'><strong>Petro</strong></span> <span class='ocrx_word' id='word_1_284' title='bbox 242 3433 257 3468; x_wconf 91' lang='lat' dir='ltr'><strong>a</strong></span> <span class='ocrx_word' id='word_1_285' title='bbox 284 3431 358 3469; x_wconf 88' lang='lat' dir='ltr'><strong>reatu</strong></span> <span class='ocrx_word' id='word_1_286' title='bbox 391 3422 506 3481; x_wconf 91' lang='lat' dir='ltr'><strong>sceleris,</strong></span> <span class='ocrx_word' id='word_1_287' title='bbox 539 3423 666 3487; x_wconf 88' lang='lat' dir='ltr'><strong>replearis</strong></span> 
     </span>
     <span class='ocr_line' id='line_1_57' title="bbox 135 3490 666 3556; baseline 0.008 -16"><span class='ocrx_word' id='word_1_288' title='bbox 135 3504 196 3540; x_wconf 87' lang='lat' dir='ltr'><strong>cum</strong></span> <span class='ocrx_word' id='word_1_289' title='bbox 219 3490 297 3540; x_wconf 90' lang='lat' dir='ltr'><strong>Petro</strong></span> <span class='ocrx_word' id='word_1_290' title='bbox 314 3491 415 3556; x_wconf 90' lang='lat' dir='ltr'><strong>Spiritu</strong></span> <span class='ocrx_word' id='word_1_291' title='bbox 432 3493 589 3544; x_wconf 91' lang='lat' dir='ltr'><strong>sanctitatis.</strong></span> <span class='ocrx_word' id='word_1_292' title='bbox 605 3494 666 3544; x_wconf 88' lang='lat' dir='ltr'><strong>Cir-</strong></span> 
     </span>
     <span class='ocr_line' id='line_1_58' title="bbox 134 3561 665 3616; baseline 0.011 -6"><span class='ocrx_word' id='word_1_293' title='bbox 134 3575 164 3611; x_wconf 91' lang='lat' dir='ltr'><strong>ca</strong></span> <span class='ocrx_word' id='word_1_294' title='bbox 180 3561 231 3611; x_wconf 92' lang='lat' dir='ltr'><strong>hoc</strong></span> <span class='ocrx_word' id='word_1_295' title='bbox 245 3572 333 3612; x_wconf 87' lang='lat' dir='ltr'><strong>autem</strong></span> <span class='ocrx_word' id='word_1_296' title='bbox 349 3563 388 3613; x_wconf 91' lang='lat' dir='ltr'><strong>sic</strong></span> <span class='ocrx_word' id='word_1_297' title='bbox 401 3563 467 3613; x_wconf 89' lang='lat' dir='ltr'><strong>dicit</strong></span> <span class='ocrx_word' id='word_1_298' title='bbox 483 3565 665 3616; x_wconf 82' lang='lat' dir='ltr'><strong>Ambrosius:</strong></span> 
     </span>
     <span class='ocr_line' id='line_1_59' title="bbox 135 3630 666 3701; baseline 0.011 -22"><span class='ocrx_word' id='word_1_299' title='bbox 135 3648 149 3677; x_wconf 79' lang='lat' dir='ltr'><strong>a</strong></span> <span class='ocrx_word' id='word_1_300' title='bbox 162 3630 202 3682; x_wconf 92' lang='lat' dir='ltr'><strong>De</strong></span> <span class='ocrx_word' id='word_1_301' title='bbox 219 3633 296 3683; x_wconf 90' lang='lat' dir='ltr'><strong>Petro</strong></span> <span class='ocrx_word' id='word_1_302' title='bbox 311 3650 365 3684; x_wconf 90' lang='lat' dir='ltr'><strong>non</strong></span> <span class='ocrx_word' id='word_1_303' title='bbox 376 3633 489 3685; x_wconf 89' lang='lat' dir='ltr'><strong>invenio</strong></span> <span class='ocrx_word' id='word_1_304' title='bbox 508 3635 574 3701; x_wconf 93' lang='lat' dir='ltr'><strong>quid</strong></span> <span class='ocrx_word' id='word_1_305' title='bbox 588 3635 666 3686; x_wconf 85' lang='lat' dir='ltr'><strong>dixe-</strong></span> 
     </span>
     <span class='ocr_line' id='line_1_60' title="bbox 134 3699 667 3772; baseline 0.008 -21"><span class='ocrx_word' id='word_1_306' title='bbox 134 3699 187 3765; x_wconf 70' lang='lat' dir='ltr'><strong>rit,</strong></span> <span class='ocrx_word' id='word_1_307' title='bbox 207 3701 317 3754; x_wconf 90' lang='lat' dir='ltr'><strong>invenio</strong></span> <span class='ocrx_word' id='word_1_308' title='bbox 331 3705 404 3771; x_wconf 92' lang='lat' dir='ltr'><strong>quod</strong></span> <span class='ocrx_word' id='word_1_309' title='bbox 418 3704 498 3765; x_wconf 87' lang='lat' dir='ltr'><strong>flevit,</strong></span> <span class='ocrx_word' id='word_1_310' title='bbox 514 3705 571 3769; x_wconf 91' lang='lat' dir='ltr'><strong>ejus</strong></span> <span class='ocrx_word' id='word_1_311' title='bbox 585 3706 667 3772; x_wconf 87' lang='lat' dir='ltr'><strong>lacry-</strong></span> 
     </span>
     <span class='ocr_line' id='line_1_61' title="bbox 136 3774 664 3842; baseline 0.008 -20"><span class='ocrx_word' id='word_1_312' title='bbox 136 3788 193 3823; x_wconf 87' lang='lat' dir='ltr'><strong>mas</strong></span> <span class='ocrx_word' id='word_1_313' title='bbox 207 3775 275 3841; x_wconf 89' lang='lat' dir='ltr'><strong>lego,</strong></span> <span class='ocrx_word' id='word_1_314' title='bbox 291 3774 501 3826; x_wconf 87' lang='lat' dir='ltr'><strong>satisfactionem</strong></span> <span class='ocrx_word' id='word_1_315' title='bbox 516 3792 571 3825; x_wconf 89' lang='lat' dir='ltr'><strong>non</strong></span> <span class='ocrx_word' id='word_1_316' title='bbox 583 3775 642 3842; x_wconf 90' lang='lat' dir='ltr'><strong>lego</strong></span> <span class='ocrx_word' id='word_1_317' title='bbox 657 3793 664 3826; x_wconf 71' lang='grc' dir='ltr'>ε</span> 
     </span>
     <span class='ocr_line' id='line_1_62' title="bbox 135 3845 666 3912; baseline 0.006 -19"><span class='ocrx_word' id='word_1_318' title='bbox 135 3858 168 3894; x_wconf 86' lang='lat' dir='ltr'><strong>ex</strong></span> <span class='ocrx_word' id='word_1_319' title='bbox 181 3861 235 3911; x_wconf 89' lang='lat' dir='ltr'><strong>quo</strong></span> <span class='ocrx_word' id='word_1_320' title='bbox 249 3846 363 3906; x_wconf 89' lang='lat' dir='ltr'><strong>videtur,</strong></span> <span class='ocrx_word' id='word_1_321' title='bbox 375 3845 448 3912; x_wconf 93' lang='lat' dir='ltr'><strong>quod</strong></span> <span class='ocrx_word' id='word_1_322' title='bbox 463 3855 535 3896; x_wconf 91' lang='lat' dir='ltr'><strong>tanta</strong></span> <span class='ocrx_word' id='word_1_323' title='bbox 547 3845 599 3895; x_wconf 86' lang='lat' dir='ltr'><strong>fuit</strong></span> <span class='ocrx_word' id='word_1_324' title='bbox 610 3845 666 3910; x_wconf 80' lang='lat' dir='ltr'><strong>ejus</strong></span> 
     </span>
     <span class='ocr_line' id='line_1_63' title="bbox 136 3915 664 3985; baseline 0.006 -20"><span class='ocrx_word' id='word_1_325' title='bbox 136 3915 270 3979; x_wconf 89' lang='lat' dir='ltr'><strong>contritio,</strong></span> <span class='ocrx_word' id='word_1_326' title='bbox 291 3918 365 3985; x_wconf 91' lang='lat' dir='ltr'><strong>quod</strong></span> <span class='ocrx_word' id='word_1_327' title='bbox 379 3915 528 3969; x_wconf 88' lang='lat' dir='ltr'><strong>sufficiebat</strong></span> <span class='ocrx_word' id='word_1_328' title='bbox 541 3932 590 3984; x_wconf 92' lang='lat' dir='ltr'><strong>pro</strong></span> <span class='ocrx_word' id='word_1_329' title='bbox 607 3917 664 3983; x_wconf 88' lang='lat' dir='ltr'><strong>ejus</strong></span> 
     </span>
    </p>
   </div>
   <div class='ocr_carea' id='block_1_9' title="bbox 719 1276 1302 3984">
    <p class='ocr_par' dir='ltr' id='par_1_10' title="bbox 719 1276 1302 3984">
     <span class='ocr_line' id='line_1_64' title="bbox 719 1276 1259 1344; baseline 0.007 -18"><span class='ocrx_word' id='word_1_330' title='bbox 719 1276 837 1327; x_wconf 90' lang='lat' dir='ltr'><strong>cundum</strong></span> <span class='ocrx_word' id='word_1_331' title='bbox 868 1279 1050 1344; x_wconf 80' lang='lat' dir='ltr'><strong>Gregorium,</strong></span> <span class='ocrx_word' id='word_1_332' title='bbox 1084 1288 1149 1329; x_wconf 89' lang='lat' dir='ltr'><strong>tunc</strong></span> <span class='ocrx_word' id='word_1_333' title='bbox 1178 1278 1259 1330; x_wconf 84' lang='lat' dir='ltr'><strong>nobis</strong></span> 
     </span>
     <span class='ocr_line' id='line_1_65' title="bbox 720 1347 1259 1415; baseline 0.004 -17"><span class='ocrx_word' id='word_1_334' title='bbox 720 1347 806 1412; x_wconf 88' lang='lat' dir='ltr'><strong>gallus</strong></span> <span class='ocrx_word' id='word_1_335' title='bbox 831 1358 933 1412; x_wconf 84' lang='lat' dir='ltr'><strong>cantat,</strong></span> <span class='ocrx_word' id='word_1_336' title='bbox 964 1348 1073 1415; x_wconf 88' lang='lat' dir='ltr'><strong>quando</strong></span> <span class='ocrx_word' id='word_1_337' title='bbox 1101 1348 1259 1414; x_wconf 70' lang='lat' dir='ltr'><strong>predicator</strong></span> 
     </span>
     <span class='ocr_line' id='line_1_66' title="bbox 721 1418 1259 1487; baseline 0.004 -19"><span class='ocrx_word' id='word_1_338' title='bbox 721 1418 839 1485; x_wconf 88' lang='lat' dir='ltr'><strong>quisque</strong></span> <span class='ocrx_word' id='word_1_339' title='bbox 854 1421 934 1470; x_wconf 91' lang='lat' dir='ltr'><strong>corda</strong></span> <span class='ocrx_word' id='word_1_340' title='bbox 950 1430 1042 1470; x_wconf 88' lang='lat' dir='ltr'><strong>nostra</strong></span> <span class='ocrx_word' id='word_1_341' title='bbox 1065 1421 1098 1470; x_wconf 89' lang='lat' dir='ltr'><strong>ad</strong></span> <span class='ocrx_word' id='word_1_342' title='bbox 1121 1436 1259 1487; x_wconf 88' lang='lat' dir='ltr'><strong>compun-</strong></span> 
     </span>
     <span class='ocr_line' id='line_1_67' title="bbox 721 1489 1258 1558; baseline 0.004 -20"><span class='ocrx_word' id='word_1_343' title='bbox 721 1489 838 1540; x_wconf 90' lang='lat' dir='ltr'><strong>ctionem</strong></span> <span class='ocrx_word' id='word_1_344' title='bbox 863 1491 974 1557; x_wconf 87' lang='lat' dir='ltr'><strong>excitat;</strong></span> <span class='ocrx_word' id='word_1_345' title='bbox 1001 1493 1047 1542; x_wconf 91' lang='lat' dir='ltr'><strong>sed</strong></span> <span class='ocrx_word' id='word_1_346' title='bbox 1076 1500 1170 1542; x_wconf 89' lang='lat' dir='ltr'><strong>cantus</strong></span> <span class='ocrx_word' id='word_1_347' title='bbox 1194 1489 1258 1558; x_wconf 89' lang='lat' dir='ltr'><strong>galli</strong></span> 
     </span>
     <span class='ocr_line' id='line_1_68' title="bbox 723 1563 1261 1624; baseline 0.002 -13"><span class='ocrx_word' id='word_1_348' title='bbox 723 1578 777 1612; x_wconf 92' lang='lat' dir='ltr'><strong>non</strong></span> <span class='ocrx_word' id='word_1_349' title='bbox 807 1563 915 1624; x_wconf 91' lang='lat' dir='ltr'><strong>sufficit,</strong></span> <span class='ocrx_word' id='word_1_350' title='bbox 945 1564 997 1615; x_wconf 91' lang='lat' dir='ltr'><strong>nisi</strong></span> <span class='ocrx_word' id='word_1_351' title='bbox 1022 1563 1156 1614; x_wconf 90' lang='lat' dir='ltr'><strong>Dominus</strong></span> <span class='ocrx_word' id='word_1_352' title='bbox 1181 1563 1261 1614; x_wconf 89' lang='lat' dir='ltr'><strong>oculo</strong></span> 
     </span>
     <span class='ocr_line' id='line_1_69' title="bbox 723 1632 1262 1700; baseline 0.002 -17"><span class='ocrx_word' id='word_1_353' title='bbox 723 1632 829 1698; x_wconf 91' lang='lat' dir='ltr'><strong>pietatis</strong></span> <span class='ocrx_word' id='word_1_354' title='bbox 850 1645 1014 1700; x_wconf 89' lang='lat' dir='ltr'><strong>peccatorem</strong></span> <span class='ocrx_word' id='word_1_355' title='bbox 1039 1634 1172 1699; x_wconf 88' lang='lat' dir='ltr'><strong>respiciat,</strong></span> <span class='ocrx_word' id='word_1_356' title='bbox 1196 1633 1262 1700; x_wconf 88' lang='lat' dir='ltr'><strong>quia</strong></span> 
     </span>
     <span class='ocr_line' id='line_1_70' title="bbox 723 1704 1262 1769; baseline 0.002 -16"><span class='ocrx_word' id='word_1_357' title='bbox 723 1714 828 1769; x_wconf 88' lang='lat' dir='ltr'><strong>oportet</strong></span> <span class='ocrx_word' id='word_1_358' title='bbox 851 1715 880 1755; x_wconf 93' lang='lat' dir='ltr'><strong>ut</strong></span> <span class='ocrx_word' id='word_1_359' title='bbox 902 1706 984 1755; x_wconf 89' lang='lat' dir='ltr'><strong>miser</strong></span> <span class='ocrx_word' id='word_1_360' title='bbox 1005 1705 1033 1754; x_wconf 92' lang='lat' dir='ltr'><strong>in</strong></span> <span class='ocrx_word' id='word_1_361' title='bbox 1054 1704 1172 1754; x_wconf 86' lang='lat' dir='ltr'><strong>tenebris</strong></span> <span class='ocrx_word' id='word_1_362' title='bbox 1198 1719 1262 1769; x_wconf 91' lang='lat' dir='ltr'><strong>per·</strong></span> 
     </span>
     <span class='ocr_line' id='line_1_71' title="bbox 724 1774 1262 1843; baseline 0 -18"><span class='ocrx_word' id='word_1_363' title='bbox 724 1785 839 1836; x_wconf 88' lang='lat' dir='ltr'><strong>maneat,</strong></span> <span class='ocrx_word' id='word_1_364' title='bbox 862 1774 983 1843; x_wconf 88' lang='lat' dir='ltr'><strong>quandiu</strong></span> <span class='ocrx_word' id='word_1_365' title='bbox 1005 1791 1067 1825; x_wconf 90' lang='lat' dir='ltr'><strong>eum</strong></span> <span class='ocrx_word' id='word_1_366' title='bbox 1094 1776 1141 1825; x_wconf 86' lang='lat' dir='ltr'><strong>lux</strong></span> <span class='ocrx_word' id='word_1_367' title='bbox 1165 1774 1262 1825; x_wconf 90' lang='lat' dir='ltr'><strong>mundi</strong></span> 
     </span>
     <span class='ocr_line' id='line_1_72' title="bbox 724 1843 1261 1909; baseline 0 -15"><span class='ocrx_word' id='word_1_368' title='bbox 724 1861 779 1894; x_wconf 93' lang='lat' dir='ltr'><strong>non</strong></span> <span class='ocrx_word' id='word_1_369' title='bbox 801 1845 952 1909; x_wconf 85' lang='lat' dir='ltr'><strong>illuminat;</strong></span> <span class='ocrx_word' id='word_1_370' title='bbox 978 1855 1041 1896; x_wconf 92' lang='lat' dir='ltr'><strong>tunc</strong></span> <span class='ocrx_word' id='word_1_371' title='bbox 1064 1855 1155 1895; x_wconf 87' lang='lat' dir='ltr'><strong>autem</strong></span> <span class='ocrx_word' id='word_1_372' title='bbox 1170 1843 1261 1904; x_wconf 88' lang='lat' dir='ltr'><strong>tertio,</strong></span> 
     </span>
     <span class='ocr_line' id='line_1_73' title="bbox 723 1913 1261 1982; baseline 0.002 -17"><span class='ocrx_word' id='word_1_373' title='bbox 723 1916 872 1965; x_wconf 90' lang='lat' dir='ltr'><strong>secundum</strong></span> <span class='ocrx_word' id='word_1_374' title='bbox 902 1916 1080 1982; x_wconf 86' lang='lat' dir='ltr'><strong>Gregorium,</strong></span> <span class='ocrx_word' id='word_1_375' title='bbox 1111 1913 1261 1981; x_wconf 84' lang='lat' dir='ltr'><strong>incipimus</strong></span> 
     </span>
     <span class='ocr_line' id='line_1_74' title="bbox 722 1988 1260 2056; baseline 0 -17"><span class='ocrx_word' id='word_1_376' title='bbox 722 1989 800 2050; x_wconf 91' lang='lat' dir='ltr'><strong>flere,</strong></span> <span class='ocrx_word' id='word_1_377' title='bbox 828 1990 935 2056; x_wconf 90' lang='lat' dir='ltr'><strong>quando</strong></span> <span class='ocrx_word' id='word_1_378' title='bbox 967 1989 1086 2056; x_wconf 90' lang='lat' dir='ltr'><strong>ignimur</strong></span> <span class='ocrx_word' id='word_1_379' title='bbox 1112 1988 1186 2039; x_wconf 89' lang='lat' dir='ltr'><strong>intus</strong></span> <span class='ocrx_word' id='word_1_380' title='bbox 1211 2003 1260 2054; x_wconf 85' lang='lat' dir='ltr'><strong>per</strong></span> 
     </span>
     <span class='ocr_line' id='line_1_75' title="bbox 723 2061 1257 2121; baseline 0 -9"><span class='ocrx_word' id='word_1_381' title='bbox 723 2062 866 2113; x_wconf 90' lang='lat' dir='ltr'><strong>scintillam</strong></span> <span class='ocrx_word' id='word_1_382' title='bbox 890 2062 1070 2121; x_wconf 77' lang='lat' dir='ltr'><strong>conscientiae,</strong></span> <span class='ocrx_word' id='word_1_383' title='bbox 1085 2072 1111 2111; x_wconf 89' lang='lat' dir='ltr'><strong>et</strong></span> <span class='ocrx_word' id='word_1_384' title='bbox 1128 2072 1194 2111; x_wconf 91' lang='lat' dir='ltr'><strong>tunc</strong></span> <span class='ocrx_word' id='word_1_385' title='bbox 1211 2061 1257 2112; x_wconf 88' lang='lat' dir='ltr'><strong>fo-</strong></span> 
     </span>
     <span class='ocr_line' id='line_1_76' title="bbox 722 2132 1260 2199; baseline -0.002 -16"><span class='ocrx_word' id='word_1_386' title='bbox 722 2134 760 2184; x_wconf 89' lang='lat' dir='ltr'><strong>ris</strong></span> <span class='ocrx_word' id='word_1_387' title='bbox 774 2133 887 2193; x_wconf 86' lang='lat' dir='ltr'><strong>eximus,</strong></span> <span class='ocrx_word' id='word_1_388' title='bbox 903 2151 964 2185; x_wconf 91' lang='lat' dir='ltr'><strong>curn</strong></span> <span class='ocrx_word' id='word_1_389' title='bbox 979 2145 1053 2184; x_wconf 83' lang='lat' dir='ltr'><strong>extra</strong></span> <span class='ocrx_word' id='word_1_390' title='bbox 1067 2133 1139 2199; x_wconf 90' lang='lat' dir='ltr'><strong>quod</strong></span> <span class='ocrx_word' id='word_1_391' title='bbox 1154 2132 1260 2196; x_wconf 85' lang='lat' dir='ltr'><strong>fuimus</strong></span> 
     </span>
     <span class='ocr_line' id='line_1_77' title="bbox 723 2204 1294 2270; baseline 0.002 -17"><span class='ocrx_word' id='word_1_392' title='bbox 723 2204 884 2270; x_wconf 90' lang='lat' dir='ltr'><strong>egredimur.</strong></span> <span class='ocrx_word' id='word_1_393' title='bbox 909 2205 986 2256; x_wconf 90' lang='lat' dir='ltr'><strong>Unde</strong></span> <span class='ocrx_word' id='word_1_394' title='bbox 1009 2215 1034 2254; x_wconf 94' lang='lat' dir='ltr'><strong>et</strong></span> <span class='ocrx_word' id='word_1_395' title='bbox 1054 2204 1258 2254; x_wconf 79' lang='lat' dir='ltr'><strong>Beda:«1&gt;e-</strong></span> <span class='ocrx_word' id='word_1_396' title='bbox 1291 2210 1294 2215; x_wconf 83' lang='lat'>&#39;</span> 
     </span>
     <span class='ocr_line' id='line_1_78' title="bbox 722 2275 1257 2343; baseline 0 -18"><span class='ocrx_word' id='word_1_397' title='bbox 722 2285 780 2325; x_wconf 91' lang='lat' dir='ltr'><strong>trus</strong></span> <span class='ocrx_word' id='word_1_398' title='bbox 798 2277 845 2343; x_wconf 91' lang='lat' dir='ltr'><strong>qui</strong></span> <span class='ocrx_word' id='word_1_399' title='bbox 865 2276 953 2326; x_wconf 91' lang='lat' dir='ltr'><strong>media</strong></span> <span class='ocrx_word' id='word_1_400' title='bbox 978 2284 1054 2326; x_wconf 90' lang='lat' dir='ltr'><strong>nocte</strong></span> <span class='ocrx_word' id='word_1_401' title='bbox 1079 2275 1199 2341; x_wconf 87' lang='lat' dir='ltr'><strong>negavit,</strong></span> <span class='ocrx_word' id='word_1_402' title='bbox 1225 2275 1257 2327; x_wconf 91' lang='lat' dir='ltr'><strong>ad</strong></span> 
     </span>
     <span class='ocr_line' id='line_1_79' title="bbox 723 2348 1259 2414; baseline -0.002 -15"><span class='ocrx_word' id='word_1_403' title='bbox 723 2349 785 2414; x_wconf 87' lang='lat' dir='ltr'><strong>galli</strong></span> <span class='ocrx_word' id='word_1_404' title='bbox 808 2359 917 2399; x_wconf 89' lang='lat' dir='ltr'><strong>cantum</strong></span> <span class='ocrx_word' id='word_1_405' title='bbox 935 2348 1075 2414; x_wconf 88' lang='lat' dir='ltr'><strong>poenituit;</strong></span> <span class='ocrx_word' id='word_1_406' title='bbox 1092 2357 1117 2398; x_wconf 92' lang='lat' dir='ltr'><strong>et</strong></span> <span class='ocrx_word' id='word_1_407' title='bbox 1132 2348 1206 2414; x_wconf 90' lang='lat' dir='ltr'><strong>quod</strong></span> <span class='ocrx_word' id='word_1_408' title='bbox 1231 2349 1259 2398; x_wconf 91' lang='lat' dir='ltr'><strong>in</strong></span> 
     </span>
     <span class='ocr_line' id='line_1_80' title="bbox 722 2417 1260 2483; baseline 0.002 -15"><span class='ocrx_word' id='word_1_409' title='bbox 722 2419 841 2469; x_wconf 90' lang='lat' dir='ltr'><strong>tenebris</strong></span> <span class='ocrx_word' id='word_1_410' title='bbox 862 2417 1006 2469; x_wconf 82' lang='lat' dir='ltr'><strong>oblivionis</strong></span> <span class='ocrx_word' id='word_1_411' title='bbox 1025 2417 1130 2481; x_wconf 83' lang='lat' dir='ltr'><strong>erravit,</strong></span> <span class='ocrx_word' id='word_1_412' title='bbox 1146 2427 1260 2483; x_wconf 77' lang='lat' dir='ltr'><strong>speratae</strong></span> 
     </span>
     <span class='ocr_line' id='line_1_81' title="bbox 722 2490 1258 2556; baseline 0 -14"><span class='ocrx_word' id='word_1_413' title='bbox 722 2492 775 2556; x_wconf 83' lang='lat' dir='ltr'><strong>jam</strong></span> <span class='ocrx_word' id='word_1_414' title='bbox 794 2491 863 2542; x_wconf 91' lang='lat' dir='ltr'><strong>lucis</strong></span> <span class='ocrx_word' id='word_1_415' title='bbox 884 2490 1107 2542; x_wconf 83' lang='lat' dir='ltr'><strong>rememoratione</strong></span> <span class='ocrx_word' id='word_1_416' title='bbox 1131 2490 1258 2542; x_wconf 87' lang='lat' dir='ltr'><strong>correxit.</strong></span> 
     </span>
     <span class='ocr_line' id='line_1_82' title="bbox 723 2562 1261 2630; baseline 0.004 -18"><span class='ocrx_word' id='word_1_417' title='bbox 723 2564 802 2615; x_wconf 90' lang='lat' dir='ltr'><strong>Hunc</strong></span> <span class='ocrx_word' id='word_1_418' title='bbox 815 2565 910 2630; x_wconf 90' lang='lat' dir='ltr'><strong>opinor</strong></span> <span class='ocrx_word' id='word_1_419' title='bbox 922 2565 1023 2630; x_wconf 88' lang='lat' dir='ltr'><strong>gallum</strong></span> <span class='ocrx_word' id='word_1_420' title='bbox 1037 2562 1155 2628; x_wconf 88' lang='lat' dir='ltr'><strong>aliquem</strong></span> <span class='ocrx_word' id='word_1_421' title='bbox 1170 2563 1261 2614; x_wconf 90' lang='lat' dir='ltr'><strong>docto·</strong></span> 
     </span>
     <span class='ocr_line' id='line_1_83' title="bbox 723 2633 1260 2699; baseline 0.004 -17"><span class='ocrx_word' id='word_1_422' title='bbox 723 2649 779 2683; x_wconf 90' lang='lat' dir='ltr'><strong>rem</strong></span> <span class='ocrx_word' id='word_1_423' title='bbox 802 2634 1019 2699; x_wconf 90' lang='lat' dir='ltr'><strong>intelligendum,</strong></span> <span class='ocrx_word' id='word_1_424' title='bbox 1035 2633 1082 2699; x_wconf 90' lang='lat' dir='ltr'><strong>qui</strong></span> <span class='ocrx_word' id='word_1_425' title='bbox 1099 2648 1149 2682; x_wconf 88' lang='lat' dir='ltr'><strong>nos</strong></span> <span class='ocrx_word' id='word_1_426' title='bbox 1166 2634 1260 2698; x_wconf 89' lang='lat' dir='ltr'><strong>jacen·</strong></span> 
     </span>
     <span class='ocr_line' id='line_1_84' title="bbox 722 2703 1258 2770; baseline 0.006 -17"><span class='ocrx_word' id='word_1_427' title='bbox 722 2714 761 2754; x_wconf 91' lang='lat' dir='ltr'><strong>tes</strong></span> <span class='ocrx_word' id='word_1_428' title='bbox 773 2705 878 2763; x_wconf 87' lang='lat' dir='ltr'><strong>excitat,</strong></span> <span class='ocrx_word' id='word_1_429' title='bbox 892 2715 918 2754; x_wconf 96' lang='lat' dir='ltr'><strong>et</strong></span> <span class='ocrx_word' id='word_1_430' title='bbox 931 2704 1115 2754; x_wconf 88' lang='lat' dir='ltr'><strong>somnolentos</strong></span> <span class='ocrx_word' id='word_1_431' title='bbox 1128 2703 1258 2770; x_wconf 86' lang='lat' dir='ltr'><strong>increpat,</strong></span> 
     </span>
     <span class='ocr_line' id='line_1_85' title="bbox 721 2776 1258 2843; baseline 0.006 -18"><span class='ocrx_word' id='word_1_432' title='bbox 721 2777 813 2827; x_wconf 89' lang='lat' dir='ltr'><strong>dicens</strong></span> <span class='ocrx_word' id='word_1_433' title='bbox 836 2794 843 2826; x_wconf 93' lang='lat'>:</span> <span class='ocrx_word' id='word_1_434' title='bbox 869 2776 1001 2843; x_wconf 88' lang='lat' dir='ltr'><strong>Evigilate</strong></span> <span class='ocrx_word' id='word_1_435' title='bbox 1025 2777 1102 2841; x_wconf 75' lang='lat' dir='ltr'><strong>iusti,</strong></span> <span class='ocrx_word' id='word_1_436' title='bbox 1128 2787 1153 2827; x_wconf 92' lang='lat' dir='ltr'><strong>et</strong></span> <span class='ocrx_word' id='word_1_437' title='bbox 1174 2778 1258 2829; x_wconf 90' lang='lat' dir='ltr'><strong>nolite</strong></span> 
     </span>
     <span class='ocr_line' id='line_1_86' title="bbox 722 2848 1256 2914; baseline 0.004 -16"><span class='ocrx_word' id='word_1_438' title='bbox 722 2863 829 2913; x_wconf 86' lang='lat' dir='ltr'><strong>peccare</strong></span> <span class='ocrx_word' id='word_1_439' title='bbox 844 2864 850 2897; x_wconf 75' lang='grc' dir='ltr'>ι</span> <span class='ocrx_word' id='word_1_440' title='bbox 867 2867 880 2893; x_wconf 77' lang='lat' dir='ltr'><strong>n</strong></span> <span class='ocrx_word' id='word_1_441' title='bbox 896 2848 953 2898; x_wconf 92' lang='lat' dir='ltr'><strong>haec</strong></span> <span class='ocrx_word' id='word_1_442' title='bbox 970 2848 1055 2898; x_wconf 76' lang='lat' dir='ltr'><strong>Beda.</strong></span> <span class='ocrx_word' id='word_1_443' title='bbox 1073 2848 1171 2914; x_wconf 91' lang='lat' dir='ltr'><strong>Cogita</strong></span> <span class='ocrx_word' id='word_1_444' title='bbox 1184 2865 1256 2900; x_wconf 89' lang='lat' dir='ltr'><strong>nunc</strong></span> 
     </span>
     <span class='ocr_line' id='line_1_87' title="bbox 720 2919 1256 2986; baseline 0.002 -17"><span class='ocrx_word' id='word_1_445' title='bbox 720 2919 835 2986; x_wconf 89' lang='lat' dir='ltr'><strong>qualiter</strong></span> <span class='ocrx_word' id='word_1_446' title='bbox 849 2921 943 2970; x_wconf 88' lang='lat' dir='ltr'><strong>Petrus</strong></span> <span class='ocrx_word' id='word_1_447' title='bbox 958 2936 1006 2986; x_wconf 91' lang='lat' dir='ltr'><strong>pro</strong></span> <span class='ocrx_word' id='word_1_448' title='bbox 1020 2920 1137 2969; x_wconf 90' lang='lat' dir='ltr'><strong>Domino</strong></span> <span class='ocrx_word' id='word_1_449' title='bbox 1154 2935 1214 2982; x_wconf 93' lang='lat' dir='ltr'><strong>suo,</strong></span> <span class='ocrx_word' id='word_1_450' title='bbox 1230 2930 1256 2971; x_wconf 87' lang='lat' dir='ltr'><strong>et</strong></span> 
     </span>
     <span class='ocr_line' id='line_1_88' title="bbox 721 2991 1257 3058; baseline 0.006 -19"><span class='ocrx_word' id='word_1_451' title='bbox 721 3005 769 3055; x_wconf 91' lang='lat' dir='ltr'><strong>pro</strong></span> <span class='ocrx_word' id='word_1_452' title='bbox 788 3000 895 3055; x_wconf 91' lang='lat' dir='ltr'><strong>peccato</strong></span> <span class='ocrx_word' id='word_1_453' title='bbox 910 3006 959 3041; x_wconf 85' lang='lat' dir='ltr'><strong>sun</strong></span> <span class='ocrx_word' id='word_1_454' title='bbox 975 2991 1130 3056; x_wconf 87' lang='lat' dir='ltr'><strong>plangebat;</strong></span> <span class='ocrx_word' id='word_1_455' title='bbox 1146 3002 1173 3041; x_wconf 90' lang='lat' dir='ltr'><strong>et</strong></span> <span class='ocrx_word' id='word_1_456' title='bbox 1190 3007 1257 3058; x_wconf 90' lang='lat' dir='ltr'><strong>quo·</strong></span> 
     </span>
     <span class='ocr_line' id='line_1_89' title="bbox 721 3061 1302 3126; baseline 0.007 -17"><span class='ocrx_word' id='word_1_457' title='bbox 721 3061 801 3110; x_wconf 92' lang='lat' dir='ltr'><strong>modo</strong></span> <span class='ocrx_word' id='word_1_458' title='bbox 824 3061 986 3126; x_wconf 89' lang='lat' dir='ltr'><strong>recogitabat</strong></span> <span class='ocrx_word' id='word_1_459' title='bbox 1009 3061 1079 3110; x_wconf 90' lang='lat' dir='ltr'><strong>bona</strong></span> <span class='ocrx_word' id='word_1_460' title='bbox 1110 3076 1172 3126; x_wconf 84' lang='lat' dir='ltr'><strong>quae</strong></span> <span class='ocrx_word' id='word_1_461' title='bbox 1202 3061 1256 3113; x_wconf 90' lang='lat' dir='ltr'><strong>sibi</strong></span> <span class='ocrx_word' id='word_1_462' title='bbox 1299 3108 1302 3113; x_wconf 76' lang='lat'><strong>.</strong></span> 
     </span>
     <span class='ocr_line' id='line_1_90' title="bbox 720 3130 1257 3197; baseline 0.004 -17"><span class='ocrx_word' id='word_1_463' title='bbox 720 3130 853 3181; x_wconf 88' lang='lat' dir='ltr'><strong>Dominus</strong></span> <span class='ocrx_word' id='word_1_464' title='bbox 879 3131 983 3191; x_wconf 85' lang='lat' dir='ltr'><strong>fecerat,</strong></span> <span class='ocrx_word' id='word_1_465' title='bbox 1006 3142 1031 3181; x_wconf 91' lang='lat' dir='ltr'><strong>et</strong></span> <span class='ocrx_word' id='word_1_466' title='bbox 1055 3132 1172 3197; x_wconf 88' lang='lat' dir='ltr'><strong>qualiter</strong></span> <span class='ocrx_word' id='word_1_467' title='bbox 1197 3131 1257 3197; x_wconf 90' lang='lat' dir='ltr'><strong>ipse</strong></span> 
     </span>
     <span class='ocr_line' id='line_1_91' title="bbox 719 3203 1256 3268; baseline 0.006 -17"><span class='ocrx_word' id='word_1_468' title='bbox 719 3217 782 3252; x_wconf 90' lang='lat' dir='ltr'><strong>eum</strong></span> <span class='ocrx_word' id='word_1_469' title='bbox 805 3212 953 3268; x_wconf 89' lang='lat' dir='ltr'><strong>negaverat.</strong></span> <span class='ocrx_word' id='word_1_470' title='bbox 983 3203 1118 3252; x_wconf 90' lang='lat' dir='ltr'><strong>Dominus</strong></span> <span class='ocrx_word' id='word_1_471' title='bbox 1143 3203 1256 3268; x_wconf 89' lang='lat' dir='ltr'><strong>quidem</strong></span> 
     </span>
     <span class='ocr_line' id='line_1_92' title="bbox 719 3271 1257 3338; baseline 0.006 -18"><span class='ocrx_word' id='word_1_472' title='bbox 719 3271 820 3321; x_wconf 89' lang='lat' dir='ltr'><strong>intuitu</strong></span> <span class='ocrx_word' id='word_1_473' title='bbox 857 3287 906 3322; x_wconf 90' lang='lat' dir='ltr'><strong>suo</strong></span> <span class='ocrx_word' id='word_1_474' title='bbox 938 3271 1071 3338; x_wconf 89' lang='lat' dir='ltr'><strong>spirituali</strong></span> <span class='ocrx_word' id='word_1_475' title='bbox 1103 3273 1257 3338; x_wconf 88' lang='lat' dir='ltr'><strong>provocavit</strong></span> 
     </span>
     <span class='ocr_line' id='line_1_93' title="bbox 720 3345 1255 3410; baseline 0.004 -16"><span class='ocrx_word' id='word_1_476' title='bbox 720 3345 828 3394; x_wconf 89' lang='lat' dir='ltr'><strong>Petrum</strong></span> <span class='ocrx_word' id='word_1_477' title='bbox 851 3345 884 3394; x_wconf 92' lang='lat' dir='ltr'><strong>ad</strong></span> <span class='ocrx_word' id='word_1_478' title='bbox 908 3345 1046 3410; x_wconf 89' lang='lat' dir='ltr'><strong>lacrymas.</strong></span> <span class='ocrx_word' id='word_1_479' title='bbox 1069 3345 1122 3395; x_wconf 96' lang='lat' dir='ltr'><strong>Nec</strong></span> <span class='ocrx_word' id='word_1_480' title='bbox 1143 3345 1255 3408; x_wconf 86' lang='lat' dir='ltr'><strong>mirum,</strong></span> 
     </span>
     <span class='ocr_line' id='line_1_94' title="bbox 719 3414 1257 3467; baseline 0.004 -2"><span class='ocrx_word' id='word_1_481' title='bbox 719 3415 789 3465; x_wconf 89' lang='lat' dir='ltr'><strong>oculi</strong></span> <span class='ocrx_word' id='word_1_482' title='bbox 814 3414 888 3465; x_wconf 88' lang='lat' dir='ltr'><strong>enim</strong></span> <span class='ocrx_word' id='word_1_483' title='bbox 914 3416 1023 3466; x_wconf 90' lang='lat' dir='ltr'><strong>Domini</strong></span> <span class='ocrx_word' id='word_1_484' title='bbox 1047 3418 1120 3467; x_wconf 90' lang='lat' dir='ltr'><strong>velut</strong></span> <span class='ocrx_word' id='word_1_485' title='bbox 1145 3415 1257 3467; x_wconf 88' lang='lat' dir='ltr'><strong>flamma</strong></span> 
     </span>
     <span class='ocr_line' id='line_1_95' title="bbox 719 3485 1256 3554; baseline 0.007 -19"><span class='ocrx_word' id='word_1_486' title='bbox 719 3485 806 3552; x_wconf 88' lang='lat' dir='ltr'><strong>ignis;</strong></span> <span class='ocrx_word' id='word_1_487' title='bbox 828 3487 900 3538; x_wconf 88' lang='lat' dir='ltr'><strong>Petri</strong></span> <span class='ocrx_word' id='word_1_488' title='bbox 923 3504 986 3538; x_wconf 90' lang='lat' dir='ltr'><strong>vero</strong></span> <span class='ocrx_word' id='word_1_489' title='bbox 1010 3488 1080 3538; x_wconf 91' lang='lat' dir='ltr'><strong>oculi</strong></span> <span class='ocrx_word' id='word_1_490' title='bbox 1102 3498 1133 3538; x_wconf 92' lang='lat' dir='ltr'><strong>ut</strong></span> <span class='ocrx_word' id='word_1_491' title='bbox 1156 3489 1256 3554; x_wconf 87' lang='lat' dir='ltr'><strong>glacies</strong></span> 
     </span>
     <span class='ocr_line' id='line_1_96' title="bbox 719 3557 1254 3611; baseline 0.007 -4"><span class='ocrx_word' id='word_1_492' title='bbox 719 3566 815 3608; x_wconf 88' lang='lat' dir='ltr'><strong>erant:</strong></span> <span class='ocrx_word' id='word_1_493' title='bbox 832 3567 859 3608; x_wconf 93' lang='lat' dir='ltr'><strong>et</strong></span> <span class='ocrx_word' id='word_1_494' title='bbox 873 3557 933 3609; x_wconf 92' lang='lat' dir='ltr'><strong>ideo</strong></span> <span class='ocrx_word' id='word_1_495' title='bbox 948 3558 1049 3609; x_wconf 91' lang='lat' dir='ltr'><strong>intuitu</strong></span> <span class='ocrx_word' id='word_1_496' title='bbox 1065 3575 1114 3608; x_wconf 89' lang='lat' dir='ltr'><strong>suo</strong></span> <span class='ocrx_word' id='word_1_497' title='bbox 1131 3560 1254 3611; x_wconf 88' lang='lat' dir='ltr'><strong>resolve·</strong></span> 
     </span>
     <span class='ocr_line' id='line_1_97' title="bbox 719 3628 1258 3696; baseline 0.009 -20"><span class='ocrx_word' id='word_1_498' title='bbox 719 3637 784 3678; x_wconf 91' lang='lat' dir='ltr'><strong>runt</strong></span> <span class='ocrx_word' id='word_1_499' title='bbox 798 3628 860 3679; x_wconf 90' lang='lat' dir='ltr'><strong>illos</strong></span> <span class='ocrx_word' id='word_1_500' title='bbox 877 3630 946 3680; x_wconf 91' lang='lat' dir='ltr'><strong>sicut</strong></span> <span class='ocrx_word' id='word_1_501' title='bbox 962 3629 1034 3696; x_wconf 90' lang='lat' dir='ltr'><strong>ignis</strong></span> <span class='ocrx_word' id='word_1_502' title='bbox 1049 3629 1161 3695; x_wconf 90' lang='lat' dir='ltr'><strong>glaciem</strong></span> <span class='ocrx_word' id='word_1_503' title='bbox 1175 3630 1258 3681; x_wconf 88' lang='lat' dir='ltr'><strong>resol-</strong></span> 
     </span>
     <span class='ocr_line' id='line_1_98' title="bbox 720 3702 1257 3768; baseline 0.007 -19"><span class='ocrx_word' id='word_1_504' title='bbox 720 3715 781 3750; x_wconf 90' lang='lat' dir='ltr'><strong>vere</strong></span> <span class='ocrx_word' id='word_1_505' title='bbox 796 3703 875 3762; x_wconf 91' lang='lat' dir='ltr'><strong>solet,</strong></span> <span class='ocrx_word' id='word_1_506' title='bbox 896 3718 944 3753; x_wconf 91' lang='lat' dir='ltr'><strong>nec</strong></span> <span class='ocrx_word' id='word_1_507' title='bbox 964 3712 1067 3767; x_wconf 86' lang='lat' dir='ltr'><strong>poterat</strong></span> <span class='ocrx_word' id='word_1_508' title='bbox 1083 3702 1112 3752; x_wconf 91' lang='lat' dir='ltr'><strong>in</strong></span> <span class='ocrx_word' id='word_1_509' title='bbox 1130 3703 1257 3768; x_wconf 90' lang='lat' dir='ltr'><strong>negatio-</strong></span> 
     </span>
     <span class='ocr_line' id='line_1_99' title="bbox 720 3772 1256 3841; baseline 0.004 -18"><span class='ocrx_word' id='word_1_510' title='bbox 720 3772 763 3824; x_wconf 92' lang='lat' dir='ltr'><strong>nis</strong></span> <span class='ocrx_word' id='word_1_511' title='bbox 785 3775 909 3835; x_wconf 63' lang='lat' dir='ltr'><strong>tenebris,</strong></span> <span class='ocrx_word' id='word_1_512' title='bbox 926 3789 1093 3840; x_wconf 89' lang='lat' dir='ltr'><strong>permanere,</strong></span> <span class='ocrx_word' id='word_1_513' title='bbox 1109 3790 1193 3841; x_wconf 90' lang='lat' dir='ltr'><strong>quem</strong></span> <span class='ocrx_word' id='word_1_514' title='bbox 1208 3775 1256 3826; x_wconf 85' lang='lat' dir='ltr'><strong>lux</strong></span> 
     </span>
     <span class='ocr_line' id='line_1_100' title="bbox 719 3847 1254 3914; baseline 0.004 -18"><span class='ocrx_word' id='word_1_515' title='bbox 719 3847 814 3898; x_wconf 89' lang='lat' dir='ltr'><strong>mundi</strong></span> <span class='ocrx_word' id='word_1_516' title='bbox 839 3848 964 3914; x_wconf 82' lang='lat' dir='ltr'><strong>respexit.</strong></span> <span class='ocrx_word' id='word_1_517' title='bbox 981 3848 1004 3898; x_wconf 95' lang='grc' dir='ltr'>Ο</span> <span class='ocrx_word' id='word_1_518' title='bbox 1024 3848 1093 3898; x_wconf 88' lang='lat' dir='ltr'><strong>beati</strong></span> <span class='ocrx_word' id='word_1_519' title='bbox 1116 3847 1187 3898; x_wconf 91' lang='lat' dir='ltr'><strong>oculi</strong></span> <span class='ocrx_word' id='word_1_520' title='bbox 1203 3847 1254 3909; x_wconf 87' lang='lat' dir='ltr'><strong>tui,</strong></span> 
     </span>
     <span class='ocr_line' id='line_1_101' title="bbox 719 3916 1256 3984; baseline -0.002 -16"><span class='ocrx_word' id='word_1_521' title='bbox 719 3916 835 3969; x_wconf 88' lang='lat' dir='ltr'><strong>Domine</strong></span> <span class='ocrx_word' id='word_1_522' title='bbox 857 3919 933 3980; x_wconf 88' lang='lat' dir='ltr'><strong>Jesu,</strong></span> <span class='ocrx_word' id='word_1_523' title='bbox 958 3917 1006 3984; x_wconf 92' lang='lat' dir='ltr'><strong>qui</strong></span> <span class='ocrx_word' id='word_1_524' title='bbox 1031 3917 1069 3968; x_wconf 92' lang='lat' dir='ltr'><strong>ita</strong></span> <span class='ocrx_word' id='word_1_525' title='bbox 1092 3916 1256 3968; x_wconf 84' lang='lat' dir='ltr'><strong>calefaciunt</strong></span> 
     </span>
    </p>
   </div>
   <div class='ocr_carea' id='block_1_10' title="bbox 0 0 1319 4328">
    <p class='ocr_par' dir='ltr' id='par_1_11' title="bbox 0 0 1319 4328">
     <span class='ocr_line' id='line_1_102' title="bbox 0 0 1319 4328; baseline 0 0"><span class='ocrx_word' id='word_1_526' title='bbox 0 0 1319 4328; x_wconf 95' lang='lat' dir='ltr'><strong> </strong></span> 
     </span>
    </p>
   </div>
  </div>
 </body>
</html>
