2626 4328
316 125 364 177 DE
377 121 520 183 TERTIA,
535 120 568 172 IN
587 121 757 174 PASSIONE
773 122 910 176 DOMINI.

55 249 164 307 paratus
179 239 234 291 fuit
255 239 392 306 suscipere
412 238 441 289 in
461 253 491 288 se
504 247 594 288 nostra

55 310 159 377 flagella
173 327 207 361 ex
221 310 374 360 obedientia
392 309 489 367 Patris,
506 324 554 358 cur
568 319 594 359 et

55 396 104 432 uos
127 379 261 447 adoptivi,
287 395 343 430 non
367 394 488 429 essemus
510 378 593 444 parati

55 450 167 505 sufferre
195 451 301 516 flagella
334 451 454 516 eiusdem
487 449 593 510 Patris,

55 539 116 591 quae
129 523 191 590 ipse
216 538 305 588 perse
324 523 367 574 vel
382 539 429 588 per
443 522 594 582 ministros,

55 613 101 650 seu
119 599 304 650 instrumenta
329 612 377 647 sua
399 597 488 646 media
513 596 594 647 nobis

56 669 272 722 misericorditer
300 669 422 734 infligere
445 669 592 734 dignatur,

57 743 87 794 ad
112 742 337 794 emendationem
359 742 498 791 nostram?
515 742 595 805 Nam,

57 815 206 865 secundum
216 813 370 879 Sapientem
380 823 406 862 et
415 813 592 877 Apostolum:

58 884 137 944 Quem
162 883 261 948 diligit
279 883 361 945 Deus,
381 883 519 948 castigat,-
533 883 594 951 fla-

58 956 143 1022 gellat
166 961 259 1006 autem
284 969 385 1006 omnem
407 955 498 1021 filium
518 969 595 1021 quem

58 1029 161 1095 recipit.
176 1056 209 1066 -·
226 1026 379 1077 Secundum
397 1037 445 1090 est,
462 1029 535 1093 quod
552 1027 595 1076 di-

58 1098 172 1164 ligenter
197 1113 348 1158 caveamus,
368 1113 401 1148 ne
421 1108 447 1148 et
469 1114 519 1148 nos
543 1098 596 1148 ite-

58 1177 110 1219 rato
125 1168 273 1218 Christum
288 1167 464 1234 flagellemus,
479 1169 553 1234 quod
566 1167 596 1218 fit

59 1237 276 1304 quotiescunque
286 1238 433 1288 mortaliter
443 1254 594 1304 peccamus.

60 1307 125 1360 Cum
146 1309 226 1359 enim
246 1308 372 1358 Christus
391 1309 539 1374 ssagellatus
563 1309 597 1359 sit

61 1390 103 1440 pro
117 1377 237 1444 peccatis
251 1377 360 1437 nostris,
380 1378 596 1445 quandocunque

60 1462 221 1511 peccamuS,
262 1458 326 1498 tunc
364 1449 473 1498 Christo
510 1465 596 1499 unum

61 1517 142 1568 ictum
169 1517 282 1583 flagelli,
307 1529 441 1585 quantum
463 1519 490 1568 in
516 1518 596 1569 nobis

61 1599 104 1649 est,
128 1588 300 1653 incutimus;
321 1589 390 1639 sicut
403 1590 550 1655 Apostolus
563 1589 597 1638 de

10 1662 14 1715 '.
61 1661 226 1726 quibusdam
242 1660 328 1710 dicit:
344 1662 463 1712 Rursum
487 1659 597 1726 crucifi·

62 1739 156 1797 gentes
182 1734 211 1784 in
236 1734 386 1800 semetipsis
409 1734 512 1784 Filium
534 1734 597 1784 Dei.

10 1830 15 1849 ·
61 1806 95 1855 Ad
111 1804 342 1857 conformandum
353 1819 381 1854 se
396 1804 460 1854 huic
473 1804 596 1863 articulo,

10 1888 18 1941 ¹,
62 1876 158 1940 poterit
197 1875 283 1925 homo
317 1874 420 1940 flagello
454 1875 496 1925 vel
522 1875 598 1940 virga

10 1954 12 1967 '
63 1947 184 2014 seipsum
205 1947 315 2006 caedere,
330 1947 353 1996 si
368 1947 479 2012 gratiam
500 1947 596 2009 habet;

10 2016 13 2077 ἔ
63 2018 98 2068 vel
120 2019 222 2068 saltem
249 2017 435 2082 compatiendo
464 2017 597 2082 flagellato

65 2087 180 2147 Christo,
203 2088 356 2139 mentaliter
373 2103 401 2138 se
426 2088 549 2154 flagellet,
573 2097 599 2138 et

65 2160 97 2213 sic
109 2172 170 2212 oret
186 2178 194 2211 z
209 2162 284 2223 Jesu,
310 2162 356 2226 qui
375 2176 428 2226 pro
448 2161 524 2211 nobis
540 2161 599 2226 yla-

65 2231 165 2295 gellari
185 2232 301 2297 undique
322 2232 440 2293 voluisti,
472 2231 508 2281 da
535 2231 600 2281 milti

61 2299 174 2368 flagella
199 2307 256 2352 tuae
276 2308 400 2366 paternae
423 2301 600 2368 correptionis

66 2370 173 2422 libenter
199 2372 345 2436 suscipere,
372 2378 398 2421 et
421 2372 454 2421 de
478 2371 600 2437 peccatis

67 2444 127 2494 meis
140 2457 278 2509 nunquam
292 2443 377 2493 denuo
384 2443 545 2509 flagellare.

94 2531 127 2569 ιι
157 2516 283 2566 Douruus
311 2530 449 2564 caesurus
474 2529 601 2564 coccrnrn

68 2602 203 2638 murrum
226 2586 341 2635 -Cum
365 2585 449 2650 igitur
467 2594 528 2651 post
550 2585 601 2635 fla-

68 2659 235 2722 gellationem
258 2658 335 2708 lesus
359 2657 487 2707 revestire
501 2671 530 2705 se
542 2654 601 2705 vel-

68 2727 105 2792 let,
125 2727 298 2780 contendunt
313 2726 470 2792 impiissimi
488 2725 601 2792 quidam

69 2798 161 2860 Pilato,
181 2799 304 2848 dicentes
323 2815 330 2848 ι
350 2797 475 2856 Domine,
504 2796 548 2851 hic
573 2811 602 2846 se

68 2883 152 2936 regem
173 2869 247 2929 fecit,
271 2868 417 2920 vestiamus
439 2878 465 2918 ct
487 2882 602 2917 corone-

69 2955 125 2992 mus
148 2957 213 2994 eum
239 2955 314 2991 more
336 2939 418 3006 regio.
446 2938 548 2997 Miseri,
569 2939 601 2987 ad

69 3013 176 3077 plenum
200 3013 254 3062 sibi
276 3012 388 3062 illudere
402 3010 537 3069 volebant,
552 3025 603 3059 an-

68 3093 174 3153 tequam
196 3102 261 3137 eum
284 3083 364 3135 morti
380 3083 523 3133 traderent.
544 3082 603 3132 Un-

69 3157 97 3211 de
118 3160 268 3212 Auselmus
283 3176 291 3210 :
307 3176 320 3204 u
335 3156 489 3208 Novissime
503 3165 602 3214 autem,

69 3231 182 3286 Domine
196 3233 272 3292 Iesu,
295 3232 322 3282 in
337 3246 435 3282 manus
454 3229 603 3280 incircum-

70 3303 186 3357 cisorum
224 3303 345 3353 militum
379 3300 521 3351 devolutus
555 3314 602 3359 es,

71 3385 154 3426 morte
177 3374 336 3440 turpIssima
356 3370 601 3432 consummandus,

71 3458 162 3509 parum
175 3455 233 3496 etat
252 3443 389 3509 sacrilegis
404 3441 532 3491 manibus
546 3440 604 3490 suis

72 3519 223 3586 crucifigere
244 3529 279 3581 te,
304 3518 357 3568 nisi
382 3515 457 3582 prius
475 3514 605 3579 replevis-

72 3603 126 3645 tent
147 3592 328 3644 illusionibus
346 3591 465 3640 animam
490 3597 604 3638 tuam.»

74 3663 114 3729 It’t,
133 3664 322 3717 consentiente
342 3663 435 3725 Pilato,
451 3674 606 3727 congrega-

75 3743 163 3819 verunt
176 3737 211 3788 ad
234 3736 286 3787 hoc
301 3734 452 3786 uniuersam
474 3731 606 3783 cohortem

1121 125 1175 195 539

649 238 677 289 in
693 242 863 306 praetorium,
878 240 935 306 ¹ubi
956 242 1064 293 sedebat
1084 244 1185 296 Praeses

648 318 673 360 et
696 322 821 372 senatus,
848 321 878 362 ut
901 328 995 362 omnes
1024 313 1184 366 interessent

647 380 693 429 tali
712 383 873 446 spectaculo,
893 392 918 432 ct
932 392 962 432 ut
976 384 1063 448 magis
1080 383 1183 434 illude-

646 461 706 501 rent
720 452 747 501 in
763 453 821 502 Ioco
836 454 934 518 patenti
952 466 978 503 ct
992 469 1082 504 coram
1106 457 1182 504 mul-

646 524 769 574 titudine.
795 527 828 575 Et
850 542 912 576 eum
938 528 982 577 vix
1008 528 1181 586 revestitum,

646 602 773 646 exuentes
782 598 950 648 vestimentis
962 598 1019 648 suis
1033 599 1179 649 induerunt

645 681 704 717 eum
719 678 802 728 veste,
821 685 868 720 seu
887 671 981 720 tunica
995 685 1142 736 purpurea,
1156 679 1182 720 et

645 736 875 790 circumdederunt
894 741 919 790 ei
934 741 1104 808 chlamydem
1120 755 1181 791 coc-

645 809 756 873 cineam,
781 811 807 860 id
832 822 871 861 est
893 813 1006 877 pallium
1030 813 1086 862 sive
1102 829 1182 862 man-

645 880 749 941 tellum,
774 898 828 932 non
853 895 1006 941 consutum,
1032 884 1078 933 sed
1100 883 1184 934 fibula

646 948 808 1027 infrenatum
825 953 940 1003 coccinei
955 953 1062 1013 coloris,
1080 953 1127 1019 qui
1143 963 1182 1003 est

647 1030 717 1070 inter
746 1023 860 1072 rubeum
885 1032 910 1072 et
942 1038 1125 1088 purpureum,
1155 1024 1182 1072 in

647 1095 825 1159 opprobrium
856 1096 922 1162 regii
948 1097 1084 1159 nominis,
1109 1097 1182 1163 quod

648 1163 713 1229 ipse,
729 1176 759 1214 ut
774 1166 859 1215 ludaei
875 1167 1037 1225 asserebant,
1064 1165 1183 1216 indebite

647 1237 812 1300 usurpabat3
827 1236 899 1285 etad
919 1236 1096 1286 deridendum
1110 1252 1182 1298 eum,
1221 1238 1223 1244 '
1266 1227 1269 1231 ⁸

649 1305 718 1356 sicut
748 1321 839 1370 regem
870 1305 984 1368 falsum,
1022 1318 1180 1372 acceperunt

649 1391 796 1447 purpuram
812 1387 838 1426 et
851 1377 1030 1443 chlamydem,
1054 1392 1110 1427 non
1130 1393 1183 1426 no-

648 1463 720 1512 vam,
744 1448 790 1497 sed
813 1459 939 1511 veterem,
963 1448 993 1497 in
1016 1447 1186 1498 confusionis

649 1531 824 1585 augmentum
838 1539 845 1570 :
859 1521 924 1587 quia
942 1521 1014 1571 enim
1040 1536 1086 1570 rex
1111 1521 1185 1571 dice-

650 1592 736 1656 batur,
758 1593 874 1644 induunt
894 1609 957 1643 cum
977 1593 1096 1643 vestibus
1119 1593 1183 1658 qui-

651 1663 702 1714 bus
720 1679 795 1729 reges
811 1675 912 1714 veteres
926 1664 1078 1714 utebantur.
1103 1662 1185 1713 Chri-

650 1743 708 1784 stus
730 1734 775 1783 illa
800 1735 843 1784 die
869 1735 920 1785 fuit
946 1734 1059 1784 indutus
1085 1733 1183 1799 triplici
1244 1783 1246 1787 .

647 1817 730 1873 veste,
751 1807 856 1858 scilicet
871 1825 877 1857 :
893 1808 962 1867 alba,
982 1808 1063 1858 rubea
1078 1817 1104 1857 et
1120 1822 1185 1858 coc·

649 1877 734 1941 cinea,
759 1879 791 1927 ad
814 1878 1012 1943 designandum
1034 1878 1108 1943 quod
1136 1875 1184 1942 qui

649 1951 784 2003 vultessc
805 1951 838 2001 de
861 1951 963 2001 Christi
979 1950 1090 2012 familia,
1107 1951 1186 2000 debet

651 2031 756 2085 portare
779 2032 881 2071 vestem
903 2022 990 2071 albam
1016 2020 1185 2080 innocentiae,

651 2091 762 2141 rubeam
786 2091 904 2141 caritatis
930 2101 956 2140 et
979 2089 1147 2149 obedientiae,
1162 2097 1188 2138 et

651 2159 801 2210 coccineam
835 2159 1010 2224 poenitentiae.
1047 2157 1090 2207 Sic
1124 2171 1189 2221 ergo

652 2245 724 2279 nunc
748 2245 866 2296 purpura
883 2239 909 2278 et
923 2227 1066 2292 chlamyde
1089 2226 1189 2276 indue-

652 2313 716 2354 runt
740 2319 820 2362 eum,
855 2313 882 2352 et
914 2317 988 2352 unus
1015 2300 1188 2366 Evangelista

652 2372 779 2438 exprimit
795 2388 892 2431 unum,
914 2371 983 2421 alius
1006 2371 1100 2435 aliud;
1124 2371 1189 2436 quia

652 2447 794 2496 sitantum
809 2445 977 2510 chlamydem
993 2445 1017 2495 ei
1035 2445 1189 2494 circumde-

652 2515 764 2574 dissent,
782 2531 837 2564 non
858 2531 920 2566 eum
944 2515 1099 2574 nudassent,
1120 2513 1189 2563 sicut

653 2601 708 2636 non
723 2584 828 2651 legitur
842 2586 958 2635 nudatus
970 2594 1030 2634 ante
1046 2583 1189 2648 Herodem,

652 2659 699 2710 ubi
713 2661 901 2725 imposuerunt
913 2658 965 2708 sibi
977 2658 1065 2708 albam
1078 2666 1188 2706 vestem-

654 2731 687 2780 Et
706 2730 775 2780 bene
796 2729 968 2780 conveniebat
990 2727 1072 2777 vestis
1088 2726 1149 2776 alba
1163 2735 1189 2775 et

654 2803 735 2853 rubra
753 2802 798 2852 tali
822 2801 937 2866 corpori,
958 2808 1051 2865 utpote
1067 2797 1116 2847 toti
1131 2811 1190 2846 san·

654 2874 735 2940 guine
753 2873 888 2922 rubricato
909 2887 941 2921 ex
959 2869 1145 2935 flagellatione,
1160 2877 1191 2918 ut

655 2946 812 3009 impleretur
827 2944 893 2992 illud
911 2941 986 2992 Isaiae
1001 2957 1008 2990 ι
1025 2940 1118 3000 Quare
1138 2955 1190 2991 ru-

655 3018 729 3067 brum
745 3020 785 3065 est
799 3013 977 3063 indumentum
998 3019 1077 3071 tuum,
1096 3016 1123 3061 et
1141 3024 1190 3062 ve·

654 3087 813 3145 elimentum,
831 3084 900 3134 sicut
914 3083 1076 3133 calcantium
1093 3081 1120 3132 in
1137 3086 1191 3133 tor-

655 3155 743 3208 culari
752 3155 769 3205 9
785 3156 816 3205 Et
831 3154 887 3204 haec
903 3152 1027 3219 quaestio,
1042 3152 1192 3202 secundum

657 3228 792 3289 Glossam,
804 3224 855 3275 fuit
864 3226 1029 3290 Angelorum
1040 3222 1193 3273 videntium

657 3309 682 3349 et
696 3297 854 3348 mirantium
872 3297 946 3362 quod
961 3294 1065 3346 Christi
1083 3309 1192 3360 corpus,
1254 3348 1263 3361 .

656 3372 729 3438 quod
756 3371 789 3421 de
814 3380 890 3420 utero
916 3368 1055 3434 virginali,
1085 3377 1193 3418 tantum

657 3443 799 3493 candorem
827 3438 937 3499 habuit,
963 3448 1098 3504 quantum
1125 3435 1193 3486 fullo

659 3529 712 3563 non
736 3522 824 3578 potest
837 3510 923 3560 facere
937 3524 1017 3574 super
1039 3518 1147 3570 terram,
1165 3505 1193 3555 in

657 3594 762 3634 tanturn
787 3583 839 3634 fuit
865 3582 997 3647 sanguine
1016 3581 1193 3631 rubricatum.

658 3657 699 3707 Ad
721 3671 803 3723 quam
817 3655 993 3720 quaestionem
1007 3654 1122 3718 ipser‘nct
1137 3649 1193 3700 ibi-

658 3728 720 3778 dem
744 3726 891 3791 respondit,
906 3725 996 3774 dicens
1020 3741 1027 3774 :
1057 3718 1193 3772 Torcular
