2626 4328
365 247 412 298 DE
429 247 494 298 SEX
502 246 561 307 TA,
577 244 614 295 IN
634 243 802 295 PASSIONE
818 242 956 294 DOMlNl.

89 368 239 435 punitus,
255 364 302 431 qni
314 378 356 415 me
368 371 397 415 et
414 363 511 414 mrdtns
529 362 557 412 in
570 362 632 412 arti-

93 452 139 489 m
155 436 252 488 occidi
255 453 266 500 ,·
278 436 327 486 sed
341 441 378 496 tu,
397 433 511 485 Domine
523 432 633 482 miseri-

92 508 267 570 cordissime,
277 511 408 557 memnuo
418 505 473 555 mei
486 504 514 554 in
523 505 632 554 imm.

93 581 168 633 Ecce
187 578 276 629 adoro
293 583 321 627 ie
343 591 419 643 quem
441 574 513 626 latro
529 574 632 624 adora-

55 686 58 692 ,
95 653 150 715 bat,
166 657 197 700 nt
219 664 268 700 oro
289 647 419 698 sicutille
438 648 535 697 orabat
550 644 633 697 :Me-

96 728 186 775 mento
210 720 272 783 mei,
298 718 421 780 Domine,
445 719 507 768 dnm
529 716 633 768 neumis

95 795 125 845 in
153 806 269 859 regnum
297 794 378 840 tuum.
405 790 578 854 Rerognosce
603 787 633 837 in

95 879 147 927 me,
170 861 296 922 Domine,
312 861 383 912 lianc
403 866 558 920 orationem,
579 858 634 908 sie·

94 940 127 985 ut
147 930 337 997 recognovisti
361 944 420 980 eom
453 930 480 980 in
508 929 634 990 latrone,-

95 1003 205 1071 Μοίρι
228 1001 297 1051 hanc
318 1014 336 1051 α
360 1015 446 1056 servo.
461 999 531 1050 sicut
546 1012 635 1049 noce·

89 1074 163 1142 pisti
187 1088 247 1126 eam
269 1087 287 1122 a
295 1071 407 1137 fenuclo
428 1077 493 1133 tuo,·
506 1075 634 1120 memento

94 1149 148 1198 mei
160 1146 198 1197 de
221 1159 316 1211 regno,
340 1145 410 1195 sicut
425 1144 511 1209 fuisti
534 1157 633 1193 ntemnr
655 1165 657 1168 ⁴

94 1217 172 1269 ateis
197 1216 235 1267 de
261 1216 346 1282 ligno.
376 1216 429 1266 Dic
457 1215 553 1280 igitur,
580 1214 632 1276 dis,

95 1301 197 1355 queso,
212 1287 337 1350 Domine,
353 1287 398 1338 dic
417 1301 506 1348 servo,
516 1292 575 1346 tuo,
592 1285 634 1336 lo-

93 1373 178 1427 quere
201 1359 242 1408 ad
265 1373 312 1409 cor
340 1374 444 1421 meum;
468 1358 512 1408 dic
536 1358 634 1408 animae
656 1374 658 1393 ⁵

95 1445 163 1483 meoe
176 1449 186 1482 .·
199 1429 293 1480 Hodie
306 1445 406 1480 mecum
428 1429 483 1479 eris
504 1429 530 1480 in
544 1442 635 1494 para-

94 1502 168 1565 diso,
189 1506 219 1551 td
239 1515 291 1564 ego
307 1500 476 1564 confortatus
493 1500 634 1550 desidera-

96 1571 147 1623 bili
163 1576 216 1622 tua
229 1571 419 1636 promissione,
431 1570 554 1636 fideliter
566 1584 634 1636 per-

93 1655 221 1693 maneam
244 1640 271 1689 itt
298 1645 344 1689 tua
358 1640 420 1706 fide
438 1646 464 1690 et
486 1640 634 1691 dilectione.

96 1712 131 1762 Iit
153 1711 302 1779 ,mlendore
312 1710 383 1776 fidei
406 1717 432 1761 et
456 1711 659 1778 confessionis*

98 1791 153 1837 iuoe
177 1791 266 1835 tecum
282 1783 334 1833 sim
350 1798 401 1848 per
421 1789 492 1833 tuam
513 1784 635 1850 gratiam
656 1793 659 1805 ¹

96 1856 216 1922 spiritus
235 1869 319 1917 unus;
338 1861 364 1905 et
384 1855 424 1905 sic
443 1861 527 1905 tecum
546 1869 592 1906 ero
607 1855 635 1904 in

93 1927 242 1992 paradiso,
258 1926 283 1976 si
294 1924 417 1976 videlicet
433 1927 460 1975 in
473 1933 636 1978 terreamo-
656 1926 659 1986 ξ

98 1999 140 2050 ris
157 1997 203 2048 titi
218 1997 333 2049 delicias
349 2004 465 2064 gustem,
489 1999 584 2064 quibus
606 1999 635 2048 in
657 1994 659 2000 ’

94 2071 234 2138 paradiso
247 2072 338 2138 reficis
350 2071 464 2138 spiritus
478 2073 634 2122 beatorum:

98 2155 164 2192 vere
187 2141 258 2192 enim
283 2147 399 2206 gustare
425 2142 457 2192 de
473 2148 637 2194 monitore

99 2283 178 2348 ntiae,
200 2283 297 2333 meite
316 2283 413 2345 vivere,
435 2290 463 2333 ut
480 2283 635 2349 aliquanda,

99 2368 160 2406 cim
184 2359 244 2404 tuce
266 2353 368 2418 pietati
387 2348 531 2418 placuerit,
559 2344 660 2411 diensf

100 2424 201 2476 anim
215 2437 281 2474 meae
298 2423 409 2474 :Hodie
428 2438 526 2474 mecum
539 2423 595 2474 eris
609 2423 636 2474 in

102 2496 180 2548 eoelo.
289 2551 292 2558 ,

131 2564 167 2616 32
180 2564 289 2615 Tnario
301 2581 386 2616 venno
396 2566 514 2615 Msrnnn
526 2581 636 2616 urscrnn·

101 2651 136 2687 ιο
146 2651 184 2686 nn
196 2651 356 2685 ntscnunun
369 2636 458 2685 Mirm
470 2651 637 2685 conmanunt.

104 2850 169 2901 ntias
190 2849 296 2915 positos
314 2850 465 2916 aliqualiter
485 2852 639 2901 consolare-

104 2933 164 2984 tur,
186 2920 389 2970 commendavit
410 2922 522 2971 Matrem
543 2919 639 2970 solatio

103 2993 260 3044 destitutam
274 3008 304 3043 ac
318 3004 442 3043 moestam
454 3003 480 3043 et
494 2992 570 3058 quasi
584 3008 641 3042 mo

103 3064 219 3114 rientem
251 3063 385 3130 discipulo
420 3074 446 3112 et
474 3062 639 3128 discipulum

103 3134 193 3185 idatii.
214 3133 287 3184 Dicit
310 3135 383 3183 enim
400 3132 491 3183 Matri
504 3152 512 3185 ε
524 3133 638 3195 Mulier,

104 3219 165 3258 ecce
179 3204 267 3273 filius
289 3212 359 3268 tuus,
382 3206 434 3255 hoc
455 3216 495 3255 est
517 3205 565 3272 qui
587 3205 639 3255 loci

103 3277 165 3327 Filii
179 3276 221 3326 tui
240 3277 289 3326 tibi
304 3276 382 3326 debet
400 3276 514 3342 obsequi
531 3285 558 3326 et
577 3276 640 3326 affe-

105 3348 194 3398 ctione
214 3347 354 3412 conjungi.
373 3347 455 3406 Quasi
477 3346 577 3397 diceret
591 3348 640 3398 ei:

105 3419 198 3486 Usque
212 3419 294 3468 modo
311 3417 349 3468 fui
363 3418 526 3484 obsequium
540 3419 601 3479 tibi,
615 3429 641 3470 et

104 3489 143 3542 tui
169 3505 263 3540 curam
288 3489 385 3552 habui3
414 3490 461 3539 sed
489 3491 523 3540 de
551 3500 640 3540 cete-ro

104 3561 188 3612 'tatum
210 3559 368 3626 derelinquo
386 3559 446 3620 tibi,
463 3560 579 3627 quierit
597 3562 641 3611 lo-

104 3648 136 3684 eo
163 3632 228 3682 mei.
254 3632 359 3682 Deinde
385 3632 450 3682 dicit
475 3632 608 3697 discipulo
633 3651 641 3684 :

105 3703 177 3755 Ecce
195 3702 291 3753 Mater
308 3708 362 3764 tua,
378 3703 430 3752 hoc
444 3714 485 3753 est
504 3703 546 3753 cui
569 3718 641 3754 reve-

104 3775 222 3827 rentiam
241 3784 268 3824 et
290 3773 430 3825 servitium
448 3775 529 3825 debes
553 3784 584 3825 ut
607 3773 642 3824 fi-

106 3845 161 3896 lius
179 3845 270 3896 matri.
289 3844 371 3905 Quasi
388 3845 489 3895 diceret
510 3845 535 3896 ei
559 3863 566 3896 :
586 3846 641 3896 De-

1167 241 1221 310 589
1286 318 1288 323 Ι

686 368 752 424 puto
761 369 786 410 te
795 361 829 414 ad
839 361 898 424 ejus
908 359 1072 426 obsequium
1083 369 1221 417 etturam,

683 431 744 481 loco
757 430 820 480 mei.
831 431 888 480 Hoc
901 430 1009 480 tertium
1019 430 1133 479 terbum
1147 429 1223 480 Chri·

686 501 721 552 sti
743 501 799 553 fnit
823 503 948 553 maximae
978 501 1171 552 sollicitudinis
1195 511 1222 552 et

685 572 802 639 pietatis,
818 589 849 623 eo
861 573 934 639 qnod
946 572 975 622 in
990 571 1071 621 tantis
1082 571 1220 622 doloribus

686 645 848 696 constitutus
863 645 956 696 Matris
970 643 1151 696 moestissimae
1170 660 1221 694 cu-

686 732 744 766 ram
756 716 848 782 gessit,
865 725 892 766 et
912 716 936 766 ei
955 716 989 766 de
1008 715 1134 765 ministro
1156 730 1221 779 pro-

686 788 762 839 vidit.
781 789 815 838 ln
840 804 895 855 quo
915 788 1007 838 docuit
1033 802 1083 837 nos
1101 785 1219 852 compati

686 860 844 926 parentibus
867 861 968 911 nostris
987 860 1116 921 afflictis,
1142 868 1169 910 et
1187 858 1219 909 in

687 931 890 982 necessitatibus
917 931 1085 994 subvenire3
1113 945 1143 980 ac
1170 930 1218 989 ein,

686 1002 796 1068 quando
809 1001 941 1067 indigent,
953 1016 1046 1051 curam
1060 1010 1086 1050 et
1097 998 1221 1050 debitunt

687 1073 849 1139 obsequium
863 1073 1037 1137 impendere;
1056 1081 1082 1122 et
1100 1072 1130 1122 in
1151 1086 1222 1137 quo-

687 1160 794 1212 eunque
830 1154 899 1194 statu
926 1144 1038 1206 simus,
1074 1152 1222 1209 parentes,

685 1227 817 1284 quantum
839 1217 912 1267 bono
932 1217 1014 1266 modo
1033 1215 1095 1266 fieri
1119 1224 1221 1280 potest,

687 1292 830 1341 honorare.
860 1289 939 1349 Quod
968 1288 1046 1354 prius
1076 1286 1222 1345 mandavit,

687 1361 802 1411 dicens:
816 1360 932 1410 Honora
941 1364 1048 1424 patrem
1062 1364 1088 1408 et
1099 1363 1222 1418 mairem,

684 1433 739 1483 boc
759 1449 835 1483 nunc
858 1448 908 1482 suo
931 1430 1057 1496 exemplo
1081 1429 1174 1479 docuit
1194 1437 1222 1479 et

685 1503 757 1564 feci-t,
784 1503 857 1569 quod
882 1501 1038 1552 iaciendum
1071 1498 1221 1550 admonuit.

690 1575 740 1625 Pro
757 1589 786 1624 se
799 1574 872 1624 enim
893 1572 981 1632 Matri,
1002 1586 1084 1638 quam
1103 1570 1223 1620 moriens

655 1692 658 1696 .
687 1644 866 1710 relinquebat,
882 1644 995 1693 alterum
1017 1641 1221 1709 quodammodo

675 1715 775 1766 'lilium
793 1716 826 1765 ad
843 1715 899 1780 ejus
913 1730 1005 1765 curam
1017 1725 1043 1764 et
1058 1712 1222 1780 obsequium

687 1786 851 1852 providebat.
879 1787 910 1836 ln
939 1786 990 1836 hoc
1027 1794 1116 1836 autem
1149 1784 1222 1851 quod

685 1856 784 1908 Joanni
800 1857 915 1907 Matrem
936 1855 1148 1916 commendavit,
1169 1869 1223 1905 rnn-

689 1945 741 1996 gna
763 1929 914 1979 ostenditur
929 1929 1047 1996 dignitas
1061 1927 1182 1984 loannis.
1197 1935 1223 1976 et

689 2012 790 2069 quanto
804 2018 867 2053 euru
884 2003 988 2053 honore
1008 2002 1160 2052 honoravit.
1178 2001 1224 2059 Et:

688 2085 719 2125 ut
732 2074 797 2124 dicit
808 2074 1005 2141 Hieronymus,
1021 2073 1151 2139 pudicitia
1162 2071 1223 2122 Vir-

98 2218 141 2264 m
160 2217 223 2264 m
364 2213 392 2263 F
444 2213 477 2263 de
576 2213 603 2262 D
657 2182 660 2199 ‚
686 2145 760 2212 ginis
793 2145 862 2195 nulli
896 2145 1094 2210 discipulorum
1120 2142 1224 2192 rectius

224 2228 250 2262 nt
272 2227 340 2263 esse.
391 2227 424 2263 ac
477 2229 555 2276 mum,
603 2227 659 2265 o·.

689 2231 771 2282 quam
796 2214 898 2281 virgini
930 2214 1119 2264 commendata
1149 2222 1189 2262 est
1212 2229 1222 2262 ε

689 2297 719 2338 ut
739 2296 809 2337 esset
829 2287 863 2337 ad
884 2286 999 2335 invicem
1013 2294 1088 2351 grata
1098 2284 1224 2343 societas,

689 2369 716 2410 et
742 2358 856 2408 floridus
883 2368 1016 2423 aspectus,
1042 2371 1090 2407 nec
1113 2372 1173 2407 nnn
1199 2367 1225 2406 et

657 2440 661 2500 ζ
689 2439 819 2480 venustus
842 2427 1018 2478 conversandi
1044 2441 1160 2477 vernans
1183 2426 1224 2477 al·

690 2499 815 2550 ternatim
828 2498 1018 2564 pudicitiarum
1034 2497 1163 2564 splendor
1176 2498 1225 2547 de-

688 2579 805 2620 coratus.
826 2569 865 2618 Et
880 2583 918 2619 ex
941 2569 989 2619 illa
1008 2569 1085 2631 liora,
1102 2567 1224 2635 quandin

659 2690 661 2695 .
689 2641 757 2691 vixit
771 2641 863 2700 Maria,
876 2641 979 2706 aceepit
990 2655 1050 2691 eam
1064 2641 1183 2691 Joaaoes
1193 2639 1223 2689 in

102 2707 274 2758 -Tertium
298 2709 410 2758 verbum
434 2707 494 2767 luit,
517 2723 588 2767 cnm,
608 2715 638 2757 ut
660 2706 662 2747 ἶ

102 2780 220 2830 Matrem
234 2787 263 2828 et
283 2779 447 2845 discipulum
462 2780 532 2829 inter
552 2794 639 2845 angu·
661 2820 662 2826 ,

691 2725 776 2775 suom,
802 2711 904 2762 scilicet
929 2725 1051 2770 matrem,
1074 2709 1222 2759 secundum

691 2782 838 2849 quosdam3
856 2783 902 2832 sed
917 2781 1107 2848 congruentius
1122 2780 1223 2831 subau-

691 2853 773 2914 ditur,
786 2852 904 2902 insuam
919 2868 1012 2902 curam
1028 2862 1054 2901 et
1069 2847 1224 2900 sollieitudi-

692 2940 764 2985 nem,
790 2941 871 2991 quam
900 2925 932 2975 de
961 2934 1047 2974 cetero
1074 2920 1225 2986 specialiter

692 2997 724 3046 de
736 3012 766 3046 ea
777 2997 894 3062 gerebat,
910 2995 974 3061 quia
988 2992 1121 3060 quidquid
1136 2990 1160 3042 ni
1176 3005 1224 3040 no·

693 3068 839 3119 cessarium
865 3076 938 3124 erat,
965 3067 998 3114 ad
1023 3063 1109 3129 ipsius
1132 3076 1225 3112 euram

693 3137 852 3203 pertinebat.
866 3135 965 3185 Tradit
990 3133 1125 3184 Dominus
1145 3132 1226 3183 Matri

692 3209 823 3258 loannem
836 3223 884 3273 pro
900 3208 972 3267 lesu,
989 3221 1098 3257 servum
1112 3219 1161 3271 pro
1176 3205 1227 3254 Do-

694 3279 785 3340 mino,
816 3277 981 3343 discipulum
1012 3293 1060 3344 pro
1088 3275 1227 3341 Magistro,

692 3348 836 3400 hominem
862 3364 910 3414 pro
942 3364 1005 3398 vero
1034 3349 1110 3407 Deo,
1140 3345 1229 3396 filium

693 3420 825 3484 Zebedaei,
849 3436 899 3485 pro
922 3420 994 3470 Filio
1019 3419 1079 3478 Dei,
1102 3426 1229 3484 nepotem

694 3506 743 3558 pro
757 3490 827 3540 Filio
842 3506 901 3551 sun,
915 3491 962 3557 qni
978 3500 1033 3540 erat
1047 3500 1134 3540 totum
1149 3502 1229 3538 suum

695 3561 833 3628 gaudium,
854 3576 884 3610 ac
904 3562 959 3611 vita
978 3576 1027 3610 sua
1045 3570 1072 3610 et
1093 3558 1228 3610 solatium.

695 3633 763 3692 Quae
784 3631 898 3680 mutatio
916 3631 1003 3696 ipsam
1027 3629 1100 3680 intus
1120 3625 1229 3683 cruciat,

695 3718 725 3752 ac
741 3701 819 3752 Matri
840 3702 956 3752 amarior
977 3702 1104 3752 omnibus
1126 3695 1230 3748 dolori-

696 3774 746 3824 bus
765 3787 901 3838 corporeae
922 3772 1060 3823 Passionis
1084 3768 1182 3837 existit,
1199 3774 1229 3816 et

696 3855 783 3896 cetera
805 3845 885 3895 corda
907 3844 1034 3905 humana,
1051 3843 1117 3892 'licet
1139 3853 1227 3898 saxea,
