2626 4328
164 256 211 306 DE
224 212 558 312 sculeTJEvnNGEL..
569 253 615 304 AC
630 250 721 302 FIDEl
738 252 820 302 FlNE
833 252 879 303 ET
895 252 1098 304 UTlLlTATE.
1131 250 1183 321 763

70 371 248 432 militantem,
278 380 304 420 et
334 370 413 419 credo
442 370 601 419 Sanctorum

69 441 300 503 communionem,
326 440 353 489 id
376 450 415 489 est
443 438 602 488 associatio·

70 530 133 565 nem
147 514 176 564 in
192 514 259 564 coelo
274 513 375 563 scilicet
388 527 445 562 esse
456 511 601 562 Ecclesiam

68 586 294 652 triumphantem.
312 585 395 646 Quasi
407 585 506 634 diceret
520 601 527 633 :
543 583 603 636 Cre·

69 661 105 709 do
119 669 262 724 utramque
276 657 432 707 Ecclesiam.
447 657 493 707 Est
511 666 601 706 autem

22 743 26 749 ·
70 740 160 780 sancta
179 727 295 778 Ecclesia
311 727 406 778 intres
422 725 508 777 divisa
526 742 533 775 τ
548 741 602 776 una

68 809 109 850 est
132 799 161 849 in
183 799 299 858 mundo,
321 813 381 863 quae
399 808 438 848 est
461 797 549 848 adhuc
572 795 601 846 in

67 869 167 919 timore
181 879 206 918 et
219 868 433 933 exspectatione3
448 867 500 917 alia
512 876 553 918 est
571 864 600 918 in

67 941 145 999 coelo,
156 954 216 1004 quae
231 949 272 988 est
284 938 344 988 sine
355 938 452 987 timore
466 946 491 987 et
506 951 602 1002 exspe-

65 1008 197 1071 ctatione;
219 1008 296 1059 tertia
322 1017 362 1058 est
380 1007 408 1057 in
434 1006 600 1073 purgatorio,

62 1095 124 1146 quae
137 1081 225 1130 medio
241 1081 322 1130 modo
335 1079 464 1139 sehabet,
479 1079 543 1146 quia
561 1089 600 1128 est

62 1152 92 1201 in
104 1151 308 1216 exspectatione,
317 1166 379 1200 cum
388 1151 475 1200 adhuc
485 1149 599 1216 gloriam

62 1231 224 1287 praesentem
246 1235 298 1269 non
314 1219 443 1279 habeant,
466 1228 492 1269 et
509 1229 600 1268 tamen

63 1294 124 1345 sine
147 1294 253 1353 timore,
273 1293 336 1359 quia
358 1293 462 1346 habent
481 1291 600 1342 liberum

64 1366 206 1417 arbitrium
243 1365 269 1415 in
298 1366 368 1416 bono
403 1364 599 1415 confirmatum.

66 1433 224 1494 Καθολικόν
252 1438 357 1497 Graece,
396 1437 491 1487 Latine
522 1444 600 1486 sonat

66 1509 241 1571 universale;
266 1519 291 1558 et
312 1508 410 1558 dicitur
442 1505 600 1558 universalis

66 1580 171 1630 duabus
194 1581 227 1628 de
249 1579 347 1638 causis,
377 1578 479 1629 scilicet
506 1595 513 1628 :
536 1576 601 1643 quia

66 1650 254 1701 universaliter
268 1649 410 1715 praedicata
424 1663 471 1714 per
484 1660 601 1715 quatuor

67 1733 155 1787 partes
168 1733 254 1784 terrae,
268 1732 293 1771 et
303 1720 367 1786 quia
378 1720 507 1770 articulos
518 1718 600 1769 habet

66 1809 144 1844 veros
157 1792 356 1852 universaliter,
376 1791 477 1857 quibus
492 1791 600 1840 nullum

64 1863 163 1915 falsum
188 1873 275 1928 potest
304 1863 422 1914 subesse.
448 1862 600 1914 Remissio-

65 1952 124 1987 nem
143 1944 329 2002 peccatorum,
352 1937 379 1987 id
394 1947 433 1988 est
457 1937 600 1987 remissio-

64 2027 128 2060 nem
153 2020 320 2075 pcccatorum
339 2009 407 2070 fieri,
432 2010 534 2061 scilicet
553 2026 600 2076 per

63 2080 151 2129 Deum
165 2078 193 2127 in
204 2079 342 2144 Baptismo
357 2079 466 2144 triplici,
484 2077 599 2130 scilicet:

64 2149 194 2210 fluminis,
207 2159 233 2198 et
246 2148 377 2209 flaminis,
393 2160 419 2199 et
437 2149 598 2216 sanguinis,

65 2220 123 2270 sive
135 2229 195 2285 post
207 2220 378 2284 Baptismum
389 2220 418 2269 in
432 2220 599 2271 Paenitentia.

66 2319 99 2330 ·-¹
115 2293 210 2342 Sextus
226 2300 276 2351 est,
291 2293 399 2342 credere
416 2292 599 2342 Resurrectio-

66 2377 130 2410 nem
147 2371 327 2424 mortuorum,
348 2361 394 2428 qui
417 2372 524 2412 notatur
540 2361 599 2412 ibi:

69 2432 170 2482 Carnis
202 2433 433 2484 resurrectionem.
474 2433 504 2483 ln
546 2445 598 2497 qua

66 2502 262 2553 resurrectione
276 2504 440 2554 credendum
462 2511 502 2553 est
527 2502 599 2552 idem

67 2587 166 2637 corpus
187 2572 259 2638 quod
279 2589 325 2639 per
351 2565 466 2623 mortem
496 2571 599 2633 cecidit,

66 2644 100 2692 ad
126 2643 251 2692 eumdem
273 2644 414 2709 spiritum,
443 2642 470 2693 id
500 2653 541 2694 est
566 2643 599 2694 ad

67 2715 191 2764 eamdem
225 2715 342 2766 animam
384 2716 543 2766 rediturum.
568 2743 600 2753 -

66 2788 205 2853 Septimus
214 2798 255 2838 est
266 2790 400 2839 bonorum
410 2789 600 2849 remuneratio,

67 2860 118 2909 sub
135 2875 190 2925 quo
213 2861 450 2925 comprehenditur
466 2872 492 2911 et
513 2860 601 2910 malo·

68 2947 129 2981 rum
140 2931 257 2996 punitio,
268 2932 315 2997 qui
326 2943 434 2983 notatur
444 2933 499 2982 ibi:
513 2932 600 2981 Vitam

67 3009 207 3053 oeterrtam.
240 3003 324 3063 Quasi
356 3003 454 3053 diceret
480 3018 487 3052 t
515 3001 600 3053 Credo

66 3074 149 3124 vitam
157 3077 442 3141 aeternam,praemium
452 3076 599 3125 bonorum:

68 3155 95 3194 et
125 3156 240 3196 mortem
276 3158 416 3207 aeternam,
436 3145 599 3211 supplicium

69 3218 212 3268 malorum.
228 3219 261 3269 Et
273 3219 318 3270 isti
331 3230 385 3269 tres
394 3217 484 3269 ultimi
494 3217 599 3269 articuli

67 3287 101 3337 ad
121 3286 287 3340 divinitatem
311 3290 452 3356 pertinent,
467 3289 532 3356 quia
553 3305 600 3355 per

65 3357 195 3408 virtutem
215 3359 365 3411 divinitatis
386 3359 416 3411 fit
432 3371 603 3426 peccatorum

67 3430 203 3494 remissio,
213 3447 274 3498 quae
286 3442 325 3485 est
337 3433 435 3484 animae
446 3432 599 3494 vivificatio,

67 3512 93 3550 et
107 3516 250 3567 corporum
266 3504 435 3568 resurrectio,
448 3514 528 3569 atque
539 3518 600 3553 cor·

69 3587 168 3638 porum
185 3575 268 3624 simul
283 3574 416 3625 etanimae
430 3572 599 3639 glorificatio.

100 3642 376 3695 5Serreuur1cut1
397 3659 431 3693 ao
453 3658 600 3694 nunautra-

70 3732 123 3766 τευ
149 3717 260 3768 Cuatsrr
286 3731 456 3768 sracranrrs.
480 3744 510 3756 -
546 3715 600 3766 Alii

68 3796 170 3851 septem
190 3798 253 3838 sunt
275 3787 389 3851 articuli,
403 3787 451 3853 qui
467 3785 605 3853 pertinent-

70 3857 103 3913 ad
131 3858 329 3910 humanitatem
354 3858 465 3910 Christi.
494 3858 601 3913 Primus

656 377 705 427 est,
728 368 833 431 credere
846 367 952 418 Filium
965 367 1013 418 Dei
1030 375 1195 432 conceptum·

654 439 687 488 de
698 437 802 504 Spiritu
819 439 926 498 Sancto,
945 438 991 504 qui
1014 448 1122 488 notatur
1138 438 1192 489 ibi:

656 511 709 571 Qut
718 517 859 577 conceptus
866 517 907 560 est
914 512 947 562 de
958 510 1064 576 Spiritu
1078 511 1192 575 Sancto,

655 585 682 635 id
703 594 743 636 est
762 585 917 650 operatione
946 585 1063 651 Spiritus
1088 585 1191 636 Sancti.

655 657 716 706 Uno
732 655 807 705 enim
823 656 972 721 eodemque
992 665 1129 705 momento
1145 670 1191 706 se-

654 738 760 794 gregata
785 726 836 777 fuit
859 728 903 777 illa
928 743 988 779 caro
1014 737 1153 793 assumpta
1176 743 1192 778 a

654 798 757 864 reliqua
779 813 858 848 carne
884 798 1018 864 Virginis,
1032 798 1190 864 operatione

654 867 770 934 Spiritus
793 868 894 928 Sancti,
917 879 943 919 et
965 869 1084 919 animata
1099 867 1191 918 anima

654 938 789 999 rationali,
801 949 828 989 et
849 939 935 989 deitas
960 939 1038 990 unita
1054 939 1088 989 ei.
1113 938 1191 990 Unde

654 1011 731 1075 illud,
749 1012 781 1062 dc
804 1027 859 1062 non
881 1013 990 1062 denotat
1011 1011 1190 1062 substantiam

653 1099 739 1135 causae
757 1084 912 1143 materialis,
939 1085 985 1135 sed
1013 1084 1105 1151 potius
1130 1083 1192 1134 effi-

653 1155 758 1205 cientis.
782 1155 912 1216 Quamvis
938 1155 1012 1205 enim
1035 1154 1189 1205 lncarnatio

653 1228 717 1279 Filii
732 1229 768 1279 sit
782 1244 851 1294 opus
864 1228 947 1279 totius
961 1227 1115 1291 Trinitatis,
1127 1226 1192 1292 quia

653 1301 726 1367 quod
743 1312 871 1367 operatur
880 1316 934 1352 una
945 1316 1072 1366 persona,
1081 1315 1193 1365 operan-

653 1383 698 1422 tur
713 1387 818 1432 omnes,
839 1387 870 1422 eo
889 1374 962 1439 quod
987 1380 1049 1423 sunt
1071 1369 1191 1422 indivisa

653 1458 733 1508 opera
746 1442 903 1508 Trinitatis;
921 1453 1012 1494 tamen
1029 1442 1087 1508 ipsa
1106 1440 1192 1508 gratia

653 1512 797 1574 mediante,
812 1529 866 1579 qua
888 1523 983 1564 natura
997 1513 1119 1563 humana
1129 1510 1192 1562 uni·

652 1593 697 1633 tur
715 1583 825 1643 divinae,
838 1594 878 1634 est
898 1585 1003 1634 donum
1028 1581 1190 1649 appropria-

652 1662 711 1704 tum
743 1653 856 1720 Spiritui
884 1655 1002 1720 Sancto;
1030 1653 1095 1720 quia
1128 1652 1188 1704 haec

652 1725 734 1791 gratia
751 1725 921 1791 appropriate
945 1726 1100 1792 procedite
1119 1724 1190 1776 cari—

652 1805 712 1857 tate,
724 1797 795 1847 ,sive
820 1811 835 1846 a
855 1796 1022 1862 benignitate
1048 1795 1107 1856 Dei,
1128 1810 1190 1862 quae

652 1867 764 1933 Spiritui
779 1875 886 1929 Sancto,
907 1867 1117 1934 appropriatur:
1133 1882 1189 1917 non

652 1936 726 1988 enim
740 1938 822 2000 Deus,
836 1938 864 1987 in
882 1948 1015 2005 quantum
1032 1947 1136 2004 potens,
1146 1936 1189 1988 vel

651 2010 679 2060 in
698 2021 832 2077 quantum
845 2011 970 2077 sapiens;
988 2011 1035 2062 sed
1056 2011 1084 2060 in
1106 2025 1190 2076 quan-

651 2091 709 2131 tum
739 2083 828 2132 bonus
848 2091 874 2132 et
895 2082 1033 2147 benignus
1063 2091 1186 2131 nostram

651 2153 865 2218 redemptionem
880 2163 1006 2216 operatus
1021 2160 1062 2200 est
1080 2166 1128 2215 per
1150 2151 1190 2201 ln·

651 2222 845 2273 carnationem.
863 2221 899 2272 Et
913 2221 1033 2285 tangitur
1048 2219 1094 2269 hic
1115 2218 1190 2270 rtati-

651 2293 720 2342 vitas
736 2290 837 2343 Christi
858 2291 887 2342 in
912 2301 998 2350 utero,
1013 2288 1116 2340 scilicet
1136 2302 1191 2354 qua

653 2374 785 2414 natusest
802 2364 834 2413 de
856 2362 959 2429 Spiritu
973 2363 1080 2412 Sancto,
1092 2388 1124 2398 -
1140 2362 1191 2410 Se-

652 2433 757 2484 cundus
771 2443 820 2491 est.
839 2433 939 2483 Filium
964 2431 1012 2482 Dei
1039 2440 1132 2482 natum
1156 2445 1189 2480 ex

653 2504 736 2555 Maria
761 2503 875 2569 virgine.
899 2502 946 2569 qui
978 2511 1086 2553 notatur
1115 2500 1153 2552 ibi
1180 2518 1187 2552 ε

653 2577 744 2627 Natus
766 2591 803 2627 ex
825 2574 922 2626 Maria
941 2575 1058 2642 virgine,
1086 2574 1190 2625 scilicet

653 2645 790 2697 nativitate
815 2661 848 2696 ex
866 2656 952 2697 utero.
965 2645 1117 2696 —Tertius
1136 2653 1187 2708 est,

653 2717 753 2768 Filium
771 2718 820 2769 Dei
841 2734 889 2784 pro
904 2716 984 2769 nobis
1004 2727 1142 2767 mortuum
1158 2716 1187 2766 in

651 2807 742 2850 cruce,
755 2791 801 2857 qui
816 2801 923 2842 notatur
940 2791 978 2841 ibi
994 2791 1123 2843 :Passus
1139 2788 1188 2838 sub

652 2864 751 2915 Pontio
764 2864 867 2925 Pilato,
887 2864 914 2912 id
931 2873 972 2912 est
986 2861 1039 2912 sub
1055 2869 1188 2926 potestate

655 2931 730 2982 Pilati
746 2931 843 2990 Pontii,
858 2946 962 2996 genere,
979 2929 1138 2996 crucifixus,
1151 2928 1184 2977 ad

652 3003 875 3068 distinguendum
909 3001 1064 3051 Passionem
1091 3000 1148 3064 ejus
1171 3012 1188 3048 s

652 3074 825 3140 passionibus
840 3073 966 3131 aliorum,
977 3071 1025 3138 qui
1043 3071 1071 3122 in
1085 3071 1189 3136 patibu-

651 3145 687 3195 lis
696 3143 897 3210 suspeuduntur
907 3152 932 3193 et
942 3142 1188 3202 citiusmoriuntur,

653 3224 781 3282 mortuus,
807 3232 868 3267 vera
888 3226 975 3267 morte
1000 3232 1048 3282 per
1073 3216 1188 3266 dissolu-

653 3289 755 3340 tionem
769 3289 865 3340 auimae
878 3303 894 3339 a
908 3303 1028 3354 corpore,
1048 3282 1189 3338 divinitate

652 3370 743 3411 tamen
766 3375 872 3425 semper
899 3359 1039 3424 conjuncta
1067 3357 1189 3424 utrique,

652 3437 678 3482 et
692 3432 820 3498 sepultus,
842 3446 896 3481 non
910 3440 1001 3480 tamen
1018 3438 1049 3479 ut
1062 3427 1109 3479 alii
1134 3443 1190 3478 cor·

652 3511 748 3567 ruptus
761 3511 787 3551 et
804 3500 975 3552 incineratus.
999 3526 1030 3538 -
1053 3499 1184 3560 Quartus,

652 3575 752 3625 Filium
774 3573 822 3625 Dei
836 3573 1005 3625 descendisse
1019 3572 1052 3623 ad
1074 3571 1185 3632 inferos,

652 3645 803 3696 secundum
816 3645 945 3705 animam,
955 3643 1002 3710 qui
1012 3653 1120 3694 notatur
1129 3643 1167 3694 ibi
1177 3659 1185 3692 ι

652 3715 796 3768 Descendit
827 3715 864 3765 ad
897 3715 1015 3783 inserosl,
1049 3712 1186 3766 descendit

653 3799 758 3840 tantum
772 3789 800 3840 in
812 3788 901 3840 anima
912 3789 1007 3840 deitate
1021 3789 1106 3848 unita,
1121 3784 1184 3853 quia

654 3875 751 3926 corpus
762 3859 792 3910 in
806 3860 949 3925 sepulchro
963 3858 1073 3926 quievit,
1086 3857 1186 3908 deitate
