2626 4328
178 251 180 255 ’
212 280 259 329 ui:
277 278 537 339 ASSUMPUONE,
556 279 602 329 Er
617 249 738 330 mous
758 276 887 330 marm
903 277 1067 328 uacuus.
1147 277 1196 327 aar

76 408 136 448 ctos
165 411 241 456 suos,
266 406 296 447 et
325 407 369 448 est
391 405 490 446 eterna
510 396 569 445 laus
586 404 613 445 et

76 467 242 531 exspectatio
252 468 382 518 omnibus
393 467 486 517 electis
499 466 557 517 suis
574 482 581 516 ι
598 484 611 513 n

80 539 139 589 brec
157 539 342 602 Augustinus.
363 540 443 590 Unde
465 549 492 589 et
512 538 613 588 Antel-

80 624 139 661 mua
153 627 162 660 .-
180 628 193 655 «
206 611 345 676 Rogamus
358 626 422 676 ergo
434 620 473 674 te,
484 609 612 668 Domina,

80 696 128 745 per
139 681 226 746 ipsam
241 682 369 747 gratiam3
390 683 456 748 quia
475 691 501 731 te
514 681 576 746 pius
586 690 613 730 et

75 753 254 817 omnipotens
278 755 350 804 Deus
370 753 409 803 sic
435 751 568 812 exaltavit,
587 760 612 802 et

79 825 174 875 omnia
198 838 287 877 tecum
324 826 465 891 possibilia
484 823 611 884 donavit,

78 907 214 960 quatenus
233 899 261 948 id
279 900 350 963 apud
365 899 455 964 ipsum
469 897 548 947 nobis
560 897 611 946 ob-

75 970 175 1029 tineas,
194 980 224 1019 ut
254 971 392 1036 plenitudo
412 969 503 1036 gratiae
528 983 611 1035 quam

79 1040 202 1090 meruisti
244 1042 273 1091 in
304 1042 383 1093 nobis
413 1041 610 1106 sicoperetur,

79 1111 152 1175 quod
189 1112 365 1177 participium
403 1111 475 1163 beati
507 1109 610 1176 maemii

64 1181 135 1244 ,eius
165 1183 245 1233 nobis
275 1182 486 1233 misericorditer
520 1195 614 1246 quan·

76 1251 168 1316 doque
195 1254 317 1305 donetur.
354 1254 396 1304 Ad
431 1253 482 1303 hoc
509 1251 611 1317 quippe

78 1322 154 1373 Deus
174 1336 266 1376 noster
286 1341 334 1392 per
350 1335 377 1376 te
397 1324 486 1375 fectus
506 1339 536 1375 es
554 1322 611 1373 fra-

74 1405 118 1444 ter
135 1408 237 1459 noster,
249 1409 280 1450 ut
302 1397 535 1464 quemadmodum
553 1397 611 1462 ipse

61 1466 206 1531 ,dignatus
232 1479 274 1519 est
291 1484 402 1520 consors
424 1468 481 1518 fieri
513 1478 611 1518 uostroe

62 1536 272 1604 .humanitatis;
305 1541 344 1593 sic
378 1556 428 1592 nos
459 1554 612 1591 mereamur

74 1621 216 1670 consortes
236 1611 294 1662 fieri
309 1627 367 1664 suoe
388 1611 548 1663 divinitatis.
563 1611 610 1662 lu-

80 1681 159 1729 tende
182 1697 255 1747 ergo,
279 1683 401 1748 piissima
431 1682 555 1742 Domina,
580 1691 611 1730 ut

78 1752 167 1801 nobis
179 1754 212 1802 ad
228 1755 353 1804 effectum
377 1754 525 1819 proveniat,
545 1769 610 1820 pro-

78 1833 136 1886 pter
159 1825 232 1889 quod
254 1826 327 1876 Deus
343 1835 434 1876 noster
447 1841 478 1875 ex
496 1834 542 1874 tuo
556 1839 611 1874 cas-

74 1895 184 1946 tissimo
218 1909 294 1948 utero
316 1899 400 1949 factus
432 1898 516 1948 homo
540 1897 610 1946 inter

78 1966 207 2018 homines
227 1969 309 2019 venit.
339 1970 393 2019 Nec
421 1969 474 2028 sis,
497 1982 610 2034 quaesu-

78 2052 149 2096 mus,
166 2048 278 2089 exoratu
293 2039 427 2100 difficilis,
442 2039 509 2106 quia
517 2037 610 2104 procul

74 2109 163 2158 dubio
188 2111 260 2162 idem
290 2114 502 2180 benignissimus
523 2111 610 2162 Filius

79 2192 141 2230 tuus
159 2182 210 2232 erit
231 2186 264 2234 ad
288 2186 498 2246 concedendum,
526 2184 610 2250 quid·

78 2252 144 2316 quid
157 2254 240 2313 voles,
262 2267 403 2322 promptus
422 2267 448 2306 et
467 2255 610 2306 exaudibi-

78 2322 120 2371 lis.
138 2324 344 2377 Tantummodo
369 2327 459 2393 itaque
479 2327 546 2377 velis
566 2341 610 2376 sa·

78 2395 164 2444 lutem
180 2407 310 2459 nostram,
320 2409 346 2449 et
359 2415 422 2450 vere
437 2412 609 2464 nequaquam

78 2469 144 2518 salvi
162 2485 288 2522 essenon
303 2475 461 2539 poterimus.
478 2471 551 2532 Quid
565 2487 609 2522 er-

75 2555 112 2605 go
125 2541 244 2608 stringes
255 2545 328 2610 larga
342 2545 443 2595 viscera
454 2544 610 2595 misericor-

67 2611 129 2661 =diae
155 2620 208 2663 tuae
235 2627 326 2666 eontra
352 2631 412 2676 nos,
434 2615 559 2679 Domina,
579 2626 610 2666 ut

77 2682 150 2733 nolis
174 2686 269 2737 salvari
289 2688 357 2738 nos?
383 2687 461 2739 Certe
474 2689 548 2738 Deus
564 2703 609 2737 no-

77 2762 140 2814 ster,
161 2764 231 2806 teste
249 2758 402 2820 Psalmista,
425 2757 610 2810 misericordia

76 2834 167 2875 nostra
183 2837 226 2877 est
232 2842 240 2891 3
256 2839 286 2878 tu
300 2832 421 2895 ejusdem
441 2832 490 2883 Dei
512 2829 609 2890 nostri,

74 2894 177 2961 absque
192 2897 286 2964 dubie,
302 2917 365 2953 vera
385 2903 469 2954 Mater
482 2917 520 2953 es·
536 2903 609 2952 Situ

76 2981 140 3030 ergo
156 2983 220 3033 quae
238 2971 321 3032 deles,
345 2984 370 3024 et
388 2989 481 3024 revera
500 2973 609 3023 miseri-

77 3036 176 3088 cordiae
200 3041 293 3102 Mater,
309 3044 427 3110 denegas
450 3043 609 3100 nobiseffe·

67 3119 153 3158 ctum
167 3111 370 3181 misericordiae,
392 3117 469 3182 cujus
484 3126 539 3168 tam
553 3114 609 3165 mi-

78 3179 203 3231 rabiliter
234 3183 319 3235 lacta‘
341 3203 369 3238 es
411 3188 511 3251 Mater3
543 3185 608 3253 quid

78 3249 209 3304 faciemus
248 3272 312 3307 cum·
337 3259 409 3310 idem
434 3259 522 3310 Filius
546 3268 611 3309 tuus

69 3322 233 3388 advenerit,
260 3340 372 3380 cunctos
407 3346 484 3398 aequo
509 3329 611 3396 judicio

77 3393 262 3473 judicaturus?
288 3401 429 3467 Siquidem
444 3403 525 3454 -licet
552 3401 612 3468 ipse

77 3463 166 3516 Filius
180 3478 243 3519 tuus
259 3471 295 3521 sit
315 3487 362 3538 per
375 3483 401 3522 te
421 3472 508 3523 fretos
529 3471 612 3522 frater

69 3547 186 3603 nostem
203 3541 299 3608 utique
318 3553 408 3593 tamen
422 3542 470 3594 ubi
484 3543 612 3594 volunta-

71 3616 136 3657 tem
148 3620 223 3660 tuam
237 3628 293 3664 suae
308 3613 433 3664 videlicet
449 3612 614 3665 dulcissime

81 3683 177 3759 matris
195 3686 281 3753 magis
295 3697 444 3753 porrectam
462 3687 614 3748 adverterit,

72 3751 150 3803 *illuc
173 3769 277 3808 servata
305 3757 440 3824 aequitatis
464 3758 577 3820 ratione,
600 3773 616 3809 a

83 3837 137 3887 qua
157 3835 185 3877 te
205 3830 359 3880 nullatenus
381 3829 532 3896 discrepare
549 3831 617 3882 velle

72 3896 197 3964 ⁴videbit,
213 3902 305 3967 judicii
327 3903 370 3954 sui
384 3903 557 3967 sententiam,
578 3903 618 3956 ei-

665 409 698 443 ve
720 394 757 444 ed
777 392 993 444 misericordiam
1019 391 1199 454 inflectendo,

665 466 723 517 sive
737 466 917 532 adjustitiam
941 466 1119 525 intendendo,
1141 482 1201 532 pro-

666 537 807 603 mulgabit.
827 536 950 588 mermi
967 552 1030 602 ergo
1045 537 1134 587 nobis.
1148 538 1191 590 Do

666 608 750 668 mina,
763 617 789 658 et
812 623 869 659 non
893 606 1059 657 considerata
1079 618 1200 672 peccato-

667 697 731 730 rum
752 691 910 732 nostrorum
931 680 1118 742 multitudine,
1128 682 1198 732 velte

666 762 745 801 tuum
760 752 793 802 acl
815 751 1000 801 miserendum
1025 751 1103 800 nobis
1119 751 1200 802 infle-

665 834 715 873 cte.
731 823 837 889 Cogita,
853 837 1020 888 quaesumus,
1041 833 1067 872 et
1082 823 1198 889 recogita

665 896 737 960 apud
752 905 786 955 te,
809 894 874 960 quia
889 911 944 944 non
959 894 992 944 ad
1003 895 1197 954 damnandum,

663 968 712 1016 sed
739 968 896 1017 salvandum
924 975 1074 1031 peccatores
1095 967 1198 1017 Condi-

665 1046 707 1086 tor
724 1049 815 1087 noster
829 1037 916 1087 factus
934 1045 975 1086 est
1003 1036 1097 1096 homo,
1115 1046 1197 1087 exte.

665 1108 721 1159 Cur
736 1108 828 1175 itaque
845 1125 901 1159 non
919 1106 1024 1173 juvabis
1043 1123 1095 1158 nos
1109 1123 1198 1174 peeca-

665 1190 746 1242 tores‚
764 1196 828 1247 que
842 1181 872 1232 in
885 1191 987 1232 tantam
1006 1181 1196 1232 celsitudinem

665 1270 694 1304 es
707 1266 817 1321 propter
830 1270 881 1306 nos
901 1255 1010 1318 elevata,
1024 1265 1055 1304 ut
1068 1263 1094 1304 te
1107 1254 1188 1304 oona

665 1344 729 1379 narn
752 1329 861 1389 habeat,
881 1338 907 1379 et
920 1337 1065 1379 veneretur
1079 1335 1135 1378 tota
1149 1341 1197 1393 pa-

664 1399 731 1450 rioer
749 1399 886 1450 creatura?
901 1400 944 1449 An
964 1399 1026 1448 ideo
1042 1408 1136 1448 utrum
1148 1412 1198 1464 pe-

663 1485 771 1520 reamus
784 1470 905 1538 emplius
923 1485 979 1519 non
999 1469 1116 1532 curabis,
1131 1467 1198 1535 qia-'m

664 1541 799 1608 quidquid
827 1543 861 1593 de
886 1541 967 1593 nobis
996 1540 1105 1591 miseris
1127 1541 1199 1591 ultra

664 1613 781 1674 eueniet,
804 1613 899 1680 glorie
922 1622 977 1664 tuoe
996 1613 1072 1663 nulle
1098 1612 1200 1677 jactura

664 1684 727 1736 inde
758 1685 916 1751 proveniat?
940 1687 974 1735 Et
1004 1685 1057 1734 hoc
1085 1684 1197 1750 quidem

664 1755 785 1807 fortassis
805 1756 896 1822 alique
917 1756 999 1805 modo
1022 1756 1094 1805 bona
1107 1753 1188 1804 Domi

664 1842 697 1877 na
720 1842 823 1893 posses,
839 1828 861 1878 si
883 1827 933 1893 pro
947 1825 987 1876 tui
1001 1824 1087 1875 solius
1103 1825 1198 1875 exalta·

664 1899 739 1950 tione
760 1911 786 1951 et
808 1901 925 1951 utilitate
954 1901 1038 1949 Mater
1066 1897 1115 1948 Dei
1130 1896 1198 1947 facta

664 1969 771 2021 fuisses.
787 1972 839 2022 Sed
861 1972 956 2038 utique
977 1969 1059 2029 Deus,
1075 1967 1122 2034 qui
1143 1967 1196 2017 ho-

664 2040 769 2092 minem
780 2041 929 2108 assumpsit
944 2056 976 2091 ex
990 2048 1035 2089 tua
1047 2037 1197 2088 castissima

653 2107 751 2172 'carne,
767 2112 819 2162 hoc
845 2111 907 2162 fecit
926 2126 974 2176 pro
997 2120 1043 2159 tua
1065 2120 1091 2159 et
1105 2116 1197 2157 nostra

664 2185 801 2234 communi
828 2185 921 2233 salute.
942 2182 970 2232 Si
993 2197 1056 2246 ergo
1080 2191 1119 2240 tu,
1137 2193 1197 2245 quae

664 2256 743 2322 plena
767 2255 852 2305 salute
868 2270 896 2304 es
915 2253 1009 2317 potita,
1034 2268 1089 2302 non
1104 2251 1196 2300 inten-

664 2327 715 2386 dis,
743 2336 775 2376 ut
795 2326 887 2376 eadem
914 2326 988 2387 salus
1015 2322 1196 2389 promodulo

664 2409 757 2449 nostro
777 2399 906 2449 etiamad
922 2413 973 2447 nos
992 2411 1079 2462 usque
1102 2393 1198 2460 pertin-

663 2480 707 2535 gat
712 2484 720 2532 ;
738 2470 792 2534 jam
805 2479 915 2519 tuorum
929 2467 1066 2518 sufficiens
1078 2479 1197 2516 commo·

663 2544 770 2602 dorum,
798 2552 956 2592 nostrorum
978 2540 1117 2607 negligens
1138 2552 1198 2588 esse

662 2613 806 2674 videberis,
829 2627 890 2680 quae
908 2613 963 2679 pro'
984 2612 1069 2663 totius
1101 2609 1197 2660 mundi

664 2687 810 2739 salvatione
832 2687 955 2738 meruisti
976 2685 1035 2737 fieri
1050 2686 1137 2735 Mater
1153 2683 1198 2732 Al-

661 2758 772 2818 tissimi,
787 2765 849 2808 cum
864 2775 915 2809 nos
928 2755 1113 2824 postposueris
1127 2767 1197 2819 quos

663 2831 783 2881 obvolvit
804 2830 888 2881 funus
909 2831 1003 2880 seculi.
1028 2826 1100 2886 Quid
1120 2839 1194 2889 ergo,

662 2916 771 2967 quaeso,
804 2900 922 2966 proderit
946 2899 1026 2949 nobis
1050 2907 1096 2947 tua
1131 2895 1196 2946 felix

657 2984 690 3024 ¹et
702 2973 823 3039 gloriosa.
833 2971 968 3034 exaltatio,
981 2981 1008 3020 et
1030 2985 1112 3036 quam
1131 2956 1197 3019 inde

663 3046 804 3104 habemus,
823 3043 911 3094 dulcis
938 3053 965 3093 et
988 3041 1131 3092 affectuosa
1145 3055 1195 3090 ex·

663 3115 791 3167 sultatio't
822 3116 858 3167 Ut
892 3131 956 3182 ergo
991 3113 1094 3164 Filium
1113 3123 1194 3162 tuum

663 3187 747 3238 totius
763 3187 861 3238 mundi
877 3187 1049 3245 salvatorem,
1060 3193 1087 3234 et
1100 3192 1127 3233 te
1139 3182 1196 3248 ejus

664 3259 904 3311 reconciliatricem
919 3259 1048 3311 veraciter
1061 3272 1119 3307 esse
1139 3270 1196 3307 sen·

664 3332 779 3396 tiamus;
796 3347 827 3382 eo
849 3346 899 3382 nos
912 3327 1082 3398 propensiori
1105 3325 1196 3378 studio

664 3402 735 3466 iuva,
763 3417 913 3469 precamur,
937 3412 963 3453 et
988 3400 1059 3460 fove,
1086 3414 1141 3466 quo
1168 3398 1198 3449 in
1231 3407 1232 3410 ’

666 3472 778 3524 fretibus
793 3474 888 3524 mundi
914 3483 991 3524 natos
1013 3481 1038 3522 et
1052 3469 1132 3520 alitos
1145 3484 1198 3537 po-

667 3545 730 3597 tiori
759 3546 892 3598 levamine
915 3543 1045 3612 perspicis
1066 3543 1197 3609 indigere.

667 3619 709 3669 Ab
723 3617 801 3668 initio
816 3619 934 3686 denique
944 3616 1127 3669 renovationis
1143 3615 1198 3665 hu-

670 3701 768 3749 manae,
781 3689 912 3739 omnibus
933 3689 984 3739 sub
1010 3698 1090 3738 tuum
1104 3681 1202 3752 praesi-

670 3759 747 3810 dium
793 3758 1014 3826 confugientibus
1062 3758 1205 3821 hucusque

671 3828 840 3894 succurristi„
868 3840 896 3882 et
918 3831 1017 3881 idcirco
1051 3843 1105 3894 prae
1130 3823 1204 3876 omni

662 3907 793 3955 'creatura
805 3904 879 3955 omni
890 3905 969 3956 laude
984 3900 1144 3968 dignissima
1161 3898 1206 3949 di-
