2626 4328
119 307 172 358 704

119 403 237 455 fascibus
252 403 435 456 inflammatur
452 420 459 454 ι
482 422 496 451 n
508 403 567 453 haec
579 403 653 454 Gre-

119 476 225 540 gorius.
237 475 336 525 ldcirco
350 489 460 540 quoque
470 474 651 537 citoeoanrrit,

121 546 185 611 quia
199 547 281 597 etiam
295 546 363 596 alios
380 544 513 596 consolari
536 543 651 596 testina-

384 288 561 341 SECUNDAE
578 286 703 338 PARTIS
722 287 839 340 CAPUT
853 287 980 340 LXXVII.

712 401 765 463 bat,
789 419 850 453 cum
874 404 975 469 quibus
998 412 1088 453 tamen
1107 400 1196 454 simol
1215 412 1248 455 :et

710 475 950 600 istosbictonsolatus
962 485 1012 539 est,
1028 473 1162 526 utstatim
1169 473 1247 527 ‚inni

712 557 771 612 pate
816 585 823 598 .

609 769 754 821 'ORATIO

155 962 271 1012 Domine
289 963 353 1015 lesu
370 964 493 1026 Christe,
508 964 556 1032 qui
564 964 707 1030 discipulis
725 953 854 1016 euntib'us
869 966 898 1016 in
910 966 1041 1016 Emmaus
1049 964 1210 1031 apparuisti,
1220 973 1249 1015 et

124 1033 204 1082 corda
228 1049 322 1085 eorum
346 1045 393 1087 tuo
410 1052 504 1088 amore
523 1035 720 1097 inflammasti,
747 1037 886 1096 illumina,
910 1053 1012 1103 quaeso,
1035 1052 1081 1088 cor
1100 1051 1197 1087 meum
1214 1045 1247 1086 ut

126 1103 187 1153 laeta
201 1107 339 1157 voluntate
353 1108 480 1173 impleam
499 1108 539 1160 tui
551 1107 657 1160 consilii
671 1107 850 1168 desiderium,
864 1108 989 1158 videlicet
1002 1117 1033 1158 ut
1047 1106 1190 1174 purificent
1201 1121 1247 1158 me

124 1175 158 1226 ab
180 1177 310 1229 omnibus
328 1180 455 1245 operibus
472 1181 560 1240 malis,
570 1190 601 1231 et
624 1179 719 1230 faciam
738 1196 820 1246 opera
834 1180 1071 1231 misericordiane
1089 1178 1206 1244 pietatis,
1220 1187 1250 1229 nt

123 1246 153 1296 in
176 1245 266 1298 futura
298 1252 493 1302 resurrectione
518 1252 658 1303 delicatam
681 1260 757 1302 tuam
784 1250 970 1301 invitationem
1004 1251 1150 1316 gaudenter
1183 1264 1249 1301 cum

123 1317 216 1368 electis
233 1319 287 1370 tuis
305 1322 418 1372 audiam
438 1333 463 1372 te
477 1323 635 1373 dicentem:
657 1322 756 1384 Venite,
772 1322 901 1373 benedicti
915 1322 1012 1372 Patria
1032 1321 1092 1383 mei,
1112 1319 1250 1386 percipite

114 1405 237 1457 ¹regnum
249 1395 321 1459 quod
339 1396 413 1446 vobis
428 1402 558 1461 paratum
578 1401 620 1446 est
633 1395 670 1446 ob
684 1396 797 1460 origine*
809 1394 916 1458 mundi;
931 1410 1014 1461 quam
1030 1409 1124 1446 vocem
1143 1392 1249 1444 outcis-
1277 1456 1282 1463 Ι

128 1461 226 1513 simam
236 1463 281 1516 fac
295 1482 340 1518 me
355 1467 458 1528 audire,
470 1467 612 1534 unigenite
618 1466 749 1518 silibet.
767 1468 866 1518 Amen.

498 1895 671 1967 ‚CAPUT
685 1895 864 1965 ,LXXVII

130 2168 309 2256 Quomodo
334 2169 516 2241 ‘Uomimrs
541 2171 709 2263 apparuit
731 2169 927 2262 Apostolzi,
949 2171 1075 2239 Thomu
1100 2170 1250 2241 absorte.

341 2443 439 2508 Lucae
464 2465 532 2528 cap.
570 2467 613 2529 24
636 2458 669 2509 et
704 2445 837 2510 loannis
863 2467 932 2530 cap.
973 2467 1025 2509 20'.
1053 2483 1055 2487 ·

164 2733 175 2766 r
215 2716 416 2766 Drsmrunonrnrr
444 2718 561 2768 'Eirmos
591 2735 664 2769 mnr-

130 2804 227 2838 oenrrn
253 2804 287 2837 nr
314 2788 428 2838 rnnvoie.
449 2815 483 2826 ·-
513 2789 664 2861 Surggntes

131 2870 221 2909 autem
233 2859 325 2909 eadem
337 2858 404 2909 hora
421 2859 539 2924 praedict'i
553 2858 608 2908 dno
621 2860 665 2909 di-

133 2931 229 2998 scipuli
256 2931 380 2998 regressi
406 2937 469 2981 sunt
490 2930 549 2996 ipsa
573 2930 664 2982 die-tn

135 3004 296 3068 Jerusalem,
311 3005 345 3055 ad
359 3005 427 3055 alios
441 3003 589 3070 discipuios
601 3019 665 3070 pro-

63 3072 65 3078 '
132 3088 191 3143 pter
223 3089 326 3130 metum
352 3080 508 3129 Judaeornm
536 3078 664 3128 inclusos.

136 3150 211 3200 Un'de
238 3151 402 3218 Theophilus
417 3168 425 3202 :
443 3151 587 3202 «Ardebat
602 3165 665 3216 ergo

124 3237 180 3271 cor
193 3239 287 3272 eorum
301 3223 366 3289 igne
385 3223 530 3273 verborum
545 3221 664 3283 Domini,

134 3293 235 3357 quibus
255 3294 436 3354 intendebant,
448 3305 477 3344 et
499 3294 564 3343 adeo
584 3291 665 3343 laetati

86 3364 88 3367 ’
134 3373 207 3423 sunt,
222 3374 252 3414 ut
269 3367 372 3416 nnllam
383 3381 490 3415 moram
506 3364 587 3431 passi,
599 3377 665 3413 >mox

134 3434 235 3483 reversi
259 3436 318 3486 sint
339 3436 371 3486 in
396 3436 582 3486 Jerusalem.»
595 3433 666 3483 Vide

136 3503 181 3552 hic
204 3504 402 3571 discipulorum
425 3505 617 3571 diligentiam,
640 3513 666 3554 et

135 3573 198 3624 fidei
237 3575 384 3638 fervorem,
423 3579 456 3627 ad
493 3576 666 3627 revelandum

136 3647 373 3699 Resurrectionem
389 3666 396 3699 :
411 3649 569 3715 quta-tarda,
583 3645 666 3697 ¹scili-

134 3729 178 3767 cet
189 3719 339 3784 vespertina
351 3721 426 3780 hora,
441 3730 487 3771 ant
501 3734 603 3780 mensa,
614 3732 666 3767 seu

130 3788 292 3856 ,fatigatione
311 3790 419 3840 'itineris
436 3807 495 3840 non
515 3788 626 3846 detenti,
641 3797 667 3838 et

136 3872 242 3913 remoto
260 3862 414 3912 ludaeorum
431 3861 538 3922 timore,
554 3860 590 3909 ad
615 3873 667 3909 nn-

130 3935 316 3986 nnntiandum
328 3934 464 4001 Apostolis
480 3930 667 3983 Resurrectio-

716 2711 984 2772 nem'Dominicam,
1001 2722 1027 2762 et
1035 2711 1114 2778 ‘qnod
1128 2712 1163 2762 de
1178 2727 1210 2764 ea
1224 2713 1253 2763 in

717 2781 760 2831 via
771 2793 966 2846 compererant,
981 2783 1255 2848 cucurrerunt-impi-

717 2853 768 2919 gri.
784 2853 838 2903 Nec
862 2852 963 2902 mirum
990 2853 1013 2903 si
1039 2854 1132 2903 eadem
1154 2853 1200 2904 die
1227 2864 1257 2904 et

718 2925 785 2974 hora
806 2935 996 2987 sorrenerunt3
1020 2936 1075 2975 erat
1096 2925 1172 2974 enim
1195 2925 1256 2975 dies

719 2995 783 3044 boni
802 2995 909 3055 nuntii,
932 3005 958 3045 et
973 2995 1032 3046 ideo
1057 2995 1154 3046 timere
1173 3006 1255 3062 pote-

718 3077 788 3127 rant,
798 3067 821 3117 si
836 3068 975 3117 differrent
988 3084 1074 3133 usque
1083 3083 1166 3118 mane
1175 3067 1256 3127 iilud,

718 3138 792 3203 quod
814 3138 947 3188 timebant
970 3138 1010 3188 illi
1032 3138 1078 3204 qui
1098 3138 1224 3188 dicebant
1246 3155 1254 3188 ι

718 3209 789 3259 Haec
801 3209 859 3258 dies
874 3209 935 3257 omri
949 3208 1034 3258 nuntii
1045 3215 1087 3258 est
1094 3226 1105 3271 ,·
1116 3208 1142 3258 si
1155 3214 1252 3260 taene-

717 3279 803 3329 rimun
815 3278 1013 3329 ernoloerimus
1025 3279 1153 3329 nuntiare
1169 3292 1254 3344 usqae

719 3365 804 3413 mane,
826 3350 937 3401 sceleris
950 3365 1108 3416 arguemur.
1121 3349 1265 3399 Praedica-

719 3423 758 3473 tio
775 3423 847 3472 enim
861 3438 923 3472 non
939 3433 980 3472 est
994 3422 1160 3479 differenda,
1176 3430 1206 3472 et
1225 3435 1258 3470 ea

719 3509 781 3562 quoe
797 3503 859 3543 sunt
879 3494 909 3544 ad
934 3494 1048 3544 salutem
1070 3507 1258 3551 communem,

720 3581 774 3615 non
799 3574 863 3615 sunt
883 3565 1011 3623 tacenda,
1033 3565 1081 3614 sed
1102 3562 1259 3612 revelanda.

720 3637 826 3704 Exquo
850 3638 973 3702 exemplo
993 3634 1094 3700 prelati
1108 3633 1200 3691 moti,
1223 3634 1258 3683 ad

719 3710 890 3775 diligentiam
920 3704 1123 3773 praedicationis
1157 3704 1260 3753 debent

719 3781 838 3832 accendi.
869 3780 909 3830 Et
929 3779 1086 3833 invenerant
1107 3775 1135 3824 in
1163 3785 1259 3825 monte

719 3855 796 3915 Sion,
815 3853 916 3904 'subtus
937 3850 1115 3907 coenaculum,
1131 3861 1259 3912 congre-

720 3933 802 3993 gatos
823 3934 850 3975 et
873 3923 1002 3982 inclusos,
1017 3930 1128 3987 propter
1151 3928 1257 3969 metum
