2626 4328
146 279 327 340 QUOMODO
342 277 642 330 uoutuusuPPnu
658 277 928 337 Dlse1P.‚THonA
942 279 1113 330 ABSENTE.
1148 297 1209 348 709v

78 409 171 456 tatem,
187 413 242 446 non
260 397 350 447 solum
370 396 444 461 tangi
460 395 612 460 adiscipu-

77 472 122 530 lis,
147 470 192 519 sed
219 468 300 519 etiam
327 467 449 518 convesci
472 481 534 516 cum
558 467 613 516 illis

77 540 220 605 dignatum
243 554 298 587 non
319 538 430 602 quidem
455 537 533 602 quasi
553 547 614 603 post

78 611 316 662 Resurrectionem
338 610 399 659 cibo
413 609 549 675 indigens,
566 624 614 658 nec

77 683 155 748 quasi
178 697 228 731 nos
249 682 277 731 in
298 681 513 740 Resurrectione,
530 695 614 746 quam

79 763 276 819 exspectamus,
301 752 379 801 cibus
406 765 483 816 egere
508 750 614 817 signifi-

76 843 151 886 cans,
163 827 211 876 sed
225 836 254 875 ut
268 841 300 876 eo
314 827 395 875 modo
415 838 538 875 naturam
552 841 616 876 cor-

76 897 152 962 poris
165 896 329 961 resurgentis
343 906 483 956 astrueret,
499 911 533 946 ne
547 895 614 945 illud

14 989 17 999 ·
77 983 135 1017 non
159 981 256 1032 corpus
284 968 331 1016 sed
352 966 479 1032 spiritum
499 967 615 1017 arbitra-

77 1051 179 1101 rentur,
192 1051 219 1090 et
238 1040 289 1090 sibi
310 1055 365 1090 non
385 1041 471 1090 solide
485 1041 532 1091 sed
543 1040 615 1090 ima-

79 1114 235 1180 ginabiliter
249 1128 384 1178 apparere.
399 1132 413 1159 n

111 1198 129 1250 9
161 1184 353 1234 Cenrrrrcsrro
384 1183 616 1232 Rasunnscrronrs

79 1271 132 1306 nnn
148 1271 238 1313 visun,
254 1271 304 1304 ran
318 1270 433 1314 rscruu,
445 1270 500 1304 ran
511 1268 616 1304 ousrun

81 1342 116 1376 nr
132 1342 263 1376 nuorruu.
284 1352 317 1364 ω
333 1326 490 1375 Secundum
504 1339 615 1374 sensum

81 1414 145 1466 ergo
170 1400 312 1449 litteralem
336 1398 491 1449 certificavit
515 1412 561 1448 eos
583 1398 617 1448 de

80 1485 131 1520 sua
144 1470 351 1520 Resurrectione
368 1483 416 1534 per
428 1469 480 1519 tria
495 1485 503 1518 ι
516 1468 615 1533 primo,

81 1556 130 1606 per
150 1542 250 1600 visum,
266 1541 358 1590 dicens
379 1540 496 1589 :Videte
519 1553 617 1588 manus

80 1617 106 1661 at
115 1612 208 1676 pedes,
219 1611 282 1676 quia
297 1624 349 1676 ego
362 1609 420 1671 ipse
434 1623 492 1658 sum
500 1626 509 1670 3
525 1624 618 1659 secun

80 1683 134 1742 du,¹
153 1696 199 1746 per
224 1691 334 1741 tactum,
360 1679 453 1729 dicens
474 1697 480 1730 :
499 1679 618 1745 Palpate

81 1761 109 1804 ct
129 1754 224 1816 videte,
241 1755 310 1819 quia
323 1753 439 1818 spiritus
463 1766 570 1803 carnem
591 1757 618 1802 et

81 1837 147 1874 ossa
161 1839 212 1875 non
226 1825 320 1886 landen
330 1822 419 1884 tertio,
435 1838 482 1888 per
496 1832 616 1889 gustum,

81 1909 147 1944 cum
175 1894 243 1943 dixit
266 1911 272 1944 t
301 1895 417 1944 Habetis
446 1893 489 1944 liic
514 1892 619 1959 aliquid

81 1966 157 2030 quod.
177 1965 376 2016 manducetur?
400 1965 512 2032 Mystice
533 1980 618 2025 vero,

82 2035 225 2086 Christum
246 2036 426 2086 resurrexisse
447 2036 550 2095 vident,
571 2035 619 2102 qui

85 2109 301 2158 Resurrectionis
318 2111 375 2172 ejus
397 2109 511 2174 gloriam
529 2108 620 2158 medi-

85 2189 192 2242 tantur;
208 2180 299 2244 ipsum
318 2188 434 2246 tangunt
458 2191 483 2229 et
499 2181 618 2245 palpant,

85 2251 133 2316 qui
162 2250 214 2300 sibi
240 2251 349 2301 caritate
375 2252 552 2316 copulantur3
574 2250 620 2316 pi-

83 2334 157 2370 scem
196 2336 287 2370 assum
322 2321 459 2382 offerunt,
490 2321 538 2387 qui
571 2336 620 2385 pa-

83 2390 207 2441 tientiam
237 2391 299 2456 igne
326 2391 511 2442 tribulationis
538 2392 620 2441 deco-

83 2475 155 2514 ctam
176 2464 277 2514 habent
295 2481 344 2531 pro
367 2465 479 2515 nomine
499 2464 619 2528 Christi;

82 2536 131 2585 sed
148 2536 187 2585 illi
210 2535 326 2586 offerunt
347 2536 448 2597 favum,
468 2537 515 2602 qui
532 2551 622 2586 mem-

85 2605 141 2655 bris
154 2606 212 2670 ejus
222 2606 350 2656 exhibent
363 2622 443 2672 opera
455 2606 570 2672 pietatis.
583 2606 623 2657 El

84 2692 144 2728 cum
168 2678 359 2727 manducasset
381 2691 473 2727 coram
499 2677 547 2740 eis,
574 2690 623 2726 su-

85 2762 160 2798 mens
171 2748 292 2797 ciborum
303 2749 434 2814 reliquias
442 2749 515 2798 dedit
521 2748 624 2811 eis,sci-

86 2819 148 2869 licet
162 2819 195 2868 ad
211 2821 338 2884 majorem
350 2820 538 2885 probationem
549 2819 623 2886 quod

86 2906 150 2942 rere
159 2892 298 2942 residuum
309 2894 535 2953 manducasset,et
543 2893 577 2943 ad
587 2892 625 2942 in·

86 2964 262 3028 sinuandum,
284 2965 349 3030 quia
367 2979 444 3014 suam
468 2964 624 3014 Passionem

88 3036 128 3085 eis
152 3036 307 3087 imitandam
333 3052 392 3088 esse
414 3037 542 3099 ostendit,
565 3051 625 3101 qua.

87 3121 179 3158 amara
201 3119 242 3158 est
262 3108 291 3158 in
311 3110 410 3159 dolore
427 3109 558 3174 corporis,
579 3109 626 3159 sed

87 3180 247 3230 dulcissima
267 3180 408 3247 ingloria.
426 3180 626 3232 remuneratio-

88 3252 143 3302 nis.
159 3253 222 3302 lllos
245 3268 310 3320 ergo
329 3254 357 3303 in
381 3269 431 3304 suo
455 3267 569 3320 corpore
592 3252 626 3303 ad

87 3334 216 3374 aeternam
230 3325 352 3391 requiem
368 3326 491 3391 suscipit,
502 3325 550 3391 qui
565 3339 627 3375 cum

88 3397 135 3447 hic
156 3397 345 3449 tribulationes
361 3414 410 3464 pro
425 3398 481 3448 Deo
495 3397 628 3458 sentiunt,

90 3469 126 3519 sb
147 3484 240 3520 amore
261 3471 375 3520 internae
396 3469 548 3520 dulcedinis
574 3485 628 3520 non

90 3539 244 3603 recedunt3
280 3540 328 3606 qui
362 3539 408 3589 hic
439 3539 630 3605 proteritate

90 3610 169 3675 quasi
184 3610 267 3676 piscis
289 3609 484 3660 afflictionibus
498 3619 630 3671 assantur,

93 3682 159 3731 illuc
189 3684 266 3749 quasi
300 3683 362 3733 favo
394 3697 458 3733 vera
489 3681 631 3733 dulcedine

95 3759 203 3800 mnae
239 3754 414 3806 beatitudinis
452 3752 630 3804 satiabuntur.

94 3822 201 3874 Deinde
219 3828 346 3879 certificat
369 3842 416 3879 eos
442 3828 476 3878 de
499 3828 632 3878 Resurre-

95 3892 193 3946 ctione·
204 3909 252 3961 per
274 3895 413 3962 auditum,
434 3898 529 3952 dicms
541 3897 632 3951 cHoec

667 401 730 445 sunt
748 396 839 455 verba,
866 393 893 443 id
916 403 958 444 est
978 409 1019 445 res
1044 397 1199 461 verborum,

666 466 780 516 verbum
810 465 885 516 enim
911 465 1074 532 quandoque
1101 469 1201 519 dicitur

666 553 718 589 vex
739 553 822 605 quam
846 538 1015 604 proferimus,
1037 542 1201 608 quandoque

667 624 710 660 res
731 623 814 672 quam
833 624 883 674 per
894 625 988 659 vocem
1004 610 1198 675 significamus,

666 695 726 749 quae
750 683 854 733 locutus
878 697 937 733 sum
959 684 996 733 ad
1019 699 1075 746 uns,
1100 686 1202 737 scilicet

667 771 757 821 supra,
771 771 833 805 cum
851 755 923 805 dixit
941 756 980 806 eis
996 773 1002 806 τ
1018 756 1090 808 Ecce
1104 773 1200 809 aseen==

667 825 755 876 dinam
770 825 982 893 lerosolymam,
1000 836 1059 887 eto,
1077 843 1134 878 cnm
1150 830 1201 879 ad-

667 897 720 949 huc
746 911 830 948 essem
857 899 1023 962 vobiscum,
1042 901 1143 953 scilicet
1171 902 1201 952 in

667 984 747 1020 carne
761 970 868 1020 mortali
881 981 941 1021 ante
954 973 1091 1023 Passionis
1103 975 1203 1025 instan-

668 1042 749 1106 tiam;
762 1043 1011 1108 quoniam-necesse
1029 1051 1070 1095 est
1085 1046 1201 1110 impleri,

667 1128 715 1178 per
742 1128 834 1163 rerum
861 1111 1078 1175 exhibitionem,
1108 1117 1204 1166 omnia.

668 1198 730 1250 quae
742 1185 845 1250 scripta
863 1191 926 1233 sunt
941 1185 967 1233 in
986 1186 1063 1250 Lege
1077 1186 1200 1254 Moysis,

668 1260 693 1305 el
706 1254 860 1319 Piupltetis,
874 1260 901 1304 et
915 1254 1036 1303 Psalmis
1059 1255 1090 1304 de
1107 1271 1155 1306 me.
1173 1258 1202 1306 ln

668 1327 713 1377 his
738 1326 813 1376 enim
835 1326 929 1376 tribus·
940 1327 1024 1376 Vetus
1043 1326 1204 1378 Testamen-

668 1408 727 1446 tum
738 1396 984 1461 comprehenditur.
998 1396 1049 1445 Per
1064 1397 1115 1446 hoc
1130 1399 1205 1462 quod

668 1467 829 1534 loquebatur
849 1466 1012 1517 sensibiliter
1030 1477 1058 1516 et
1070 1468 1150 1517 etiam
1167 1484 1206 1518 ra-

668 1539 854 1597 tionabiliter,
879 1539 1010 1589 reducens
1036 1541 1068 1588 ad
1097 1556 1205 1591 memo-

669 1610 737 1660 riam
752 1625 812 1675 quae
833 1609 873 1659 eis
888 1608 991 1659 dixerat
1007 1620 1067 1660 ante
1087 1619 1203 1662 mortem

670 1695 766 1740 suam,
793 1679 912 1730 ostendit
934 1693 969 1729 se
984 1679 1083 1731 habere
1107 1696 1206 1748 corpus

669 1751 827 1801 animatum¹
842 1751 934 1800 aalma
960 1750 1087 1802 sensitiva
1110 1762 1137 1803 et
1163 1753 1206 1802 in-

669 1821 810 1887 tellectiva,
836 1833 863 1873 et
889 1823 991 1874 eudem·
1009 1839 1064 1890 qua
1080 1825 1164 1890 prius.

705 1909 737 1945 ro
761 1895 897 1946 Csnrsrus
928 1911 1075 1947 nrscrwnrs
1107 1914 1206 1948 seusun

671 1968 1000 2017 Scurrrumunsrrnrr.
1010 1995 1040 2006 -
1053 1969 1131 2019 Tunc
1144 1981 1206 2035 post

672 2037 799 2104 predicta
819 2039 931 2104 apernit
947 2038 1013 2101 itus,
1032 2054 1078 2104 per
1093 2041 1207 2105 gratiam

658 2113 816 2172 internam,
840 2125 956 2174 sensum,
981 2121 1013 2162 et·
1029 2112 1206 2172 intellectum,

672 2183 719 2248 qui
744 2181 845 2231 scilicet
867 2181 945 2245 prius
964 2191 1021 2232 erat
1043 2183 1158 2244 clausus,
1178 2189 1208 2232 ut

672 2252 856 2316 intelligerent
871 2252 1040 2316 Scripturas,
1057 2263 1083 2301 et
1101 2268 1133 2302 ex
1152 2253 1208 2302 illis

672 2335 864 2392 cognoscerent
873 2325 1107 2374 Resurrectionem
1118 2339 1207 2374 suam.

673 2397 747 2448 Sicut
765 2411 816 2462 per
834 2395 1009 2460 praecedentia
1022 2396 1148 2461 probavit
1159 2411 1209 2446 re-

673 2469 781 2518 ritatem
806 2481 863 2516 suae
884 2467 1100 2517 Resurrectionis
1121 2482 1210 2534 quan-

674 2548 733 2590 tum
747 2538 779 2588 ad
793 2538 1005 2601 humanitatemt
1021 2538 1061 2588 sic
1075 2553 1123 2604 per
1137 2537 1210 2587 istud

675 2611 750 2661 illam
766 2610 860 2675 probat
874 2618 1008 2676 quantum
1025 2609 1057 2659 ad
1073 2609 1209 2667 deitatem,

675 2684 741 2751 quia
769 2684 925 2734 illuminare
949 2687 1052 2734 m'entes
1080 2684 1211 2749 ignoran-

676 2756 746 2806 tium
763 2754 900 2806 intellectu
920 2771 1001 2806 sacrae
1017 2755 1169 2819 Scriptura,
1185 2764 1212 2802 et

676 2828 786 2889 subito,
819 2838 861 2878 est
889 2827 984 2893 ipsius·
1009 2826 1114 2876 deitatis
1146 2839 1211 2890 pro-

677 2899 777 2965 prium.
799 2899 875 2948 Sicut
896 2908 958 2947 ante
981 2897 1138 2946 Passionem
1161 2895 1211 2944 de-

678 2967 788 3019 clararit
807 2983 943 3017 severum
963 2967 1050 3015 Deum
1073 2975 1099 3015 et
1123 2963 1213 3014 homi·

679 3055 752 3100 nem,
762 3039 799 3089 ita
811 3038 894 3088 etiam
904 3047 966 3103 post
976 3035 1213 3086 Resurrectionem
1292 3058 1295 3064 ·

679 3125 767 3162 suam.
782 3109 822 3159 Et
834 3108 911 3159 dixit
923 3107 972 3169 eis,
994 3106 1154 3157 instruendo
1167 3119 1214 3171 per

679 3179 830 3231 doctrinam
846 3194 853 3227 :
868 3177 1000 3238 Quoniam
1017 3176 1064 3227 ¹sic
1084 3176 1215 3241 scriptum

680 3259 730 3303 est.
751 3250 835 3312 Quasi
858 3249 957 3300 diceret
979 3264 986 3298 :
1011 3249 1085 3298 liene
1112 3247 1215 3301 debetis

681 3324 799 3388 medere,
819 3322 944 3388 quoniam
962 3319 1001 3372 sic
1023 3323 1152 3386 scriptum
1175 3327 1217 3371 est

681 3399 752 3449 sicut
769 3395 875 3456 evenit,
899 3405 925 3445 et
947 3394 986 3444 sic
1011 3393 1125 3459 contigit
1146 3392 1218 3443 sicut

682 3469 813 3535 scriptum
838 3475 888 3517 est.
904 3465 984 3515 Unde
1003 3464 1130 3514 subditur
1151 3463 1218 3514 :Et

683 3540 724 3591 sic
736 3539 878 3606 oportebat
888 3535 1026 3587 Christum
1037 3536 1107 3601 pati,
1117 3534 1219 3586 scilicet

682 3626 735 3678 per·
748 3610 854 3676 lignum
872 3607 972 3667 crucis,
989 3612 1015 3657 et
1033 3619 1181 3672 resurgere
1201 3617 1219 3654 a

683 3680 807 3744 monus,
828 3681 908 3731 tertia
928 3678 980 3729 dte.
998 3679 1033 3730 Ut
1057 3677 1131 3729 enim
1153 3674 1219 3726 dicit

685 3754 771 3816 Beda,
787 3752 948 3818 perdidisset
959 3750 1085 3802 Christus
1101 3748 1219 3799 fructum

685 3824 833 3877 Passionis.
855 3823 878 3873 si
899 3839 953 3873 non
973 3833 1045 3874 esset
1057 3820 1156 3872 veritas
1170 3817 1224 3867 Re·

684 3894 870 3958 sumecnoais,
889 3894 1032 3962 apameiae
1051 3901 1141 3946 autem
1164 3902 1223 3940 nen
