2626 4328
128 251 179 317 750

129 382 190 417 vere
214 366 273 415 sine
295 363 349 414 fine
369 363 451 415 seculi
476 363 503 412 in
530 367 668 412 aternum.

131 439 216 498 Nihil,
246 438 378 503 inquam,
406 437 438 485 acl
469 450 516 484 vos
546 447 670 499 quaerere

132 513 166 563 de
178 512 284 563 secretis
301 508 498 575 hujuscemodi,
517 523 563 557 nec
586 506 669 555 modo

132 585 165 633 ad
180 600 209 634 ea
224 582 395 649 percipienda
413 580 477 630 estis
491 577 599 641 idonei·,
621 576 667 626 sed

133 659 166 707 de
187 658 230 707 his
251 670 312 722 quae
328 655 361 703 ad
376 669 424 703 vos
446 661 567 718 spectant
582 660 667 700 estote

134 727 252 789 solliciti,
266 726 330 792 quia
345 739 444 784 revera,
460 723 598 787 accipietis
610 721 670 771 uir-

136 809 216 853 tutem
236 800 356 866 Spiritus
377 799 472 848 Sancti
486 796 671 862 supervenien-

136 874 172 923 tis
191 874 218 922 in
240 885 296 932 vos,
320 871 394 934 cujus
416 869 515 918 virtute
536 864 670 932 purificati

136 955 163 995 et
185 942 312 1002 roborati,
338 952 367 992 ut
389 941 499 1007 possitis
516 954 574 989 mea
589 938 671 992 verba

136 1016 228 1081 loqui,
253 1024 277 1064 et
305 1014 453 1065 doctrinam
484 1027 570 1061 meam
594 1010 670 1068 ferre,

136 1087 214 1136 eritis
233 1085 296 1136 mini
313 1091 400 1147 testes,
417 1081 627 1133 conversationis
646 1089 672 1129 et

136 1157 272 1216 doctrinae,
296 1156 392 1205 mortis
414 1165 439 1205 et
459 1150 672 1203 Resurrectionis

138 1241 204 1277 meae
218 1245 224 1276 ε
240 1227 338 1293 primo,
354 1227 380 1275 in
393 1224 546 1274 Jerusalem
554 1240 564 1286 ,¹
580 1238 673 1272 secun·

138 1299 182 1358 do,
201 1300 227 1348 iu
246 1300 316 1349 omni
334 1296 441 1359 Judaea,
459 1306 550 1360 postea
568 1294 595 1343 in
615 1294 671 1343 Sa-

140 1369 237 1429 maria,
262 1369 371 1418 tandem
397 1366 532 1431 usquead
551 1365 672 1416 ultimum

140 1446 227 1490 ierrae.
248 1441 285 1488 Ac
312 1437 334 1488 si
356 1438 433 1486 tacite
452 1436 550 1486 diceret
573 1453 579 1485 :
603 1437 673 1484 Ante

141 1510 217 1575 regni
237 1509 311 1558 illius
332 1507 527 1556 restitutionem
553 1521 605 1555 non
626 1520 672 1554 so-

138 1580 197 1628 lum
224 1578 426 1642 ierosolymam,
451 1576 497 1625 secl
526 1585 551 1625 et
577 1590 673 1624 omnes

140 1647 208 1698 fines
230 1649 327 1698 Judaeae
345 1657 370 1695 et
391 1645 526 1704 Samariae,
544 1659 573 1694 ac
592 1644 673 1705 etiam

142 1719 235 1770 mundi
280 1718 411 1769 terminos
445 1732 492 1782 per
530 1716 673 1765 circuitum

141 1790 281 1856 Evangelii
309 1790 379 1839 fama
407 1797 550 1854 percurret.
583 1788 673 1837 Primo

142 1863 278 1927 siquidem
298 1861 472 1926 praedicatum
491 1871 531 1911 est
550 1860 673 1926 Evange-

140 1932 209 1982 lium
223 1932 259 1981 'in
273 1933 433 1994 Jerusalem3
449 1932 495 1980 sed
510 1940 620 1995 propter
634 1931 673 1979 la-

140 2003 306 2069 pidationem
336 2002 479 2068 Stephani,
507 2011 532 2051 et
558 2012 672 2051 mortem

139 2073 229 2124 Jacobi
251 2074 340 2140 gladio
365 2073 463 2136 occisi,
490 2072 588 2138 egressi
609 2081 674 2122 sunt

140 2145 172 2194 de
193 2146 348 2206 ierusalem,
371 2144 545 2210 praedicantes
561 2143 590 2192 in
607 2143 672 2192 fini-

139 2214 191 2264 bus
207 2215 319 2280 tudaeae;
343 2225 434 2279 postea
456 2213 620 2264 transierunt
640 2213 672 2262 ad

138 2286 332 2348 Samaritanos;
351 2296 377 2336 et
400 2287 463 2336 inde
484 2295 673 2351 processerunt

138 2373 185 2423 per
209 2361 341 2410 mundum
358 2359 391 2408 ad
407 2358 483 2408 alios.
507 2358 557 2408 Ubi
573 2360 672 2424 Augu-

139 2429 226 2479 stinus
251 2447 259 2479 t
286 2449 299 2476 n
327 2430 387 2489 Quo
415 2440 504 2478 autem
533 2439 609 2493 pacto
639 2428 671 2476 ab

137 2500 273 2564 Apostolis
295 2511 335 2550 est
360 2500 511 2565 pradicatio
533 2499 583 2548 ista
597 2514 672 2548 com·

139 2570 224 2634 pleta,
256 2572 364 2636 quando
387 2571 473 2620 adhuc
487 2585 586 2636 ,usque
608 2580 671 2619 sunt

138 2650 229 2704 gentes
244 2639 272 2688 in
292 2640 392 2705 quibus
408 2641 489 2689 modo
512 2638 629 2704 coeperit,
646 2649 672 2689 et

138 2708 167 2756 in
182 2708 283 2773 quibus
299 2711 419 2758 nondum
435 2709 564 2774 inceperit
581 2709 672 2772 imple-

139 2778 182 2828 ri?
204 2780 263 2828 Non
278 2780 373 2844 utique
394 2779 501 2828 hoc'sic
521 2794 536 2828 a
555 2779 671 2828 Domino

138 2853 296 2903 mandatum
319 2863 358 2902 est
377 2851 522 2916 Apostolis,
543 2860 670 2916 tanquam

138 2924 190 2990 ipsi
219 2924 269 2974 soli
296 2924 397 2990 quibus
425 2933 487 2972 tunc
512 2923 672 2986 loquebatur

137 3006 244 3047 tantum
268 3012 368 3047 munus
390 2995 491 3045 fuerint
515 2995 669 3059 impleturi,

138 3069 184 3118 sed
204 3069 273 3119 sicut
287 3069 325 3119 eis
348 3067 413 3117 solis
428 3067 531 3116 videtur
548 3065 669 3116 dixisse:

136 3138 210 3188 Ecce
229 3153 281 3205 ego
303 3139 436 3189 uobiscum
452 3152 510 3186 sum
534 3132 615 3200 usque
635 3136 672 3185 ad

135 3211 390 3260 consummationem
417 3209 508 3270 seculi,
531 3207 603 3273 quod
628 3216 670 3257 ta-

136 3295 199 3328 men
225 3296 287 3331 eum
312 3280 443 3329 universae
465 3277 590 3328 Ecclesiae
607 3293 671 3343 pro-

136 3349 263 3412 misisse,
291 3366 352 3416 quae
381 3350 441 3399 aliis
474 3348 670 3409 morientibus,

137 3419 198 3468 aliis
211 3423 387 3472 nascentibus
399 3420 444 3469 hic
458 3435 543 3485 usque
558 3419 586 3468 in
601 3434 672 3469 secu·

136 3488 155 3538 li
178 3494 412 3542 consummatione
434 3490 524 3540 futura
541 3500 589 3551 est,
608 3491 671 3557 quis

137 3575 192 3609 non
213 3561 362 3630 intelligat?
376 3583 390 3612 n
415 3564 469 3613 haec
489 3562 669 3629 Augustinus.

137 3630 170 3680 Et
190 3631 254 3695 quia
267 3633 451 3699 Evangelium,
465 3632 554 3698 primo
570 3632 671 3698 praedi-

136 3710 224 3752 catum
244 3712 284 3751 est
309 3702 338 3752 in
353 3705 515 3765 ierusalem3
541 3703 604 3753 inde
631 3712 671 3752 est

137 3771 210 3837 quod
231 3772 322 3822 audita
341 3773 564 3838 pronuntiatione
581 3774 670 3823 Evan—

137 3843 209 3909 gelii,
229 3844 410 3919 vertimursad
435 3845 547 3899 Oriente
575 3845 668 3912 quasi,

377 247 551 298 SECUNDAE
582 244 707 294 PARTIS
728 242 845 292 CAPUT
868 239 996 290 LXXXII.

721 359 753 408 ad
780 358 944 416 Jerusalem,
972 356 1070 422 gratias
1094 364 1209 421 agentes
1231 365 1257 407 et

721 430 839 480 dicentes
857 447 863 479 :
881 430 977 480 Gloria
988 429 1043 490 tibi,
1055 429 1180 491 Domine,
1195 429 1258 495 quia

722 502 784 551 inde
800 501 873 551 venit
887 501 919 550 ad
932 517 982 551 nos
997 500 1185 566 Evangelium.
1203 500 1256 551 Un-

722 573 906 638 descriptum
929 583 969 622 est
991 573 1054 623 :De
1074 572 1141 624 Sion
1169 572 1258 623 exibit

723 646 778 708 lex,
803 652 828 694 et
847 645 952 695 vernum
969 645 1077 694 Domini
1095 645 1129 694 de
1142 644 1258 694 Jerusa-

723 716 781 765 lem.
804 716 880 765 Unde
898 726 923 764 et
938 715 1109 781 Augustinus
1135 732 1142 764 ι
1163 732 1178 760 «
1196 715 1258 766 Cte-

723 787 762 852 pit
778 787 851 836 enim
867 787 986 837 Ecclesia
999 788 1032 836 ab
1044 785 1195 836 Jerusalem
1210 785 1257 836 ista

722 870 839 917 terrena,
856 868 885 907 ut
911 860 1022 924 gaudeat
1042 857 1070 906 in
1091 857 1145 906 Deo
1165 856 1195 907 in
1214 858 1257 908 illa

723 930 866 979 Jerusalem
882 929 994 989 coelesti;
1009 929 1042 978 ab
1056 929 1104 976 hac
1119 928 1205 978 enim·
1215 927 1257 978 in·

723 1001 796 1066 cipit,
811 1002 843 1049 ad
859 1001 933 1049 illam
954 1000 1086 1050 terminat.
1104 1000 1134 1048 ln
1157 999 1205 1051 illa
1217 1010 1258 1050 to·

724 1081 749 1121 ta
772 1071 886 1120 Ecclesia
908 1071 967 1130 erit,
989 1072 1021 1120 ab
1041 1070 1089 1119 ista
1116 1070 1257 1120 exordium

723 1141 784 1193 fidei
800 1142 939 1207 sumpsit:
962 1161 974 1188 n
1000 1143 1057 1190 haec
1076 1141 1257 1206 Augustinus.

723 1216 774 1266 Sed
793 1216 872 1264 verba
899 1215 1039 1279 Evangelii
1067 1213 1161 1263 Levita
1192 1228 1257 1279 prte-

724 1290 913 1350 nunciaturus,
941 1289 1020 1337 vertit
1046 1287 1142 1337 faciem
1168 1284 1279 1338 contra

723 1359 906 1425 Aquilonem,
941 1368 969 1407 ut
998 1358 1121 1408 ostendat
1146 1358 1257 1408 verbum

724 1430 772 1479 Dei
799 1430 879 1495 dirigi
907 1440 998 1478 contra
1025 1444 1104 1491 eum,
1133 1428 1183 1494 qui
1215 1443 1258 1493 per

723 1500 896 1566 Aquilonem,
906 1499 1070 1564 designatur,
1084 1497 1189 1548 scilicet
1198 1513 1256 1549 con-

724 1583 763 1622 tra
780 1573 927 1630 diabolum,
948 1571 994 1636 qui
1016 1570 1120 1620 dicebat
1135 1569 1165 1618 in
1181 1570 1257 1619 corde

724 1661 774 1695 suo
787 1661 793 1693 :
809 1646 912 1695 Sedebo
924 1646 950 1694 in
964 1644 1093 1693 lateribus
1105 1642 1254 1707 Aquilonis,

724 1725 750 1768 et
763 1733 808 1768 ero
824 1719 920 1767 similis
935 1717 1085 1768 Altissimo.

756 1788 954 1839 8Bsnsn1cr1o
981 1789 1081 1846 Donnn
1109 1789 1257 1838 Arosrotts

725 1875 803 1909 nnrn.
827 1888 856 1896 -
873 1860 912 1909 Et
929 1859 1061 1909 Dominus
1078 1859 1171 1908 Jesus*
1179 1863 1257 1925 post-

725 1944 802 1994 quam
815 1928 919 1979 locutus
929 1935 969 1978 est
981 1929 1028 1990 eis,
1042 1942 1102 1993 quae
1118 1927 1151 1976 ad
1168 1927 1257 1977 erudi·

725 2001 827 2051 tionem
840 2017 896 2051 suae
910 2001 1077 2066 pertinebant
1092 1999 1256 2050 consolatio·

726 2073 777 2135 nis,
801 2090 1024 2139 unumquemque
1052 2073 1192 2124 osculatus
1218 2081 1257 2122 est

725 2146 752 2195 in
775 2146 871 2195 intimo
895 2162 984 2196 amore
1008 2146 1106 2204 cordis,
1127 2145 1200 2210 quia,
1216 2159 1257 2194 se-

724 2218 842 2268 cundum
863 2218 1043 2278 Ambrosium,
1059 2217 1199 2282 Apostolis
1215 2231 1256 2266 re-

724 2288 803 2354 liquit
824 2289 916 2338 oscula
934 2289 1021 2352 pacis;
1037 2288 1135 2337 deinde
1153 2285 1256 2337 valedi-

723 2375 785 2409 cens
799 2359 847 2418 eis,
870 2360 981 2409 elevatis
998 2359 1130 2421 manibus,
1147 2367 1178 2408 ut
1196 2371 1257 2408 suos

725 2430 794 2481 Patri
818 2431 933 2489 ofl'erret,
955 2431 1091 2480 benedixit
1116 2429 1168 2492 eis,
1183 2428 1257 2480 scili-

724 2511 763 2551 cet
789 2503 859 2552 bona
886 2503 1022 2568 optando,
1054 2501 1254 2566 promittendo,

722 2572 894 2633 conferendo,
920 2582 950 2622 ut
973 2589 1018 2622 eos
1040 2584 1132 2622 contra
1152 2573 1257 2623 hostem

723 2643 850 2701 muniret,
867 2652 892 2692 et
912 2642 990 2691 bonis
1006 2642 1159 2691 coelestibus
1168 2653 1257 2708 auge·

723 2722 770 2761 ret.
794 2714 826 2762 Et
847 2712 922 2771 forte,
940 2723 969 2763 ut
992 2713 1058 2762 dicit
1084 2712 1257 2777 Theophilus,

723 2781 750 2830 in
774 2782 822 2831 hac
837 2783 1024 2831 benedictione
1042 2782 1098 2831 vim
1116 2797 1259 2834 conserva-

722 2852 803 2900 tivam
825 2852 863 2901 eis
880 2852 995 2914 influxit,
1012 2867 1097 2918 usque
1118 2854 1149 2902 ad
1171 2852 1260 2919 Spiri-

722 2934 765 2973 tus
786 2925 874 2974 Sancti
889 2925 1043 2975 adventum.
1063 2926 1101 2974 Ex
1122 2927 1185 2975 loco
1209 2925 1259 2975 isto

722 2995 798 3046 duxit
820 2997 934 3046 Ecclesia
959 2997 986 3046 in
1014 2997 1275 3059 consuetudinem„

722 3067 795 3132 quod
816 3067 940 3133 Episcopi
956 3067 984 3116 in
1005 3067 1058 3116 fine
1084 3066 1176 3117 missae
1194 3069 1260 3118 dent

723 3136 945 3187 benedictionem.
984 3137 1037 3186 Ubi
1076 3137 1213 3201 Origenes
1253 3154 1261 3186 .·

723 3227 736 3254 ι(
751 3210 829 3268 Quod
844 3219 932 3258 autem
949 3209 1060 3258 eleuatis
1073 3208 1197 3258 manibus
1216 3208 1260 3258 be-

722 3279 828 3328 nedixit
852 3279 899 3340 eis,
920 3278 1053 3343 significat
1072 3278 1147 3343 quod
1169 3278 1260 3328 deceat

723 3348 923 3397 benedicentem
938 3347 1063 3413 cuiquam
1078 3357 1207 3398 ornatum
1221 3361 1260 3398 es-

722 3432 751 3467 se
765 3417 847 3467 variis
861 3417 989 3482 operibus
1002 3429 1028 3467 et
1046 3417 1148 3476 arduis,
1164 3432 1259 3483 respe-

721 3498 765 3537 ctu
783 3486 914 3549 aliorum;
938 3487 976 3536 sic
991 3487 1062 3536 enim
1085 3502 1184 3536 manus
1205 3486 1261 3536 tol·

722 3558 815 3606 luntur
838 3557 866 3606 in
887 3559 969 3606 altum
986 3574 992 3606 ε
1008 3576 1021 3603 »
1042 3557 1099 3606 hoec
1115 3556 1261 3622 Origenes.

722 3629 751 3679 ln
774 3644 877 3678 recessu
904 3645 952 3679 suo
976 3627 1114 3678 benedixit
1134 3626 1263 3679 Christus

721 3699 882 3765 discipulis,
916 3701 984 3750 sicut
1019 3711 1093 3765 pater
1129 3700 1259 3750 recedens

722 3786 736 3820 a
764 3771 826 3821 filiis
850 3771 983 3822 benedicit
1007 3772 1060 3833 eis,
1090 3780 1117 3820 et
1141 3770 1195 3820 hoc
1218 3769 1261 3820 fe-

721 3845 759 3894 cit
782 3861 788 3893 :
816 3844 904 3910 primo
929 3855 1038 3909 propter
1061 3843 1192 3907 majorem
1211 3856 1260 3892 eo-
