2626 4328
179 224 227 274 DE
245 219 465 272 ASCENSIONE
480 217 609 269 DOMINI
626 216 757 268 NOSTRl
771 215 853 268 JESU
872 216 1022 269 CHRISTI.

59 342 147 394 claret.
160 358 174 388 u
186 339 222 389 Et
242 338 364 388 iterum:
381 355 394 383 a
409 336 471 386 Haec
490 333 591 400 quippe

57 409 240 462 solemnitatis
249 409 330 473 hujus
340 416 379 457 est
392 406 469 465 ratio,
475 416 505 455 ut
516 403 592 455 Chri-

58 494 132 534 stum
144 481 176 530 ad
184 481 318 530 dexteram
328 477 426 529 Patris
421 493 473 542 ram
481 490 605 542 regnare

56 552 213 612 credamus;
227 559 253 599 et
268 548 449 598 interimeum
458 545 537 626 quasi
551 559 592 611 ge·

58 620 142 671 minis
156 619 288 669 virtutum
302 618 369 678 alls,
385 616 501 668 caritatis
516 615 592 666 scili-

58 700 99 741 cet
119 701 145 740 et
167 689 224 755 spei
247 689 445 754 subsequamur
463 703 469 736 ι
485 696 515 737 ut
530 701 592 736 cum

57 761 201 812 tradiderit
215 776 330 825 regnum
354 760 409 809 Deo
429 758 511 818 Patri,
534 758 593 808 sine

56 831 113 881 fine
127 847 188 881 cum
203 846 235 880 eo
249 845 399 894 regnemus.
411 829 593 879 Ascendamus

58 919 124 953 cum
137 901 245 952 Christo
261 901 372 950 interim
386 902 474 961 corde,
489 910 518 950 ut
530 915 592 950 cum

57 973 117 1022 dies
147 970 299 1036 promissus
328 971 472 1030 advenerit,
495 983 593 1036 sequa-

57 1059 122 1094 mur
143 1053 168 1094 et
195 1059 329 1109 corpore:
349 1063 362 1090 u
380 1043 437 1093 haec
456 1044 593 1109 Augusti-

56 1129 117 1164 nus
133 1114 211 1164 Unde
224 1114 305 1164 etiam
320 1114 474 1180 Gregorius
488 1131 497 1164 .-
513 1132 526 1160 α
541 1113 595 1163 Un-

56 1187 110 1246 de,
136 1184 230 1236 fratres
260 1185 410 1249 carissimi,
434 1193 539 1251 oportet
564 1195 594 1235 ut

55 1258 122 1309 illuc
137 1272 283 1324 sequamur
293 1259 381 1320 corde,
394 1258 442 1307 ubi
459 1273 520 1308 eum
536 1272 595 1306 cor·

57 1343 124 1392 pore
141 1328 290 1378 ascendisse
309 1328 466 1378 credimus:
486 1328 594 1378 deside-

58 1401 98 1451 ria
113 1412 217 1451 terrena
231 1401 377 1468 fugiamus,
393 1401 463 1451 nihil
474 1402 528 1467 jam
543 1416 594 1451 nos

60 1473 174 1523 delectet
189 1474 217 1523 in
235 1474 348 1535 infimis,
363 1474 411 1541 qui
429 1475 535 1524 Patrem
551 1474 595 1524 ha-

60 1543 156 1594 bemus
175 1544 203 1594 in
227 1545 316 1608 coelis;
343 1555 369 1595 et
394 1545 416 1594 si
442 1545 529 1595 adhuc
549 1545 594 1595 hic

62 1626 186 1666 tenemur
212 1617 240 1666 in
272 1616 427 1667 infirmitate
454 1616 593 1681 corporis,

60 1701 208 1752 sequamur
245 1698 334 1738 tamen
368 1704 430 1738 eum
468 1687 594 1753 passibus

59 1759 169 1809 amoris.
187 1760 247 1810 Non
271 1770 361 1810 autem
376 1759 475 1810 deserit
489 1760 594 1811 deside-

60 1830 133 1880 rium
149 1840 282 1889 nostrum,
294 1830 351 1895 ipse
365 1831 412 1896 qui
429 1830 503 1880 dedit
516 1831 595 1881 lesus

61 1900 188 1951 Christus
211 1900 345 1951 Dominus
368 1911 459 1952 noster
477 1919 483 1951 :
500 1921 513 1949 n
537 1903 595 1953 haec

63 1970 226 2035 Gregorius.
239 1971 369 2020 Ascendit
380 1986 443 2036 ergo
459 1970 593 2032 Christus,

60 2048 90 2088 ut
118 2040 248 2103 corporali
279 2040 421 2105 praesentia
449 2041 593 2102 subtracta,

58 2120 184 2172 provocet
209 2110 332 2160 allectum
359 2111 465 2171 mundi,
489 2120 515 2161 et
537 2121 594 2163 toto

57 2181 136 2231 corde
166 2197 228 2231 eum
254 2182 446 2233 desideremus.
472 2182 507 2232 Et
533 2183 593 2235 ideo

57 2266 119 2316 quae
134 2268 242 2302 sursum
255 2263 318 2302 sunt
329 2267 493 2318 quaeramus,
505 2255 594 2320 quoad

58 2322 115 2371 vim
146 2322 353 2385 intellectivam
386 2339 447 2389 quae
484 2339 594 2374 sursum

59 2400 124 2441 sunt
137 2392 289 2457 sapiamus,
305 2393 395 2458 quoad
419 2392 475 2443 vim
490 2393 594 2444 affecti-

60 2478 134 2512 vam.
149 2462 193 2513 Sic
204 2464 323 2515 ascendit
337 2465 417 2515 corde
430 2465 515 2517 ,miles
529 2466 594 2532 qui-

58 2539 134 2597 dam,
154 2537 246 2602 quiin
267 2539 389 2606 partibus
410 2540 595 2592 ultramarinis

61 2606 157 2658 omnia
171 2607 228 2658 loca
242 2609 267 2658 in
282 2610 382 2676 quibus
405 2610 525 2661 Salvator
541 2627 594 2661 no-

58 2689 115 2729 ster
136 2677 351 2747 fuerat,sollicite
375 2696 438 2731 cum
466 2681 595 2748 lacrymis

57 2749 189 2812 visitavit;
206 2759 232 2800 et
246 2750 311 2800 dum
324 2751 417 2801 omnia
432 2763 524 2803 sancta
537 2753 595 2803 loca

58 2824 153 2874 devote
173 2825 386 2891 perquisivisset,
404 2827 502 2878 ultimo
522 2829 595 2879 venit

60 2895 88 2944 in
99 2904 222 2945 montem
249 2897 347 2947 Oliveti
369 2900 441 2948 unde
461 2899 611 2951 Dominus·

57 2964 187 3027 ascendit,
206 2966 252 3015 ubi
280 2977 340 3031 post
364 2969 472 3033 longam
493 2969 595 3019 oratio-

60 3051 122 3086 nem
151 3052 214 3086 cum
237 3037 364 3102 lacrymis
388 3038 457 3088 dixit
482 3055 488 3088 ε
517 3039 594 3101 Ecce,

56 3107 186 3169 Domine,
201 3109 303 3175 ubique
320 3109 433 3176 quaesivi
445 3121 471 3161 te
484 3110 597 3176 diligen·

57 3185 108 3236 ter,
124 3179 277 3242 usquedum
300 3179 419 3231 venerim
447 3179 481 3230 ad
506 3182 595 3230 locum

59 3248 107 3297 ubi
133 3250 216 3299 coelos
240 3251 392 3302 ascendisti.
425 3251 521 3302 Nescio
548 3251 595 3301 ubi

58 3320 179 3401 amplius
204 3332 230 3373 te
261 3325 413 3405 requiram,
443 3325 506 3390 jube
532 3340 595 3391 ergo

61 3391 192 3456 spiritum
206 3409 298 3444 meum
316 3394 427 3460 suscipi,
444 3405 474 3445 ut
489 3395 523 3446 ad
536 3396 597 3447 dex-

61 3470 149 3511 teram
168 3463 254 3514 Patris
271 3465 376 3515 videam
394 3473 420 3515 te
434 3465 596 3517 residentem

60 3533 89 3582 in
106 3532 201 3598 gloria.
228 3536 261 3584 Et
284 3535 329 3585 his
356 3534 446 3600 dictis,
468 3535 596 3602 spiritum

58 3619 140 3654 suum
164 3605 222 3656 sine
240 3606 334 3657 dolore
357 3607 482 3659 reddidit.
505 3608 549 3658 Sic
570 3617 597 3658 et

57 3690 109 3724 nos
145 3675 295 3725 Dominum
333 3692 380 3742 per
409 3676 517 3744 singula
548 3693 597 3729 sua

59 3757 179 3813 operaet
194 3748 325 3799 virtutum
350 3749 475 3800 exercitia
496 3765 599 3817 quaera·

60 3834 134 3883 mus,
147 3830 178 3870 ut
197 3821 306 3872 tandem
321 3821 354 3872 ad
371 3837 433 3874 eum
453 3824 598 3875 ascendere

124 3936 195 3988 Vrra
209 3937 274 3993 lesu
286 3938 408 4004 Caarsrr,
420 3955 508 3994 rorrus
523 3941 568 3994 IV.

1125 217 1178 284 759

643 331 788 382 valeamus.

676 418 709 453 20
737 403 912 454 Ascaasroms
937 405 1037 454 Dounu
1062 420 1178 457 areunae.

644 501 675 512 -
691 473 819 541 Ascensio
845 473 955 524 Domini
979 475 1072 525 olim
1066 493 1092 525 m
1109 476 1179 527 scala

644 543 724 595 Jacob
756 543 923 610 praefigurata
946 544 1013 606 fuit,
1040 562 1100 613 quae
1125 562 1180 597 una

645 613 813 664 extremitate
828 624 944 675 terram,
967 626 993 665 et
1007 615 1058 666 alia
1081 616 1179 666 coelum

645 685 781 751 tangebat,
798 694 823 735 et
848 687 945 752 Angeli
971 701 1018 752 per
1044 703 1103 738 eam
1128 690 1177 738 de-

645 756 826 821 scendebant,
854 766 879 807 et
916 759 1110 821 ascendebant;
1137 759 1177 810 sic

647 828 772 878 Christus
785 829 818 878 de
833 829 901 878 coelo
923 829 1070 890 descendit,
1086 839 1110 879 et
1132 845 1177 880 re-

646 898 775 959 ascendit,
790 898 900 964 quando
913 899 1040 960 coelestia,
1056 909 1082 950 et
1094 909 1180 950 terre—

645 971 711 1021 stria
749 972 869 1023 revenire
903 972 998 1023 voluit.
1034 973 1181 1039 Oportebat

645 1041 722 1090 enim
736 1042 809 1108 quod
832 1042 964 1092 mediator
978 1043 1026 1093 Dei
1042 1054 1068 1093 et
1086 1043 1181 1094 homi-

647 1128 712 1162 num
725 1112 798 1163 Deus
810 1121 836 1163 et
849 1113 933 1164 homo
947 1125 1033 1175 esset,
1047 1115 1111 1181 quia
1127 1115 1181 1166 ali-

646 1192 686 1233 ter
699 1198 791 1248 pacem
806 1183 876 1234 inter
891 1185 978 1235 Deum
997 1196 1023 1236 et
1038 1186 1185 1236 hominem·

646 1252 793 1304 reformare
812 1270 867 1304 non
883 1265 988 1321 posset3
1007 1257 1079 1306 Deus
1105 1255 1180 1306 enim

646 1324 797 1376 altissimus
822 1337 871 1387 est,
900 1336 926 1377 et
951 1328 1034 1376 homo
1068 1327 1181 1378 infimus

647 1405 712 1456 erat,
729 1405 755 1446 et
767 1396 828 1446 ideo
851 1397 977 1448 Christus
998 1398 1067 1449 inter
1082 1398 1180 1449 coelum

647 1477 672 1517 et
684 1476 783 1517 terram
797 1468 896 1518 scalam
916 1467 1037 1519 faciebat.
1061 1469 1181 1519 Descen-

647 1540 713 1588 dunt
727 1549 818 1589 autem
831 1539 928 1606 Angeli
940 1555 987 1605 per
1002 1540 1086 1600 illam,
1102 1539 1182 1590 nobis

647 1609 760 1674 gratiam
791 1612 978 1677 apportando;
1003 1620 1029 1661 et
1055 1626 1181 1661 reascen-

647 1681 725 1740 dunt,
740 1679 846 1731 animas
860 1691 965 1731 nostras
981 1681 1009 1731 in
1024 1684 1125 1732 coelum
1135 1697 1180 1732 re-

648 1751 787 1815 portando.
804 1751 879 1803 Hanc
893 1751 973 1802 etiarn
992 1753 1182 1802 ascensionem

647 1820 772 1871 Christus
788 1823 963 1886 praenotavit,
977 1824 1087 1888 quando
1103 1837 1183 1888 para-

647 1891 737 1941 bolam
751 1892 785 1942 de
803 1907 858 1942 una
878 1908 927 1944 ove
948 1907 980 1943 ex
996 1902 1103 1944 centum
1118 1907 1182 1958 per-

646 1962 702 2013 dita
716 1974 743 2013 et
756 1963 863 2015 inventa
878 1965 1040 2030 praedicavit.
1052 1963 1119 2015 Ovis
1130 1979 1184 2015 una

647 2034 751 2098 perdita
767 2044 806 2085 est
820 2037 929 2101 quando
955 2037 1112 2088 mandatum
1134 2034 1183 2085 Dei

647 2116 831 2174 transgressus
845 2117 904 2171 est;
930 2109 1003 2159 Deus
1019 2118 1109 2158 autem
1133 2122 1183 2156 no-

647 2181 757 2246 naginta
771 2197 878 2242 novem,
887 2181 914 2231 id
924 2191 965 2232 est
974 2196 1070 2230 novem
1085 2181 1183 2230 choros

646 2253 813 2317 Angelorum
828 2252 856 2302 in
871 2254 938 2303 coelo
959 2252 1074 2312 dimisit,
1089 2261 1118 2301 et
1133 2267 1183 2302 ve·

647 2323 725 2375 niens
745 2324 775 2375 in
791 2324 866 2375 hunc
881 2324 1025 2384 mundum,
1040 2323 1183 2372 bominem

647 2396 782 2463 perditum
809 2411 856 2462 per
878 2395 989 2462 triginta
1016 2407 1070 2446 tres
1094 2411 1182 2446 annos

647 2465 782 2532 quaesivit,
797 2477 823 2516 et
842 2466 991 2518 intantum
1009 2483 1037 2517 se
1061 2465 1184 2532 fatigavit

647 2537 720 2603 quod
742 2538 777 2587 de
801 2547 857 2588 toto
886 2553 998 2604 corpore
1025 2553 1075 2588 suo
1101 2538 1184 2588 sudor

648 2608 791 2676 sanguinis
805 2609 950 2661 emanavit.
972 2611 1110 2661 Inventam
1132 2626 1184 2661 au-

636 2693 702 2733 tem
718 2698 795 2735 ovem
819 2699 901 2750 super
925 2684 1055 2735 humeros
1081 2685 1183 2751 posuit,

648 2763 674 2804 et
696 2754 832 2820 portavit,
857 2744 982 2841 quando'
993 2771 1100 2806 crucem
1136 2771 1184 2821 pro

647 2828 762 2894 peccatis
792 2829 893 2881 nostris
916 2829 1035 2897 propriis
1063 2829 1186 2879 humeris

649 2898 791 2962 bajulavit;
814 2899 917 2950 amicos
936 2901 968 2949 ad
992 2899 1186 2963 congratulan-

648 2970 714 3019 dum
738 2969 791 3020 sibi
808 2969 951 3033 invitavit,
980 2969 1088 3034 quando
1121 2984 1183 3019 cum

649 3041 760 3092 homine
783 3043 911 3102 ascendit,
933 3052 958 3093 et
981 3058 1092 3093 omnem
1124 3042 1184 3094 coeli

649 3112 752 3163 curiam
765 3111 915 3164 laetificavit.
928 3113 993 3163 Haec
1003 3112 1083 3163 etiam
1095 3127 1187 3163 ascen·

649 3182 690 3232 sio
713 3182 825 3233 Domini
850 3183 917 3234 olim
940 3182 992 3233 fuit
1014 3183 1042 3233 in
1069 3183 1185 3233 transla-

648 3255 723 3306 tione
735 3255 801 3307 Eliae
811 3255 986 3323 praefigurma.
1003 3255 1074 3306 Elias
1085 3254 1185 3322 Legem

649 3326 698 3376 Dei
711 3326 739 3380 in
760 3327 852 3379 Judaea
869 3327 1032 3394 praedicavit,
1049 3337 1075 3377 et
1094 3337 1185 3378 trans-

649 3411 785 3462 gressores
800 3399 880 3466 Legis
889 3400 1012 3450 audacter
1024 3398 1185 3464 increpavit,

650 3478 759 3535 propter
781 3471 855 3537 quod
874 3487 1000 3538 magnam
1021 3471 1185 3522 sustinuita

649 3539 750 3592 Judaeis
777 3543 1001 3607 persecutionem,
1033 3543 1079 3593 sed
1113 3541 1185 3609 apud

650 3613 737 3662 Deum
758 3612 858 3664 meruit
878 3614 905 3664 in
927 3613 1080 3680 paradisum
1094 3624 1186 3665 trans-

649 3682 792 3747 lationem;
818 3683 855 3734 ita
883 3683 1009 3735 Christus
1040 3685 1067 3735 in
1092 3685 1185 3736 Judaea

649 3753 721 3803 viam
746 3753 867 3804 veritatis
890 3755 1003 3816 docuit,
1025 3766 1052 3805 et
1075 3764 1185 3821 propter

651 3825 703 3878 hoc
717 3826 847 3898 adudaeis
867 3829 966 3880 multas
987 3827 1185 3894 persecutiones

1022 3957 1058 3993 20
