<?xml version="1.0" encoding="UTF-8"?>
<!DOCTYPE html PUBLIC "-//W3C//DTD XHTML 1.0 Transitional//EN"
    "http://www.w3.org/TR/xhtml1/DTD/xhtml1-transitional.dtd">
<html xmlns="http://www.w3.org/1999/xhtml" xml:lang="en" lang="en">
 <head>
  <title>
</title>
<meta http-equiv="Content-Type" content="text/html;charset=utf-8" />
  <meta name='ocr-system' content='tesseract 3.04.00' />
  <meta name='ocr-capabilities' content='ocr_page ocr_carea ocr_par ocr_line ocrx_word'/>
</head>
<body>
  <div class='ocr_page' id='page_1' title='image "./vitajesuchristi00rigogoog_0153.png"; bbox 0 0 2626 4328; ppageno 0'>
   <div class='ocr_carea' id='block_1_1' title="bbox 163 296 214 364">
    <p class='ocr_par' dir='ltr' id='par_1_1' title="bbox 163 296 214 364">
     <span class='ocr_line' id='line_1_1' title="bbox 163 296 214 364; baseline -0.02 -17"><span class='ocrx_word' id='word_1_1' title='bbox 163 296 214 364; x_wconf 87' lang='lat'>598</span> 
     </span>
    </p>
   </div>
   <div class='ocr_carea' id='block_1_2' title="bbox 159 405 692 548">
    <p class='ocr_par' dir='ltr' id='par_1_2' title="bbox 159 405 692 548">
     <span class='ocr_line' id='line_1_2' title="bbox 161 405 691 476; baseline -0.015 -14"><span class='ocrx_word' id='word_1_2' title='bbox 161 414 213 462; x_wconf 92' lang='lat' dir='ltr'>hoc</span> <span class='ocrx_word' id='word_1_3' title='bbox 222 411 294 462; x_wconf 91' lang='lat' dir='ltr'>enim</span> <span class='ocrx_word' id='word_1_4' title='bbox 309 410 377 461; x_wconf 87' lang='lat' dir='ltr'>facto</span> <span class='ocrx_word' id='word_1_5' title='bbox 388 409 500 476; x_wconf 89' lang='lat' dir='ltr'>impleta</span> <span class='ocrx_word' id='word_1_6' title='bbox 514 417 554 458; x_wconf 89' lang='lat' dir='ltr'>est</span> <span class='ocrx_word' id='word_1_7' title='bbox 568 405 691 472; x_wconf 89' lang='lat' dir='ltr'>Scriptu-</span> 
     </span>
     <span class='ocr_line' id='line_1_3' title="bbox 159 477 692 548; baseline -0.015 -15"><span class='ocrx_word' id='word_1_8' title='bbox 159 499 189 533; x_wconf 87' lang='lat' dir='ltr'>ra</span> <span class='ocrx_word' id='word_1_9' title='bbox 212 482 370 548; x_wconf 87' lang='lat' dir='ltr'>prophetiae,</span> <span class='ocrx_word' id='word_1_10' title='bbox 394 491 420 530; x_wconf 91' lang='lat' dir='ltr'>et</span> <span class='ocrx_word' id='word_1_11' title='bbox 440 481 479 530; x_wconf 82' lang='lat' dir='ltr'>sic</span> <span class='ocrx_word' id='word_1_12' title='bbox 499 479 527 529; x_wconf 91' lang='lat' dir='ltr'>in</span> <span class='ocrx_word' id='word_1_13' title='bbox 553 477 614 528; x_wconf 90' lang='lat' dir='ltr'>aliis</span> <span class='ocrx_word' id='word_1_14' title='bbox 643 492 692 526; x_wconf 93' lang='lat' dir='ltr'>suo</span> 
     </span>
    </p>
   </div>
   <div class='ocr_carea' id='block_1_3' title="bbox 158 549 692 1749">
    <p class='ocr_par' dir='ltr' id='par_1_3' title="bbox 158 549 692 1749">
     <span class='ocr_line' id='line_1_4' title="bbox 161 549 691 618; baseline -0.013 -14"><span class='ocrx_word' id='word_1_15' title='bbox 161 557 243 604; x_wconf 92' lang='lat' dir='ltr'>modo</span> <span class='ocrx_word' id='word_1_16' title='bbox 266 553 393 618; x_wconf 84' lang='lat' dir='ltr'><strong>intellige.</strong></span> <span class='ocrx_word' id='word_1_17' title='bbox 412 551 496 602; x_wconf 85' lang='lat' dir='ltr'>Dixit</span> <span class='ocrx_word' id='word_1_18' title='bbox 511 565 575 616; x_wconf 90' lang='lat' dir='ltr'>ergo</span> <span class='ocrx_word' id='word_1_19' title='bbox 589 566 595 599; x_wconf 92' lang='lat'>:</span> <span class='ocrx_word' id='word_1_20' title='bbox 611 549 691 611; x_wconf 74' lang='lat' dir='ltr'>Sirio,</span> 
     </span>
     <span class='ocr_line' id='line_1_5' title="bbox 160 617 692 685; baseline -0.017 -8"><span class='ocrx_word' id='word_1_21' title='bbox 160 625 259 677; x_wconf 89' lang='lat' dir='ltr'>scilicet</span> <span class='ocrx_word' id='word_1_22' title='bbox 287 624 434 674; x_wconf 89' lang='lat' dir='ltr'>hominum</span> <span class='ocrx_word' id='word_1_23' title='bbox 466 622 598 680; x_wconf 90' lang='lat' dir='ltr'>salutem,</span> <span class='ocrx_word' id='word_1_24' title='bbox 628 617 692 685; x_wconf 91' lang='lat' dir='ltr'>quia</span> 
     </span>
     <span class='ocr_line' id='line_1_6' title="bbox 159 689 692 754; baseline -0.013 -9"><span class='ocrx_word' id='word_1_25' title='bbox 159 695 230 745; x_wconf 89' lang='lat' dir='ltr'>hanc</span> <span class='ocrx_word' id='word_1_26' title='bbox 244 692 379 744; x_wconf 90' lang='lat' dir='ltr'>desiderio</span> <span class='ocrx_word' id='word_1_27' title='bbox 390 691 500 742; x_wconf 86' lang='lat' dir='ltr'>cordiali</span> <span class='ocrx_word' id='word_1_28' title='bbox 514 690 609 754; x_wconf 82' lang='lat' dir='ltr'>sitivit,</span> <span class='ocrx_word' id='word_1_29' title='bbox 621 689 692 740; x_wconf 90' lang='lat' dir='ltr'>vide·</span> 
     </span>
     <span class='ocr_line' id='line_1_7' title="bbox 159 762 691 825; baseline -0.011 -9"><span class='ocrx_word' id='word_1_30' title='bbox 159 767 222 818; x_wconf 90' lang='lat' dir='ltr'>licet</span> <span class='ocrx_word' id='word_1_31' title='bbox 230 766 304 817; x_wconf 91' lang='lat' dir='ltr'>sitim</span> <span class='ocrx_word' id='word_1_32' title='bbox 315 765 419 825; x_wconf 89' lang='lat' dir='ltr'>sitiens,</span> <span class='ocrx_word' id='word_1_33' title='bbox 431 763 458 815; x_wconf 93' lang='lat' dir='ltr'>id</span> <span class='ocrx_word' id='word_1_34' title='bbox 472 774 513 814; x_wconf 90' lang='lat' dir='ltr'>est</span> <span class='ocrx_word' id='word_1_35' title='bbox 526 762 691 824; x_wconf 87' lang='lat' dir='ltr'>desiderans,</span> 
     </span>
     <span class='ocr_line' id='line_1_8' title="bbox 158 835 690 892; baseline -0.011 -2"><span class='ocrx_word' id='word_1_36' title='bbox 158 852 189 892; x_wconf 91' lang='lat' dir='ltr'>ut</span> <span class='ocrx_word' id='word_1_37' title='bbox 210 856 260 890; x_wconf 90' lang='lat' dir='ltr'>nos</span> <span class='ocrx_word' id='word_1_38' title='bbox 286 838 423 889; x_wconf 87' lang='lat' dir='ltr'>sitiremus</span> <span class='ocrx_word' id='word_1_39' title='bbox 453 837 557 887; x_wconf 84' lang='lat' dir='ltr'>fontem</span> <span class='ocrx_word' id='word_1_40' title='bbox 588 835 690 886; x_wconf 90' lang='lat' dir='ltr'>vivum.</span> 
     </span>
     <span class='ocr_line' id='line_1_9' title="bbox 160 906 690 976; baseline -0.011 -14"><span class='ocrx_word' id='word_1_41' title='bbox 160 912 218 962; x_wconf 90' lang='lat' dir='ltr'>Hoc</span> <span class='ocrx_word' id='word_1_42' title='bbox 236 909 364 976; x_wconf 87' lang='lat' dir='ltr'>quintum</span> <span class='ocrx_word' id='word_1_43' title='bbox 384 908 508 971; x_wconf 90' lang='lat' dir='ltr'>verbum,</span> <span class='ocrx_word' id='word_1_44' title='bbox 533 906 585 957; x_wconf 89' lang='lat' dir='ltr'>fuit</span> <span class='ocrx_word' id='word_1_45' title='bbox 600 906 690 957; x_wconf 89' lang='lat' dir='ltr'>maxi-</span> 
     </span>
     <span class='ocr_line' id='line_1_10' title="bbox 159 976 691 1031; baseline -0.009 0"><span class='ocrx_word' id='word_1_46' title='bbox 159 997 204 1031; x_wconf 98' lang='lat' dir='ltr'>me</span> <span class='ocrx_word' id='word_1_47' title='bbox 231 977 440 1030; x_wconf 88' lang='lat' dir='ltr'>consolatorium</span> <span class='ocrx_word' id='word_1_48' title='bbox 460 976 585 1028; x_wconf 90' lang='lat' dir='ltr'>omnium</span> <span class='ocrx_word' id='word_1_49' title='bbox 607 976 691 1027; x_wconf 88' lang='lat' dir='ltr'>totius</span> 
     </span>
     <span class='ocr_line' id='line_1_11' title="bbox 160 1047 689 1116; baseline -0.011 -13"><span class='ocrx_word' id='word_1_50' title='bbox 160 1051 284 1103; x_wconf 87' lang='lat' dir='ltr'>Ecclesiae</span> <span class='ocrx_word' id='word_1_51' title='bbox 313 1049 445 1111; x_wconf 88' lang='lat' dir='ltr'>fidelium,</span> <span class='ocrx_word' id='word_1_52' title='bbox 474 1049 585 1116; x_wconf 92' lang='lat' dir='ltr'>quando</span> <span class='ocrx_word' id='word_1_53' title='bbox 613 1047 689 1110; x_wconf 80' lang='lat' dir='ltr'>dixit,</span> 
     </span>
     <span class='ocr_line' id='line_1_12' title="bbox 160 1118 690 1183; baseline -0.011 -11"><span class='ocrx_word' id='word_1_54' title='bbox 160 1122 233 1183; x_wconf 84' lang='lat' dir='ltr'>sitio,</span> <span class='ocrx_word' id='word_1_55' title='bbox 264 1120 366 1172; x_wconf 89' lang='lat' dir='ltr'>scilicet</span> <span class='ocrx_word' id='word_1_56' title='bbox 395 1122 510 1170; x_wconf 86' lang='lat' dir='ltr'>salutern</span> <span class='ocrx_word' id='word_1_57' title='bbox 531 1118 690 1180; x_wconf 86' lang='lat' dir='ltr'>humanam,</span> 
     </span>
     <span class='ocr_line' id='line_1_13' title="bbox 159 1191 691 1246; baseline -0.008 -3"><span class='ocrx_word' id='word_1_58' title='bbox 159 1193 358 1246; x_wconf 88' lang='lat' dir='ltr'>ferventissimo</span> <span class='ocrx_word' id='word_1_59' title='bbox 395 1191 538 1242; x_wconf 88' lang='lat' dir='ltr'>desiderio.</span> <span class='ocrx_word' id='word_1_60' title='bbox 581 1191 609 1240; x_wconf 92' lang='lat' dir='ltr'>ln</span> <span class='ocrx_word' id='word_1_61' title='bbox 638 1192 691 1240; x_wconf 91' lang='lat' dir='ltr'>hoc</span> 
     </span>
     <span class='ocr_line' id='line_1_14' title="bbox 158 1262 692 1328; baseline -0.011 -11"><span class='ocrx_word' id='word_1_62' title='bbox 158 1267 233 1317; x_wconf 90' lang='lat' dir='ltr'>enim</span> <span class='ocrx_word' id='word_1_63' title='bbox 248 1265 400 1316; x_wconf 87' lang='lat' dir='ltr'>ostenditur</span> <span class='ocrx_word' id='word_1_64' title='bbox 412 1264 469 1328; x_wconf 82' lang='lat' dir='ltr'>ejus</span> <span class='ocrx_word' id='word_1_65' title='bbox 478 1263 575 1312; x_wconf 88' lang='lat' dir='ltr'>ardens</span> <span class='ocrx_word' id='word_1_66' title='bbox 590 1262 692 1312; x_wconf 87' lang='lat' dir='ltr'>deside-</span> 
     </span>
     <span class='ocr_line' id='line_1_15' title="bbox 159 1332 689 1400; baseline -0.013 -12"><span class='ocrx_word' id='word_1_67' title='bbox 159 1337 233 1388; x_wconf 90' lang='lat' dir='ltr'>rium</span> <span class='ocrx_word' id='word_1_68' title='bbox 260 1338 293 1387; x_wconf 90' lang='lat' dir='ltr'>de</span> <span class='ocrx_word' id='word_1_69' title='bbox 322 1336 407 1386; x_wconf 91' lang='lat' dir='ltr'>salute</span> <span class='ocrx_word' id='word_1_70' title='bbox 432 1334 539 1400; x_wconf 89' lang='lat' dir='ltr'>generis</span> <span class='ocrx_word' id='word_1_71' title='bbox 564 1332 689 1392; x_wconf 90' lang='lat' dir='ltr'>humani,</span> 
     </span>
     <span class='ocr_line' id='line_1_16' title="bbox 159 1404 690 1475; baseline -0.009 -16"><span class='ocrx_word' id='word_1_72' title='bbox 159 1408 276 1475; x_wconf 84' lang='lat' dir='ltr'>quivult</span> <span class='ocrx_word' id='word_1_73' title='bbox 294 1420 384 1457; x_wconf 84' lang='lat' dir='ltr'>omncs</span> <span class='ocrx_word' id='word_1_74' title='bbox 403 1405 521 1456; x_wconf 83' lang='lat' dir='ltr'>homines</span> <span class='ocrx_word' id='word_1_75' title='bbox 537 1404 690 1470; x_wconf 83' lang='lat' dir='ltr'>salvosfle-</span> 
     </span>
     <span class='ocr_line' id='line_1_17' title="bbox 159 1475 690 1543; baseline -0.011 -14"><span class='ocrx_word' id='word_1_76' title='bbox 159 1481 186 1530; x_wconf 84' lang='lat' dir='ltr'>ri</span> <span class='ocrx_word' id='word_1_77' title='bbox 194 1498 204 1543; x_wconf 91' lang='lat'>,·</span> <span class='ocrx_word' id='word_1_78' title='bbox 219 1494 283 1528; x_wconf 91' lang='lat' dir='ltr'>nam</span> <span class='ocrx_word' id='word_1_79' title='bbox 298 1477 446 1528; x_wconf 88' lang='lat' dir='ltr'>vehemens</span> <span class='ocrx_word' id='word_1_80' title='bbox 462 1475 628 1525; x_wconf 89' lang='lat' dir='ltr'>desiderium</span> <span class='ocrx_word' id='word_1_81' title='bbox 643 1490 690 1525; x_wconf 90' lang='lat' dir='ltr'>ex-</span> 
     </span>
     <span class='ocr_line' id='line_1_18' title="bbox 159 1545 689 1614; baseline -0.009 -15"><span class='ocrx_word' id='word_1_82' title='bbox 159 1550 276 1614; x_wconf 85' lang='lat' dir='ltr'>primere</span> <span class='ocrx_word' id='word_1_83' title='bbox 309 1546 498 1597; x_wconf 85' lang='lat' dir='ltr'>consuevimus</span> <span class='ocrx_word' id='word_1_84' title='bbox 528 1561 575 1610; x_wconf 90' lang='lat' dir='ltr'>per</span> <span class='ocrx_word' id='word_1_85' title='bbox 605 1545 689 1595; x_wconf 90' lang='lat' dir='ltr'>sitim.</span> 
     </span>
     <span class='ocr_line' id='line_1_19' title="bbox 158 1615 691 1670; baseline -0.009 -1"><span class='ocrx_word' id='word_1_86' title='bbox 158 1619 238 1670; x_wconf 84' lang='lat' dir='ltr'><strong>Unde</strong></span> <span class='ocrx_word' id='word_1_87' title='bbox 251 1617 318 1667; x_wconf 91' lang='lat' dir='ltr'>dicit</span> <span class='ocrx_word' id='word_1_88' title='bbox 335 1617 477 1667; x_wconf 88' lang='lat' dir='ltr'>Psalmista</span> <span class='ocrx_word' id='word_1_89' title='bbox 491 1632 497 1664; x_wconf 92' lang='lat'>:</span> <span class='ocrx_word' id='word_1_90' title='bbox 511 1616 609 1666; x_wconf 76' lang='lat' dir='ltr'>sitivit</span> <span class='ocrx_word' id='word_1_91' title='bbox 628 1615 691 1665; x_wconf 86' lang='lat' dir='ltr'>ani-</span> 
     </span>
     <span class='ocr_line' id='line_1_20' title="bbox 159 1684 690 1749; baseline -0.008 -11"><span class='ocrx_word' id='word_1_92' title='bbox 159 1704 204 1738; x_wconf 87' lang='lat' dir='ltr'>ma</span> <span class='ocrx_word' id='word_1_93' title='bbox 228 1701 286 1738; x_wconf 86' lang='lat' dir='ltr'>mea</span> <span class='ocrx_word' id='word_1_94' title='bbox 307 1687 344 1737; x_wconf 83' lang='lat' dir='ltr'>ad</span> <span class='ocrx_word' id='word_1_95' title='bbox 364 1687 450 1741; x_wconf 84' lang='lat' dir='ltr'>Deum</span> <span class='ocrx_word' id='word_1_96' title='bbox 467 1684 572 1749; x_wconf 81' lang='lat' dir='ltr'>sortem</span> <span class='ocrx_word' id='word_1_97' title='bbox 595 1685 690 1734; x_wconf 86' lang='lat' dir='ltr'>vivum.</span> 
     </span>
    </p>
   </div>
   <div class='ocr_carea' id='block_1_4' title="bbox 160 1755 702 1818">
    <p class='ocr_par' dir='ltr' id='par_1_4' title="bbox 160 1755 702 1818">
     <span class='ocr_line' id='line_1_21' title="bbox 160 1755 702 1818; baseline -0.011 -7"><span class='ocrx_word' id='word_1_98' title='bbox 160 1761 238 1811; x_wconf 87' lang='lat' dir='ltr'>Unde</span> <span class='ocrx_word' id='word_1_99' title='bbox 253 1758 430 1809; x_wconf 78' lang='lat' dir='ltr'>Bernartius:</span> <span class='ocrx_word' id='word_1_100' title='bbox 446 1775 459 1802; x_wconf 79' lang='lat' dir='ltr'>a</span> <span class='ocrx_word' id='word_1_101' title='bbox 474 1756 553 1818; x_wconf 80' lang='lat' dir='ltr'>Sirio,</span> <span class='ocrx_word' id='word_1_102' title='bbox 567 1755 604 1806; x_wconf 88' lang='lat' dir='ltr'>ait</span> <span class='ocrx_word' id='word_1_103' title='bbox 617 1755 702 1806; x_wconf 68' lang='lat' dir='ltr'>chri:</span> 
     </span>
    </p>
   </div>
   <div class='ocr_carea' id='block_1_5' title="bbox 159 1826 694 3471">
    <p class='ocr_par' dir='ltr' id='par_1_5' title="bbox 159 1826 694 3471">
     <span class='ocr_line' id='line_1_22' title="bbox 159 1826 690 1892; baseline -0.013 -10"><span class='ocrx_word' id='word_1_104' title='bbox 159 1840 227 1892; x_wconf 91' lang='lat' dir='ltr'>stus,</span> <span class='ocrx_word' id='word_1_105' title='bbox 244 1846 299 1880; x_wconf 92' lang='lat' dir='ltr'>non</span> <span class='ocrx_word' id='word_1_106' title='bbox 317 1829 404 1879; x_wconf 89' lang='lat' dir='ltr'>doleo.</span> <span class='ocrx_word' id='word_1_107' title='bbox 432 1829 456 1878; x_wconf 93' lang='lat'>0</span> <span class='ocrx_word' id='word_1_108' title='bbox 480 1827 607 1885; x_wconf 89' lang='lat' dir='ltr'>Domine,</span> <span class='ocrx_word' id='word_1_109' title='bbox 625 1826 690 1892; x_wconf 92' lang='lat' dir='ltr'>quid</span> 
     </span>
     <span class='ocr_line' id='line_1_23' title="bbox 159 1900 692 1958; baseline -0.009 -5"><span class='ocrx_word' id='word_1_110' title='bbox 159 1903 237 1954; x_wconf 84' lang='lat' dir='ltr'>sitis?</span> <span class='ocrx_word' id='word_1_111' title='bbox 251 1901 346 1952; x_wconf 87' lang='lat' dir='ltr'>Fidem</span> <span class='ocrx_word' id='word_1_112' title='bbox 367 1908 492 1958; x_wconf 82' lang='lat' dir='ltr'>vestram,</span> <span class='ocrx_word' id='word_1_113' title='bbox 514 1900 626 1948; x_wconf 89' lang='lat' dir='ltr'>salutem</span> <span class='ocrx_word' id='word_1_114' title='bbox 643 1913 692 1948; x_wconf 89' lang='lat' dir='ltr'>ve-</span> 
     </span>
     <span class='ocr_line' id='line_1_24' title="bbox 159 1971 691 2038; baseline -0.009 -14"><span class='ocrx_word' id='word_1_115' title='bbox 159 1983 254 2036; x_wconf 87' lang='lat' dir='ltr'>stram,</span> <span class='ocrx_word' id='word_1_116' title='bbox 269 1972 399 2038; x_wconf 86' lang='lat' dir='ltr'>gaudium</span> <span class='ocrx_word' id='word_1_117' title='bbox 413 1980 533 2020; x_wconf 87' lang='lat' dir='ltr'>vestrum</span> <span class='ocrx_word' id='word_1_118' title='bbox 544 1985 552 2032; x_wconf 82' lang='lat'><em>3</em></span> <span class='ocrx_word' id='word_1_119' title='bbox 564 1972 625 2035; x_wconf 91' lang='lat' dir='ltr'>plus</span> <span class='ocrx_word' id='word_1_120' title='bbox 636 1971 691 2020; x_wconf 93' lang='lat' dir='ltr'>ani-</span> 
     </span>
     <span class='ocr_line' id='line_1_25' title="bbox 159 2043 691 2108; baseline -0.006 -13"><span class='ocrx_word' id='word_1_121' title='bbox 159 2061 266 2096; x_wconf 91' lang='lat' dir='ltr'>marum</span> <span class='ocrx_word' id='word_1_122' title='bbox 289 2054 440 2094; x_wconf 86' lang='lat' dir='ltr'>vestrarum</span> <span class='ocrx_word' id='word_1_123' title='bbox 464 2058 546 2108; x_wconf 89' lang='lat' dir='ltr'>quam</span> <span class='ocrx_word' id='word_1_124' title='bbox 571 2043 691 2107; x_wconf 89' lang='lat' dir='ltr'>corporis</span> 
     </span>
     <span class='ocr_line' id='line_1_26' title="bbox 162 2115 690 2178; baseline -0.004 -12"><span class='ocrx_word' id='word_1_125' title='bbox 162 2116 215 2167; x_wconf 90' lang='lat' dir='ltr'>mei</span> <span class='ocrx_word' id='word_1_126' title='bbox 240 2115 372 2166; x_wconf 88' lang='lat' dir='ltr'>cruciatus</span> <span class='ocrx_word' id='word_1_127' title='bbox 393 2130 436 2164; x_wconf 91' lang='lat' dir='ltr'>me</span> <span class='ocrx_word' id='word_1_128' title='bbox 450 2124 531 2178; x_wconf 89' lang='lat' dir='ltr'>tenet,</span> <span class='ocrx_word' id='word_1_129' title='bbox 546 2125 572 2165; x_wconf 88' lang='lat' dir='ltr'>et</span> <span class='ocrx_word' id='word_1_130' title='bbox 591 2115 613 2164; x_wconf 91' lang='lat' dir='ltr'>si</span> <span class='ocrx_word' id='word_1_131' title='bbox 635 2130 690 2165; x_wconf 92' lang='lat' dir='ltr'>non</span> 
     </span>
     <span class='ocr_line' id='line_1_27' title="bbox 162 2185 692 2249; baseline -0.004 -11"><span class='ocrx_word' id='word_1_132' title='bbox 162 2189 225 2249; x_wconf 90' lang='lat' dir='ltr'>mei,</span> <span class='ocrx_word' id='word_1_133' title='bbox 240 2188 333 2238; x_wconf 89' lang='lat' dir='ltr'>saltem</span> <span class='ocrx_word' id='word_1_134' title='bbox 347 2186 428 2238; x_wconf 90' lang='lat' dir='ltr'>vestri</span> <span class='ocrx_word' id='word_1_135' title='bbox 448 2185 624 2237; x_wconf 87' lang='lat' dir='ltr'>miseremini.</span> <span class='ocrx_word' id='word_1_136' title='bbox 637 2206 650 2234; x_wconf 77' lang='lat' dir='ltr'>n</span> <span class='ocrx_word' id='word_1_137' title='bbox 660 2189 692 2238; x_wconf 86' lang='lat' dir='ltr'>Et</span> 
     </span>
     <span class='ocr_line' id='line_1_28' title="bbox 162 2259 691 2319; baseline 0.002 -9"><span class='ocrx_word' id='word_1_138' title='bbox 162 2260 261 2311; x_wconf 89' lang='lat' dir='ltr'>iterum</span> <span class='ocrx_word' id='word_1_139' title='bbox 277 2277 283 2310; x_wconf 91' lang='lat'>:</span> <span class='ocrx_word' id='word_1_140' title='bbox 301 2259 352 2310; x_wconf 74' lang='lat'>«0</span> <span class='ocrx_word' id='word_1_141' title='bbox 378 2261 449 2309; x_wconf 90' lang='lat' dir='ltr'>bone</span> <span class='ocrx_word' id='word_1_142' title='bbox 470 2260 543 2319; x_wconf 86' lang='lat' dir='ltr'>lesu,</span> <span class='ocrx_word' id='word_1_143' title='bbox 567 2274 691 2311; x_wconf 87' lang='lat' dir='ltr'>coronam</span> 
     </span>
     <span class='ocr_line' id='line_1_29' title="bbox 161 2330 692 2398; baseline -0.004 -16"><span class='ocrx_word' id='word_1_144' title='bbox 161 2332 283 2398; x_wconf 90' lang='lat' dir='ltr'>spineam</span> <span class='ocrx_word' id='word_1_145' title='bbox 300 2330 428 2389; x_wconf 88' lang='lat' dir='ltr'>sustines,</span> <span class='ocrx_word' id='word_1_146' title='bbox 443 2330 476 2380; x_wconf 90' lang='lat' dir='ltr'>de</span> <span class='ocrx_word' id='word_1_147' title='bbox 500 2341 546 2381; x_wconf 89' lang='lat' dir='ltr'>tua</span> <span class='ocrx_word' id='word_1_148' title='bbox 564 2346 651 2390; x_wconf 89' lang='lat' dir='ltr'>cruce,</span> <span class='ocrx_word' id='word_1_149' title='bbox 667 2341 692 2380; x_wconf 91' lang='lat' dir='ltr'>et</span> 
     </span>
     <span class='ocr_line' id='line_1_30' title="bbox 160 2403 692 2469; baseline -0.002 -16"><span class='ocrx_word' id='word_1_150' title='bbox 160 2405 194 2454; x_wconf 92' lang='lat' dir='ltr'>de</span> <span class='ocrx_word' id='word_1_151' title='bbox 220 2404 380 2454; x_wconf 89' lang='lat' dir='ltr'>vulneribus</span> <span class='ocrx_word' id='word_1_152' title='bbox 407 2403 461 2453; x_wconf 91' lang='lat' dir='ltr'>tuis</span> <span class='ocrx_word' id='word_1_153' title='bbox 486 2413 566 2464; x_wconf 87' lang='lat' dir='ltr'>taces,</span> <span class='ocrx_word' id='word_1_154' title='bbox 595 2414 620 2453; x_wconf 93' lang='lat' dir='ltr'>et</span> <span class='ocrx_word' id='word_1_155' title='bbox 644 2419 692 2469; x_wconf 92' lang='lat' dir='ltr'>pro</span> 
     </span>
     <span class='ocr_line' id='line_1_31' title="bbox 161 2475 691 2538; baseline -0.002 -13"><span class='ocrx_word' id='word_1_156' title='bbox 161 2477 218 2526; x_wconf 90' lang='lat' dir='ltr'>sola</span> <span class='ocrx_word' id='word_1_157' title='bbox 233 2475 277 2525; x_wconf 92' lang='lat' dir='ltr'>siti</span> <span class='ocrx_word' id='word_1_158' title='bbox 292 2477 399 2535; x_wconf 88' lang='lat' dir='ltr'>clamas,</span> <span class='ocrx_word' id='word_1_159' title='bbox 412 2475 512 2538; x_wconf 89' lang='lat' dir='ltr'>dicens,</span> <span class='ocrx_word' id='word_1_160' title='bbox 530 2475 603 2525; x_wconf 82' lang='lat' dir='ltr'>sitio.</span> <span class='ocrx_word' id='word_1_161' title='bbox 620 2475 691 2535; x_wconf 90' lang='lat' dir='ltr'>Quid</span> 
     </span>
     <span class='ocr_line' id='line_1_32' title="bbox 161 2545 692 2611; baseline 0 -16"><span class='ocrx_word' id='word_1_162' title='bbox 161 2560 225 2611; x_wconf 86' lang='lat' dir='ltr'>ergo</span> <span class='ocrx_word' id='word_1_163' title='bbox 241 2545 319 2596; x_wconf 84' lang='lat' dir='ltr'>sitis?</span> <span class='ocrx_word' id='word_1_164' title='bbox 337 2547 415 2596; x_wconf 87' lang='lat' dir='ltr'>Certe</span> <span class='ocrx_word' id='word_1_165' title='bbox 429 2546 514 2595; x_wconf 90' lang='lat' dir='ltr'>solam</span> <span class='ocrx_word' id='word_1_166' title='bbox 527 2545 692 2610; x_wconf 89' lang='lat' dir='ltr'>redemptio-</span> 
     </span>
     <span class='ocr_line' id='line_1_33' title="bbox 162 2615 692 2680; baseline 0 -16"><span class='ocrx_word' id='word_1_167' title='bbox 162 2630 225 2665; x_wconf 90' lang='lat' dir='ltr'>nem</span> <span class='ocrx_word' id='word_1_168' title='bbox 248 2615 379 2677; x_wconf 90' lang='lat' dir='ltr'>hominis,</span> <span class='ocrx_word' id='word_1_169' title='bbox 399 2626 424 2665; x_wconf 90' lang='lat' dir='ltr'>et</span> <span class='ocrx_word' id='word_1_170' title='bbox 444 2615 572 2680; x_wconf 89' lang='lat' dir='ltr'>gaudium</span> <span class='ocrx_word' id='word_1_171' title='bbox 592 2615 692 2664; x_wconf 90' lang='lat' dir='ltr'>huma-</span> 
     </span>
     <span class='ocr_line' id='line_1_34' title="bbox 162 2687 693 2752; baseline -0.004 -15"><span class='ocrx_word' id='word_1_172' title='bbox 162 2702 203 2737; x_wconf 84' lang='lat' dir='ltr'>nae</span> <span class='ocrx_word' id='word_1_173' title='bbox 218 2687 322 2737; x_wconf 90' lang='lat' dir='ltr'>salutis.</span> <span class='ocrx_word' id='word_1_174' title='bbox 335 2707 349 2735; x_wconf 73' lang='lat' dir='ltr'>i&gt;</span> <span class='ocrx_word' id='word_1_175' title='bbox 365 2688 414 2737; x_wconf 89' lang='lat' dir='ltr'>Per</span> <span class='ocrx_word' id='word_1_176' title='bbox 427 2687 478 2736; x_wconf 92' lang='lat' dir='ltr'>hoc</span> <span class='ocrx_word' id='word_1_177' title='bbox 491 2687 604 2736; x_wconf 89' lang='lat' dir='ltr'>verbum</span> <span class='ocrx_word' id='word_1_178' title='bbox 615 2687 693 2752; x_wconf 92' lang='lat' dir='ltr'>quin-</span> 
     </span>
     <span class='ocr_line' id='line_1_35' title="bbox 160 2759 691 2820; baseline -0.006 -10"><span class='ocrx_word' id='word_1_179' title='bbox 160 2770 241 2820; x_wconf 91' lang='lat' dir='ltr'>tum,</span> <span class='ocrx_word' id='word_1_180' title='bbox 268 2759 396 2809; x_wconf 86' lang='lat' dir='ltr'>docemur</span> <span class='ocrx_word' id='word_1_181' title='bbox 422 2759 535 2808; x_wconf 86' lang='lat' dir='ltr'>salutern</span> <span class='ocrx_word' id='word_1_182' title='bbox 573 2768 691 2808; x_wconf 87' lang='lat' dir='ltr'>nostram</span> 
     </span>
     <span class='ocr_line' id='line_1_36' title="bbox 160 2831 693 2898; baseline 0 -16"><span class='ocrx_word' id='word_1_183' title='bbox 160 2833 322 2892; x_wconf 86' lang='lat' dir='ltr'>desiderare,</span> <span class='ocrx_word' id='word_1_184' title='bbox 338 2843 364 2882; x_wconf 92' lang='lat' dir='ltr'>et</span> <span class='ocrx_word' id='word_1_185' title='bbox 377 2831 603 2881; x_wconf 70' lang='lat' dir='ltr'>aeternam‘vitam</span> <span class='ocrx_word' id='word_1_186' title='bbox 617 2846 693 2898; x_wconf 89' lang='lat' dir='ltr'>appe-</span> 
     </span>
     <span class='ocr_line' id='line_1_37' title="bbox 161 2902 691 2969; baseline -0.006 -13"><span class='ocrx_word' id='word_1_187' title='bbox 161 2917 225 2956; x_wconf 91' lang='lat' dir='ltr'>tere.</span> <span class='ocrx_word' id='word_1_188' title='bbox 241 2904 319 2955; x_wconf 90' lang='lat' dir='ltr'>Unde</span> <span class='ocrx_word' id='word_1_189' title='bbox 327 2902 497 2969; x_wconf 79' lang='lat' dir='ltr'>Augustinus</span> <span class='ocrx_word' id='word_1_190' title='bbox 512 2919 520 2952; x_wconf 94' lang='lat'>.·</span> <span class='ocrx_word' id='word_1_191' title='bbox 535 2920 549 2948; x_wconf 79' lang='lat' dir='ltr'>a</span> <span class='ocrx_word' id='word_1_192' title='bbox 564 2902 691 2966; x_wconf 75' lang='lat' dir='ltr'>Adiecisti</span> 
     </span>
     <span class='ocr_line' id='line_1_38' title="bbox 161 2972 691 3036; baseline -0.004 -9"><span class='ocrx_word' id='word_1_193' title='bbox 161 2976 254 3036; x_wconf 85' lang='lat' dir='ltr'>etiarn,</span> <span class='ocrx_word' id='word_1_194' title='bbox 270 2975 385 3025; x_wconf 89' lang='lat' dir='ltr'>Domine</span> <span class='ocrx_word' id='word_1_195' title='bbox 403 2974 466 3024; x_wconf 87' lang='lat' dir='ltr'>Jesu</span> <span class='ocrx_word' id='word_1_196' title='bbox 489 2972 606 3033; x_wconf 91' lang='lat' dir='ltr'>Christe,</span> <span class='ocrx_word' id='word_1_197' title='bbox 619 2974 691 3025; x_wconf 86' lang='lat' dir='ltr'>sitio.</span> 
     </span>
     <span class='ocr_line' id='line_1_39' title="bbox 162 3044 692 3109; baseline -0.006 -12"><span class='ocrx_word' id='word_1_198' title='bbox 162 3048 236 3109; x_wconf 89' lang='lat' dir='ltr'>Quid</span> <span class='ocrx_word' id='word_1_199' title='bbox 257 3046 328 3107; x_wconf 89' lang='lat' dir='ltr'>sitis,</span> <span class='ocrx_word' id='word_1_200' title='bbox 346 3044 463 3096; x_wconf 91' lang='lat' dir='ltr'>Domine</span> <span class='ocrx_word' id='word_1_201' title='bbox 482 3044 565 3094; x_wconf 80' lang='lat' dir='ltr'>Jesu?</span> <span class='ocrx_word' id='word_1_202' title='bbox 589 3045 692 3095; x_wconf 91' lang='lat' dir='ltr'>Vinum</span> 
     </span>
     <span class='ocr_line' id='line_1_40' title="bbox 161 3116 693 3185; baseline -0.006 -14"><span class='ocrx_word' id='word_1_203' title='bbox 161 3121 195 3171; x_wconf 91' lang='lat' dir='ltr'>de</span> <span class='ocrx_word' id='word_1_204' title='bbox 217 3122 279 3182; x_wconf 87' lang='lat' dir='ltr'>vite,</span> <span class='ocrx_word' id='word_1_205' title='bbox 307 3129 354 3171; x_wconf 93' lang='lat' dir='ltr'>aut</span> <span class='ocrx_word' id='word_1_206' title='bbox 384 3133 483 3185; x_wconf 90' lang='lat' dir='ltr'>aquam</span> <span class='ocrx_word' id='word_1_207' title='bbox 505 3119 537 3168; x_wconf 93' lang='lat' dir='ltr'>de</span> <span class='ocrx_word' id='word_1_208' title='bbox 563 3116 693 3169; x_wconf 76' lang='lat' dir='ltr'>flumine?</span> 
     </span>
     <span class='ocr_line' id='line_1_41' title="bbox 161 3191 692 3256; baseline -0.002 -13"><span class='ocrx_word' id='word_1_209' title='bbox 161 3193 229 3244; x_wconf 87' lang='lat' dir='ltr'>Sitis</span> <span class='ocrx_word' id='word_1_210' title='bbox 248 3203 302 3253; x_wconf 94' lang='lat' dir='ltr'>tua,</span> <span class='ocrx_word' id='word_1_211' title='bbox 324 3194 398 3244; x_wconf 88' lang='lat' dir='ltr'>salus</span> <span class='ocrx_word' id='word_1_212' title='bbox 421 3207 493 3256; x_wconf 89' lang='lat' dir='ltr'>mea;</span> <span class='ocrx_word' id='word_1_213' title='bbox 518 3191 595 3242; x_wconf 93' lang='lat' dir='ltr'>cibus</span> <span class='ocrx_word' id='word_1_214' title='bbox 619 3202 692 3254; x_wconf 90' lang='lat' dir='ltr'>tuus,</span> 
     </span>
     <span class='ocr_line' id='line_1_42' title="bbox 161 3263 693 3331; baseline -0.002 -15"><span class='ocrx_word' id='word_1_215' title='bbox 161 3266 311 3331; x_wconf 88' lang='lat' dir='ltr'>redemptio</span> <span class='ocrx_word' id='word_1_216' title='bbox 333 3280 402 3316; x_wconf 89' lang='lat' dir='ltr'>mea.</span> <span class='ocrx_word' id='word_1_217' title='bbox 424 3264 472 3314; x_wconf 92' lang='lat' dir='ltr'>Siti</span> <span class='ocrx_word' id='word_1_218' title='bbox 493 3263 587 3330; x_wconf 88' lang='lat' dir='ltr'>igitur,</span> <span class='ocrx_word' id='word_1_219' title='bbox 603 3264 693 3315; x_wconf 89' lang='lat' dir='ltr'>anima</span> 
     </span>
     <span class='ocr_line' id='line_1_43' title="bbox 161 3335 694 3399; baseline 0 -13"><span class='ocrx_word' id='word_1_220' title='bbox 161 3351 231 3399; x_wconf 84' lang='lat' dir='ltr'>mea,</span> <span class='ocrx_word' id='word_1_221' title='bbox 253 3347 280 3387; x_wconf 88' lang='lat' dir='ltr'>et</span> <span class='ocrx_word' id='word_1_222' title='bbox 308 3337 439 3398; x_wconf 89' lang='lat' dir='ltr'>desidera,</span> <span class='ocrx_word' id='word_1_223' title='bbox 462 3335 531 3385; x_wconf 93' lang='lat' dir='ltr'>sicut</span> <span class='ocrx_word' id='word_1_224' title='bbox 558 3335 694 3386; x_wconf 84' lang='lat' dir='ltr'>desiderat</span> 
     </span>
     <span class='ocr_line' id='line_1_44' title="bbox 162 3405 693 3471; baseline 0.002 -16"><span class='ocrx_word' id='word_1_225' title='bbox 162 3421 256 3456; x_wconf 88' lang='lat' dir='ltr'>cervus</span> <span class='ocrx_word' id='word_1_226' title='bbox 277 3406 309 3456; x_wconf 88' lang='lat' dir='ltr'>ad</span> <span class='ocrx_word' id='word_1_227' title='bbox 333 3405 423 3456; x_wconf 88' lang='lat' dir='ltr'>fontes</span> <span class='ocrx_word' id='word_1_228' title='bbox 444 3420 586 3471; x_wconf 88' lang='lat' dir='ltr'>aquarum,</span> <span class='ocrx_word' id='word_1_229' title='bbox 615 3406 693 3457; x_wconf 93' lang='lat' dir='ltr'>illum</span> 
     </span>
    </p>
   </div>
   <div class='ocr_carea' id='block_1_6' title="bbox 160 3475 715 3547">
    <p class='ocr_par' dir='ltr' id='par_1_6' title="bbox 160 3475 715 3547">
     <span class='ocr_line' id='line_1_45' title="bbox 160 3475 715 3547; baseline 0.007 -23"><span class='ocrx_word' id='word_1_230' title='bbox 160 3475 288 3526; x_wconf 86' lang='lat' dir='ltr'>videlicet</span> <span class='ocrx_word' id='word_1_231' title='bbox 299 3475 346 3543; x_wconf 92' lang='lat' dir='ltr'>qui</span> <span class='ocrx_word' id='word_1_232' title='bbox 359 3475 446 3526; x_wconf 91' lang='lat' dir='ltr'>sitivit</span> <span class='ocrx_word' id='word_1_233' title='bbox 457 3485 491 3526; x_wconf 90' lang='lat' dir='ltr'>te.</span> <span class='ocrx_word' id='word_1_234' title='bbox 502 3477 600 3526; x_wconf 93' lang='lat' dir='ltr'>Nonne</span> <span class='ocrx_word' id='word_1_235' title='bbox 614 3478 694 3528; x_wconf 83' lang='lat' dir='ltr'>taedet</span> <span class='ocrx_word' id='word_1_236' title='bbox 708 3532 715 3547; x_wconf 77' lang='lat'>.</span> 
     </span>
    </p>
   </div>
   <div class='ocr_carea' id='block_1_7' title="bbox 115 3545 693 3969">
    <p class='ocr_par' dir='ltr' id='par_1_7' title="bbox 115 3545 693 3833">
     <span class='ocr_line' id='line_1_46' title="bbox 162 3545 691 3612; baseline 0.004 -17"><span class='ocrx_word' id='word_1_237' title='bbox 162 3554 197 3606; x_wconf 84' lang='lat' dir='ltr'>te,</span> <span class='ocrx_word' id='word_1_238' title='bbox 219 3547 310 3596; x_wconf 86' lang='lat' dir='ltr'>anima</span> <span class='ocrx_word' id='word_1_239' title='bbox 332 3562 402 3610; x_wconf 88' lang='lat' dir='ltr'>mea,</span> <span class='ocrx_word' id='word_1_240' title='bbox 425 3545 600 3612; x_wconf 81' lang='lat' dir='ltr'>intemperies</span> <span class='ocrx_word' id='word_1_241' title='bbox 614 3546 691 3610; x_wconf 85' lang='lat' dir='ltr'>aeris,</span> 
     </span>
     <span class='ocr_line' id='line_1_47' title="bbox 161 3617 693 3685; baseline 0.006 -19"><span class='ocrx_word' id='word_1_242' title='bbox 161 3617 288 3667; x_wconf 89' lang='lat' dir='ltr'>molestia</span> <span class='ocrx_word' id='word_1_243' title='bbox 311 3619 408 3678; x_wconf 91' lang='lat' dir='ltr'>carnis,</span> <span class='ocrx_word' id='word_1_244' title='bbox 430 3628 456 3668; x_wconf 91' lang='lat' dir='ltr'>et</span> <span class='ocrx_word' id='word_1_245' title='bbox 490 3618 578 3669; x_wconf 91' lang='lat' dir='ltr'>cordis</span> <span class='ocrx_word' id='word_1_246' title='bbox 602 3635 693 3685; x_wconf 88' lang='lat' dir='ltr'>pugna</span> 
     </span>
     <span class='ocr_line' id='line_1_48' title="bbox 160 3689 693 3752; baseline 0.004 -13"><span class='ocrx_word' id='word_1_247' title='bbox 160 3704 223 3740; x_wconf 88' lang='lat' dir='ltr'>cum</span> <span class='ocrx_word' id='word_1_248' title='bbox 238 3689 321 3751; x_wconf 89' lang='lat' dir='ltr'>vitiis,</span> <span class='ocrx_word' id='word_1_249' title='bbox 332 3691 446 3741; x_wconf 89' lang='lat' dir='ltr'>varietas</span> <span class='ocrx_word' id='word_1_250' title='bbox 459 3690 560 3752; x_wconf 73' lang='lat' dir='ltr'>forma,</span> <span class='ocrx_word' id='word_1_251' title='bbox 579 3691 693 3742; x_wconf 91' lang='lat' dir='ltr'>mutatio</span> 
     </span>
     <span class='ocr_line' id='line_1_49' title="bbox 115 3760 693 3833; baseline 0.002 -22"><span class='ocrx_word' id='word_1_252' title='bbox 115 3829 117 3833; x_wconf 28' lang='grc' dir='ltr'>Ι</span> <span class='ocrx_word' id='word_1_253' title='bbox 161 3771 188 3811; x_wconf 90' lang='lat' dir='ltr'>et</span> <span class='ocrx_word' id='word_1_254' title='bbox 202 3760 362 3812; x_wconf 86' lang='lat' dir='ltr'>incertitudo</span> <span class='ocrx_word' id='word_1_255' title='bbox 378 3763 518 3828; x_wconf 90' lang='lat' dir='ltr'>temporis,</span> <span class='ocrx_word' id='word_1_256' title='bbox 534 3761 693 3829; x_wconf 80' lang='lat' dir='ltr'>exspectatio</span> 
     </span>
    </p>

    <p class='ocr_par' dir='ltr' id='par_1_8' title="bbox 161 3832 693 3969">
     <span class='ocr_line' id='line_1_50' title="bbox 161 3832 692 3898; baseline -0.004 -13"><span class='ocrx_word' id='word_1_257' title='bbox 161 3841 188 3885; x_wconf 86' lang='lat' dir='ltr'>et</span> <span class='ocrx_word' id='word_1_258' title='bbox 208 3833 291 3883; x_wconf 90' lang='lat' dir='ltr'>timor</span> <span class='ocrx_word' id='word_1_259' title='bbox 312 3832 426 3883; x_wconf 82' lang='lat' dir='ltr'>mortis?</span> <span class='ocrx_word' id='word_1_260' title='bbox 448 3833 503 3883; x_wconf 89' lang='lat' dir='ltr'>Cur</span> <span class='ocrx_word' id='word_1_261' title='bbox 524 3832 608 3898; x_wconf 91' lang='lat' dir='ltr'>igitur</span> <span class='ocrx_word' id='word_1_262' title='bbox 637 3849 692 3883; x_wconf 91' lang='lat' dir='ltr'>non</span> 
     </span>
     <span class='ocr_line' id='line_1_51' title="bbox 161 3902 693 3969; baseline -0.002 -14"><span class='ocrx_word' id='word_1_263' title='bbox 161 3903 238 3969; x_wconf 89' lang='lat' dir='ltr'>cupis</span> <span class='ocrx_word' id='word_1_264' title='bbox 249 3902 370 3964; x_wconf 88' lang='lat' dir='ltr'>dissolvi,</span> <span class='ocrx_word' id='word_1_265' title='bbox 384 3913 410 3954; x_wconf 89' lang='lat' dir='ltr'>et</span> <span class='ocrx_word' id='word_1_266' title='bbox 423 3918 481 3954; x_wconf 88' lang='lat' dir='ltr'>esse</span> <span class='ocrx_word' id='word_1_267' title='bbox 491 3918 553 3953; x_wconf 87' lang='lat' dir='ltr'>cum</span> <span class='ocrx_word' id='word_1_268' title='bbox 564 3903 693 3954; x_wconf 70' lang='lat' dir='ltr'>Christo?</span> 
     </span>
    </p>
   </div>
   <div class='ocr_carea' id='block_1_8' title="bbox 422 287 977 345">
    <p class='ocr_par' dir='ltr' id='par_1_9' title="bbox 422 287 977 345">
     <span class='ocr_line' id='line_1_52' title="bbox 422 287 977 345; baseline -0.009 0"><span class='ocrx_word' id='word_1_269' title='bbox 422 291 596 345; x_wconf 82' lang='lat' dir='ltr'>SECUNDAE</span> <span class='ocrx_word' id='word_1_270' title='bbox 612 287 736 339; x_wconf 76' lang='lat' dir='ltr'>Paatts</span> <span class='ocrx_word' id='word_1_271' title='bbox 753 289 871 342; x_wconf 84' lang='lat' dir='ltr'>CAPUT</span> <span class='ocrx_word' id='word_1_272' title='bbox 887 290 977 341; x_wconf 84' lang='lat' dir='ltr'>LXlll.</span> 
     </span>
    </p>
   </div>
   <div class='ocr_carea' id='block_1_9' title="bbox 743 404 1290 3971">
    <p class='ocr_par' dir='ltr' id='par_1_10' title="bbox 743 404 1290 1952">
     <span class='ocr_line' id='line_1_53' title="bbox 748 404 1267 466; baseline 0 -11"><span class='ocrx_word' id='word_1_273' title='bbox 748 404 803 455; x_wconf 90' lang='lat' dir='ltr'>Cur</span> <span class='ocrx_word' id='word_1_274' title='bbox 827 414 854 456; x_wconf 91' lang='lat' dir='ltr'>te</span> <span class='ocrx_word' id='word_1_275' title='bbox 878 406 993 456; x_wconf 89' lang='lat' dir='ltr'>retardat</span> <span class='ocrx_word' id='word_1_276' title='bbox 1014 405 1068 456; x_wconf 90' lang='lat' dir='ltr'>vita</span> <span class='ocrx_word' id='word_1_277' title='bbox 1094 405 1226 466; x_wconf 81' lang='lat' dir='ltr'>mortalis,</span> <span class='ocrx_word' id='word_1_278' title='bbox 1245 414 1267 457; x_wconf 84' lang='lat' dir='ltr'>et</span> 
     </span>
     <span class='ocr_line' id='line_1_54' title="bbox 748 476 1266 544; baseline 0.008 -19"><span class='ocrx_word' id='word_1_279' title='bbox 748 493 801 526; x_wconf 90' lang='lat' dir='ltr'>non</span> <span class='ocrx_word' id='word_1_280' title='bbox 819 487 944 544; x_wconf 88' lang='lat' dir='ltr'>provocat</span> <span class='ocrx_word' id='word_1_281' title='bbox 964 487 990 527; x_wconf 89' lang='lat' dir='ltr'>te</span> <span class='ocrx_word' id='word_1_282' title='bbox 1008 477 1063 527; x_wconf 82' lang='lat' dir='ltr'>vita</span> <span class='ocrx_word' id='word_1_283' title='bbox 1077 476 1175 538; x_wconf 89' lang='lat' dir='ltr'>vitalis,</span> <span class='ocrx_word' id='word_1_284' title='bbox 1192 477 1266 529; x_wconf 82' lang='lat' dir='ltr'>beati·</span> 
     </span>
     <span class='ocr_line' id='line_1_55' title="bbox 746 549 1267 613; baseline 0.002 -13"><span class='ocrx_word' id='word_1_285' title='bbox 746 550 812 600; x_wconf 90' lang='lat' dir='ltr'>tudo</span> <span class='ocrx_word' id='word_1_286' title='bbox 839 549 959 610; x_wconf 85' lang='lat' dir='ltr'>fontalis,</span> <span class='ocrx_word' id='word_1_287' title='bbox 983 549 1095 600; x_wconf 89' lang='lat' dir='ltr'>societas</span> <span class='ocrx_word' id='word_1_288' title='bbox 1124 559 1150 599; x_wconf 88' lang='lat' dir='ltr'>et</span> <span class='ocrx_word' id='word_1_289' title='bbox 1187 549 1267 613; x_wconf 77' lang='lat' dir='ltr'>laetitia</span> 
     </span>
     <span class='ocr_line' id='line_1_56' title="bbox 745 618 1268 686; baseline 0.002 -16"><span class='ocrx_word' id='word_1_290' title='bbox 745 619 914 686; x_wconf 81' lang='lat' dir='ltr'>spiritualis?</span> <span class='ocrx_word' id='word_1_291' title='bbox 931 619 1058 670; x_wconf 90' lang='lat' dir='ltr'>Desidera</span> <span class='ocrx_word' id='word_1_292' title='bbox 1068 618 1167 684; x_wconf 89' lang='lat' dir='ltr'>igitur,</span> <span class='ocrx_word' id='word_1_293' title='bbox 1182 629 1209 670; x_wconf 92' lang='lat' dir='ltr'>et</span> <span class='ocrx_word' id='word_1_294' title='bbox 1218 636 1268 671; x_wconf 79' lang='lat' dir='ltr'>con</span> 
     </span>
     <span class='ocr_line' id='line_1_57' title="bbox 745 689 1266 758; baseline 0.004 -18"><span class='ocrx_word' id='word_1_295' title='bbox 745 691 833 741; x_wconf 89' lang='lat' dir='ltr'>sidera</span> <span class='ocrx_word' id='word_1_296' title='bbox 848 706 930 758; x_wconf 90' lang='lat' dir='ltr'>quam</span> <span class='ocrx_word' id='word_1_297' title='bbox 943 706 1039 757; x_wconf 88' lang='lat' dir='ltr'>magna</span> <span class='ocrx_word' id='word_1_298' title='bbox 1050 689 1199 742; x_wconf 91' lang='lat' dir='ltr'>multitudo</span> <span class='ocrx_word' id='word_1_299' title='bbox 1213 691 1266 742; x_wconf 90' lang='lat' dir='ltr'>dul-</span> 
     </span>
     <span class='ocr_line' id='line_1_58' title="bbox 744 760 1267 827; baseline 0.006 -17"><span class='ocrx_word' id='word_1_300' title='bbox 744 760 847 811; x_wconf 86' lang='lat' dir='ltr'>cedinis</span> <span class='ocrx_word' id='word_1_301' title='bbox 869 770 931 824; x_wconf 84' lang='lat' dir='ltr'>tuae,</span> <span class='ocrx_word' id='word_1_302' title='bbox 961 776 1043 827; x_wconf 91' lang='lat' dir='ltr'>quam</span> <span class='ocrx_word' id='word_1_303' title='bbox 1067 761 1186 827; x_wconf 89' lang='lat' dir='ltr'>gloriosa</span> <span class='ocrx_word' id='word_1_304' title='bbox 1207 762 1267 813; x_wconf 89' lang='lat' dir='ltr'>dicta</span> 
     </span>
     <span class='ocr_line' id='line_1_59' title="bbox 744 831 1266 891; baseline 0.002 -9"><span class='ocrx_word' id='word_1_305' title='bbox 744 840 808 882; x_wconf 92' lang='lat' dir='ltr'>sunt</span> <span class='ocrx_word' id='word_1_306' title='bbox 824 833 856 882; x_wconf 94' lang='lat' dir='ltr'>de</span> <span class='ocrx_word' id='word_1_307' title='bbox 870 831 984 883; x_wconf 87' lang='lat' dir='ltr'>Civitate</span> <span class='ocrx_word' id='word_1_308' title='bbox 999 831 1057 891; x_wconf 90' lang='lat' dir='ltr'>Dei,</span> <span class='ocrx_word' id='word_1_309' title='bbox 1073 833 1171 883; x_wconf 91' lang='lat' dir='ltr'>ubiest</span> <span class='ocrx_word' id='word_1_310' title='bbox 1187 833 1266 883; x_wconf 89' lang='lat' dir='ltr'>lumen</span> 
     </span>
     <span class='ocr_line' id='line_1_60' title="bbox 743 903 1268 966; baseline 0.006 -12"><span class='ocrx_word' id='word_1_311' title='bbox 743 903 815 964; x_wconf 88' lang='lat' dir='ltr'>vitae,</span> <span class='ocrx_word' id='word_1_312' title='bbox 831 903 892 954; x_wconf 89' lang='lat' dir='ltr'>fons</span> <span class='ocrx_word' id='word_1_313' title='bbox 906 904 990 954; x_wconf 92' lang='lat' dir='ltr'>totius</span> <span class='ocrx_word' id='word_1_314' title='bbox 1007 904 1168 966; x_wconf 88' lang='lat' dir='ltr'>dulcedinis,</span> <span class='ocrx_word' id='word_1_315' title='bbox 1184 914 1210 956; x_wconf 90' lang='lat' dir='ltr'>et</span> <span class='ocrx_word' id='word_1_316' title='bbox 1221 906 1268 957; x_wconf 81' lang='lat' dir='ltr'>bes·</span> 
     </span>
     <span class='ocr_line' id='line_1_61' title="bbox 743 975 1266 1041; baseline 0.002 -15"><span class='ocrx_word' id='word_1_317' title='bbox 743 975 832 1026; x_wconf 90' lang='lat' dir='ltr'>titudo</span> <span class='ocrx_word' id='word_1_318' title='bbox 853 976 996 1041; x_wconf 88' lang='lat' dir='ltr'>utriusque</span> <span class='ocrx_word' id='word_1_319' title='bbox 1019 975 1160 1028; x_wconf 75' lang='lat' dir='ltr'>hominist</span> <span class='ocrx_word' id='word_1_320' title='bbox 1187 997 1202 1025; x_wconf 74' lang='lat' dir='ltr'>n</span> <span class='ocrx_word' id='word_1_321' title='bbox 1219 977 1266 1027; x_wconf 76' lang='lat' dir='ltr'>hec</span> 
     </span>
     <span class='ocr_line' id='line_1_62' title="bbox 743 1047 1267 1113; baseline 0 -15"><span class='ocrx_word' id='word_1_322' title='bbox 743 1048 924 1113; x_wconf 80' lang='lat' dir='ltr'>Augustinus.</span> <span class='ocrx_word' id='word_1_323' title='bbox 949 1048 979 1097; x_wconf 94' lang='lat' dir='ltr'>ln</span> <span class='ocrx_word' id='word_1_324' title='bbox 1004 1048 1056 1097; x_wconf 89' lang='lat' dir='ltr'>hoc</span> <span class='ocrx_word' id='word_1_325' title='bbox 1079 1058 1172 1098; x_wconf 91' lang='lat' dir='ltr'>autem</span> <span class='ocrx_word' id='word_1_326' title='bbox 1195 1047 1267 1099; x_wconf 86' lang='lat' dir='ltr'>verbo</span> 
     </span>
     <span class='ocr_line' id='line_1_63' title="bbox 744 1116 1268 1184; baseline 0.002 -16"><span class='ocrx_word' id='word_1_327' title='bbox 744 1117 854 1168; x_wconf 91' lang='lat' dir='ltr'>Domini</span> <span class='ocrx_word' id='word_1_328' title='bbox 870 1116 922 1168; x_wconf 89' lang='lat' dir='ltr'>fuit</span> <span class='ocrx_word' id='word_1_329' title='bbox 937 1133 1033 1184; x_wconf 88' lang='lat' dir='ltr'>magna</span> <span class='ocrx_word' id='word_1_330' title='bbox 1047 1118 1200 1184; x_wconf 86' lang='lat' dir='ltr'>compassio</span> <span class='ocrx_word' id='word_1_331' title='bbox 1218 1119 1268 1169; x_wconf 82' lang='lat' dir='ltr'>Ma·</span> 
     </span>
     <span class='ocr_line' id='line_1_64' title="bbox 744 1190 1266 1254; baseline 0.002 -14"><span class='ocrx_word' id='word_1_332' title='bbox 744 1191 803 1251; x_wconf 89' lang='lat' dir='ltr'>rtis,</span> <span class='ocrx_word' id='word_1_333' title='bbox 827 1201 853 1241; x_wconf 90' lang='lat' dir='ltr'>et</span> <span class='ocrx_word' id='word_1_334' title='bbox 868 1190 1000 1241; x_wconf 88' lang='lat' dir='ltr'>sociarum</span> <span class='ocrx_word' id='word_1_335' title='bbox 1022 1192 1089 1254; x_wconf 85' lang='lat' dir='ltr'>ejus,</span> <span class='ocrx_word' id='word_1_336' title='bbox 1109 1201 1136 1242; x_wconf 91' lang='lat' dir='ltr'>et</span> <span class='ocrx_word' id='word_1_337' title='bbox 1149 1190 1266 1252; x_wconf 79' lang='lat' dir='ltr'>Joannia3</span> 
     </span>
     <span class='ocr_line' id='line_1_65' title="bbox 744 1261 1266 1328; baseline -0.002 -16"><span class='ocrx_word' id='word_1_338' title='bbox 744 1272 770 1312; x_wconf 92' lang='lat' dir='ltr'>et</span> <span class='ocrx_word' id='word_1_339' title='bbox 783 1261 900 1311; x_wconf 90' lang='lat' dir='ltr'>maxima</span> <span class='ocrx_word' id='word_1_340' title='bbox 915 1261 1058 1312; x_wconf 84' lang='lat' dir='ltr'>exsultatio</span> <span class='ocrx_word' id='word_1_341' title='bbox 1073 1261 1128 1312; x_wconf 89' lang='lat' dir='ltr'>illis</span> <span class='ocrx_word' id='word_1_342' title='bbox 1142 1261 1266 1328; x_wconf 85' lang='lat' dir='ltr'>pessimis.</span> 
     </span>
     <span class='ocr_line' id='line_1_66' title="bbox 744 1333 1267 1400; baseline 0.002 -17"><span class='ocrx_word' id='word_1_343' title='bbox 744 1334 812 1383; x_wconf 92' lang='lat' dir='ltr'>Nam</span> <span class='ocrx_word' id='word_1_344' title='bbox 826 1333 887 1384; x_wconf 92' lang='lat' dir='ltr'>licet</span> <span class='ocrx_word' id='word_1_345' title='bbox 903 1333 1001 1398; x_wconf 83' lang='lat' dir='ltr'>exponi</span> <span class='ocrx_word' id='word_1_346' title='bbox 1017 1334 1103 1398; x_wconf 91' lang='lat' dir='ltr'>possit</span> <span class='ocrx_word' id='word_1_347' title='bbox 1115 1334 1191 1400; x_wconf 91' lang='lat' dir='ltr'>quod</span> <span class='ocrx_word' id='word_1_348' title='bbox 1202 1333 1267 1384; x_wconf 86' lang='lat' dir='ltr'>sitie-</span> 
     </span>
     <span class='ocr_line' id='line_1_67' title="bbox 746 1404 1268 1467; baseline 0 -14"><span class='ocrx_word' id='word_1_349' title='bbox 746 1404 790 1453; x_wconf 88' lang='lat' dir='ltr'>bat</span> <span class='ocrx_word' id='word_1_350' title='bbox 816 1405 947 1467; x_wconf 84' lang='lat' dir='ltr'>salutem‚</span> <span class='ocrx_word' id='word_1_351' title='bbox 978 1415 1068 1454; x_wconf 86' lang='lat' dir='ltr'>tamen</span> <span class='ocrx_word' id='word_1_352' title='bbox 1095 1405 1128 1455; x_wconf 89' lang='lat' dir='ltr'>ad</span> <span class='ocrx_word' id='word_1_353' title='bbox 1159 1405 1268 1456; x_wconf 82' lang='lat' dir='ltr'>litteram</span> 
     </span>
     <span class='ocr_line' id='line_1_68' title="bbox 745 1477 1267 1544; baseline -0.002 -16"><span class='ocrx_word' id='word_1_354' title='bbox 745 1477 879 1528; x_wconf 86' lang='lat' dir='ltr'>aestimare</span> <span class='ocrx_word' id='word_1_355' title='bbox 902 1488 978 1543; x_wconf 88' lang='lat' dir='ltr'>potes</span> <span class='ocrx_word' id='word_1_356' title='bbox 1005 1479 1079 1544; x_wconf 93' lang='lat' dir='ltr'>quod</span> <span class='ocrx_word' id='word_1_357' title='bbox 1110 1477 1138 1528; x_wconf 90' lang='lat' dir='ltr'>in</span> <span class='ocrx_word' id='word_1_358' title='bbox 1167 1478 1267 1530; x_wconf 86' lang='lat' dir='ltr'>veritate</span> 
     </span>
     <span class='ocr_line' id='line_1_69' title="bbox 745 1545 1268 1613; baseline -0.004 -15"><span class='ocrx_word' id='word_1_359' title='bbox 745 1546 862 1598; x_wconf 89' lang='lat' dir='ltr'>multum</span> <span class='ocrx_word' id='word_1_360' title='bbox 883 1547 1008 1611; x_wconf 55' lang='lat' dir='ltr'>sitiebam</span> <span class='ocrx_word' id='word_1_361' title='bbox 1032 1545 1096 1611; x_wconf 89' lang='lat' dir='ltr'>quia</span> <span class='ocrx_word' id='word_1_362' title='bbox 1108 1556 1216 1613; x_wconf 90' lang='lat' dir='ltr'>propter</span> <span class='ocrx_word' id='word_1_363' title='bbox 1228 1547 1268 1596; x_wconf 92' lang='lat' dir='ltr'>ni-</span> 
     </span>
     <span class='ocr_line' id='line_1_70' title="bbox 744 1616 1268 1682; baseline 0.006 -17"><span class='ocrx_word' id='word_1_364' title='bbox 744 1616 832 1666; x_wconf 91' lang='lat' dir='ltr'>mium</span> <span class='ocrx_word' id='word_1_365' title='bbox 854 1618 983 1678; x_wconf 90' lang='lat' dir='ltr'>laborem,</span> <span class='ocrx_word' id='word_1_366' title='bbox 1000 1627 1026 1667; x_wconf 85' lang='lat' dir='ltr'>et</span> <span class='ocrx_word' id='word_1_367' title='bbox 1043 1618 1187 1682; x_wconf 83' lang='lat' dir='ltr'>sanguinis</span> <span class='ocrx_word' id='word_1_368' title='bbox 1200 1632 1268 1668; x_wconf 86' lang='lat' dir='ltr'>ema·</span> 
     </span>
     <span class='ocr_line' id='line_1_71' title="bbox 744 1687 1290 1759; baseline -0.002 -22"><span class='ocrx_word' id='word_1_369' title='bbox 744 1687 890 1751; x_wconf 91' lang='lat' dir='ltr'>nationem,</span> <span class='ocrx_word' id='word_1_370' title='bbox 905 1698 977 1738; x_wconf 89' lang='lat' dir='ltr'>totus</span> <span class='ocrx_word' id='word_1_371' title='bbox 995 1687 1145 1737; x_wconf 85' lang='lat' dir='ltr'>desiccatus</span> <span class='ocrx_word' id='word_1_372' title='bbox 1160 1687 1235 1739; x_wconf 87' lang='lat' dir='ltr'>intus</span> <span class='ocrx_word' id='word_1_373' title='bbox 1248 1696 1271 1737; x_wconf 89' lang='lat' dir='ltr'>et</span> <span class='ocrx_word' id='word_1_374' title='bbox 1285 1750 1290 1759; x_wconf 36' lang='grc' dir='ltr'>Ι</span> 
     </span>
     <span class='ocr_line' id='line_1_72' title="bbox 744 1758 1271 1827; baseline -0.002 -18"><span class='ocrx_word' id='word_1_375' title='bbox 744 1758 874 1810; x_wconf 85' lang='lat' dir='ltr'>arefactus</span> <span class='ocrx_word' id='word_1_376' title='bbox 888 1769 914 1810; x_wconf 90' lang='lat' dir='ltr'>et</span> <span class='ocrx_word' id='word_1_377' title='bbox 923 1760 1033 1811; x_wconf 90' lang='lat' dir='ltr'>adustus</span> <span class='ocrx_word' id='word_1_378' title='bbox 1046 1770 1111 1820; x_wconf 91' lang='lat' dir='ltr'>erat,</span> <span class='ocrx_word' id='word_1_379' title='bbox 1126 1769 1153 1810; x_wconf 91' lang='lat' dir='ltr'>et</span> <span class='ocrx_word' id='word_1_380' title='bbox 1167 1769 1271 1827; x_wconf 87' lang='lat' dir='ltr'>propter</span> 
     </span>
     <span class='ocr_line' id='line_1_73' title="bbox 744 1831 1270 1899; baseline 0 -19"><span class='ocrx_word' id='word_1_381' title='bbox 744 1831 797 1881; x_wconf 91' lang='lat' dir='ltr'>hoc</span> <span class='ocrx_word' id='word_1_382' title='bbox 816 1831 923 1882; x_wconf 87' lang='lat' dir='ltr'>sitiebat</span> <span class='ocrx_word' id='word_1_383' title='bbox 940 1847 1022 1899; x_wconf 87' lang='lat' dir='ltr'>supra</span> <span class='ocrx_word' id='word_1_384' title='bbox 1036 1831 1161 1892; x_wconf 91' lang='lat' dir='ltr'>modum,</span> <span class='ocrx_word' id='word_1_385' title='bbox 1175 1841 1201 1883; x_wconf 88' lang='lat' dir='ltr'>et</span> <span class='ocrx_word' id='word_1_386' title='bbox 1215 1831 1270 1882; x_wconf 83' lang='lat' dir='ltr'>talis</span> 
     </span>
     <span class='ocr_line' id='line_1_74' title="bbox 745 1901 1215 1952; baseline 0.004 -2"><span class='ocrx_word' id='word_1_387' title='bbox 745 1901 806 1950; x_wconf 89' lang='lat' dir='ltr'>sitis</span> <span class='ocrx_word' id='word_1_388' title='bbox 817 1912 857 1951; x_wconf 92' lang='lat' dir='ltr'>est</span> <span class='ocrx_word' id='word_1_389' title='bbox 872 1901 1021 1951; x_wconf 91' lang='lat' dir='ltr'>maximum</span> <span class='ocrx_word' id='word_1_390' title='bbox 1036 1911 1215 1952; x_wconf 88' lang='lat' dir='ltr'>tormentum.</span> 
     </span>
    </p>

    <p class='ocr_par' dir='ltr' id='par_1_11' title="bbox 744 1974 1279 3971">
     <span class='ocr_line' id='line_1_75' title="bbox 775 1974 1272 2036; baseline 0.002 -14"><span class='ocrx_word' id='word_1_391' title='bbox 775 1987 812 2036; x_wconf 87' lang='lat'>44</span> <span class='ocrx_word' id='word_1_392' title='bbox 832 1974 964 2023; x_wconf 81' lang='lat' dir='ltr'>Cantsrus</span> <span class='ocrx_word' id='word_1_393' title='bbox 983 1987 1108 2022; x_wconf 72' lang='lat' dir='ltr'>rotatus</span> <span class='ocrx_word' id='word_1_394' title='bbox 1131 1988 1226 2024; x_wconf 74' lang='lat' dir='ltr'>scaro.</span> <span class='ocrx_word' id='word_1_395' title='bbox 1246 2000 1272 2010; x_wconf 90' lang='lat'><em>-</em></span> 
     </span>
     <span class='ocr_line' id='line_1_76' title="bbox 746 2044 1271 2110; baseline -0.002 -15"><span class='ocrx_word' id='word_1_396' title='bbox 746 2045 782 2095; x_wconf 92' lang='lat' dir='ltr'>Et</span> <span class='ocrx_word' id='word_1_397' title='bbox 806 2060 869 2094; x_wconf 90' lang='lat' dir='ltr'>cum</span> <span class='ocrx_word' id='word_1_398' title='bbox 890 2044 929 2093; x_wconf 95' lang='lat' dir='ltr'>illi</span> <span class='ocrx_word' id='word_1_399' title='bbox 951 2044 1062 2109; x_wconf 86' lang='lat' dir='ltr'>maligni</span> <span class='ocrx_word' id='word_1_400' title='bbox 1085 2044 1204 2110; x_wconf 85' lang='lat' dir='ltr'>cogitare</span> <span class='ocrx_word' id='word_1_401' title='bbox 1221 2059 1271 2095; x_wconf 90' lang='lat' dir='ltr'>non</span> 
     </span>
     <span class='ocr_line' id='line_1_77' title="bbox 745 2115 1273 2184; baseline -0.002 -17"><span class='ocrx_word' id='word_1_402' title='bbox 745 2127 856 2184; x_wconf 89' lang='lat' dir='ltr'>possent</span> <span class='ocrx_word' id='word_1_403' title='bbox 878 2116 906 2166; x_wconf 92' lang='lat' dir='ltr'>in</span> <span class='ocrx_word' id='word_1_404' title='bbox 933 2131 988 2182; x_wconf 90' lang='lat' dir='ltr'>quo</span> <span class='ocrx_word' id='word_1_405' title='bbox 1014 2116 1132 2182; x_wconf 88' lang='lat' dir='ltr'>amplius</span> <span class='ocrx_word' id='word_1_406' title='bbox 1152 2115 1177 2166; x_wconf 90' lang='lat' dir='ltr'>ei</span> <span class='ocrx_word' id='word_1_407' title='bbox 1198 2131 1273 2168; x_wconf 86' lang='lat' dir='ltr'>noce-</span> 
     </span>
     <span class='ocr_line' id='line_1_78' title="bbox 745 2186 1273 2252; baseline 0 -15"><span class='ocrx_word' id='word_1_408' title='bbox 745 2198 812 2247; x_wconf 90' lang='lat' dir='ltr'>rent,</span> <span class='ocrx_word' id='word_1_409' title='bbox 827 2196 987 2252; x_wconf 87' lang='lat' dir='ltr'>acceperunt</span> <span class='ocrx_word' id='word_1_410' title='bbox 1002 2187 1115 2236; x_wconf 89' lang='lat' dir='ltr'>vexandi</span> <span class='ocrx_word' id='word_1_411' title='bbox 1128 2186 1273 2245; x_wconf 82' lang='lat' dir='ltr'>materiam,</span> 
     </span>
     <span class='ocr_line' id='line_1_79' title="bbox 744 2259 1274 2327; baseline -0.002 -15"><span class='ocrx_word' id='word_1_412' title='bbox 744 2272 771 2312; x_wconf 85' lang='lat' dir='ltr'>ct</span> <span class='ocrx_word' id='word_1_413' title='bbox 794 2261 924 2311; x_wconf 86' lang='lat' dir='ltr'>dederunt</span> <span class='ocrx_word' id='word_1_414' title='bbox 953 2260 977 2309; x_wconf 91' lang='lat' dir='ltr'>ei</span> <span class='ocrx_word' id='word_1_415' title='bbox 1011 2259 1039 2309; x_wconf 93' lang='lat' dir='ltr'>in</span> <span class='ocrx_word' id='word_1_416' title='bbox 1066 2260 1191 2326; x_wconf 83' lang='lat' dir='ltr'>spongia,</span> <span class='ocrx_word' id='word_1_417' title='bbox 1216 2272 1274 2327; x_wconf 70' lang='lat' dir='ltr'>quat</span> 
     </span>
     <span class='ocr_line' id='line_1_80' title="bbox 745 2331 1275 2398; baseline 0 -16"><span class='ocrx_word' id='word_1_418' title='bbox 745 2341 853 2398; x_wconf 87' lang='lat' dir='ltr'>propter</span> <span class='ocrx_word' id='word_1_419' title='bbox 865 2331 1039 2396; x_wconf 90' lang='lat' dir='ltr'>porositatem</span> <span class='ocrx_word' id='word_1_420' title='bbox 1059 2331 1091 2379; x_wconf 89' lang='lat' dir='ltr'>de</span> <span class='ocrx_word' id='word_1_421' title='bbox 1114 2342 1190 2381; x_wconf 85' lang='lat' dir='ltr'>aceto</span> <span class='ocrx_word' id='word_1_422' title='bbox 1207 2331 1275 2382; x_wconf 84' lang='lat' dir='ltr'>mul-</span> 
     </span>
     <span class='ocr_line' id='line_1_81' title="bbox 745 2400 1273 2468; baseline 0 -15"><span class='ocrx_word' id='word_1_423' title='bbox 745 2414 804 2453; x_wconf 91' lang='lat' dir='ltr'>tum</span> <span class='ocrx_word' id='word_1_424' title='bbox 820 2401 973 2461; x_wconf 88' lang='lat' dir='ltr'>imbiberat,</span> <span class='ocrx_word' id='word_1_425' title='bbox 988 2400 1116 2450; x_wconf 88' lang='lat' dir='ltr'>arundini</span> <span class='ocrx_word' id='word_1_426' title='bbox 1138 2401 1273 2468; x_wconf 82' lang='lat' dir='ltr'>imposita,</span> 
     </span>
     <span class='ocr_line' id='line_1_82' title="bbox 745 2472 1275 2538; baseline -0.002 -14"><span class='ocrx_word' id='word_1_427' title='bbox 745 2484 776 2524; x_wconf 93' lang='lat' dir='ltr'>ut</span> <span class='ocrx_word' id='word_1_428' title='bbox 796 2488 905 2523; x_wconf 90' lang='lat' dir='ltr'>sursum</span> <span class='ocrx_word' id='word_1_429' title='bbox 930 2472 962 2521; x_wconf 94' lang='lat' dir='ltr'>ad</span> <span class='ocrx_word' id='word_1_430' title='bbox 992 2487 1022 2521; x_wconf 91' lang='lat' dir='ltr'>os</span> <span class='ocrx_word' id='word_1_431' title='bbox 1046 2472 1224 2538; x_wconf 82' lang='lat' dir='ltr'>pertingeret,</span> <span class='ocrx_word' id='word_1_432' title='bbox 1247 2487 1275 2523; x_wconf 86' lang='lat' dir='ltr'>ac</span> 
     </span>
     <span class='ocr_line' id='line_1_83' title="bbox 746 2541 1274 2611; baseline 0 -16"><span class='ocrx_word' id='word_1_433' title='bbox 746 2545 865 2611; x_wconf 81' lang='lat' dir='ltr'>hyssopo</span> <span class='ocrx_word' id='word_1_434' title='bbox 878 2541 1080 2607; x_wconf 88' lang='lat' dir='ltr'>circumposita,</span> <span class='ocrx_word' id='word_1_435' title='bbox 1096 2552 1122 2592; x_wconf 90' lang='lat' dir='ltr'>et</span> <span class='ocrx_word' id='word_1_436' title='bbox 1139 2542 1274 2595; x_wconf 88' lang='lat' dir='ltr'>circumli-</span> 
     </span>
     <span class='ocr_line' id='line_1_84' title="bbox 746 2615 1273 2684; baseline 0.002 -17"><span class='ocrx_word' id='word_1_437' title='bbox 746 2628 813 2684; x_wconf 86' lang='lat' dir='ltr'>gata,</span> <span class='ocrx_word' id='word_1_438' title='bbox 844 2627 874 2666; x_wconf 92' lang='lat' dir='ltr'>ut</span> <span class='ocrx_word' id='word_1_439' title='bbox 907 2631 953 2681; x_wconf 91' lang='lat' dir='ltr'>per</span> <span class='ocrx_word' id='word_1_440' title='bbox 982 2615 1134 2681; x_wconf 88' lang='lat' dir='ltr'>hyssopum</span> <span class='ocrx_word' id='word_1_441' title='bbox 1165 2617 1273 2668; x_wconf 82' lang='lat' dir='ltr'>herbam</span> 
     </span>
     <span class='ocr_line' id='line_1_85' title="bbox 745 2689 1275 2755; baseline -0.002 -14"><span class='ocrx_word' id='word_1_442' title='bbox 745 2706 861 2741; x_wconf 84' lang='lat' dir='ltr'>amaram</span> <span class='ocrx_word' id='word_1_443' title='bbox 879 2691 912 2739; x_wconf 91' lang='lat' dir='ltr'>de</span> <span class='ocrx_word' id='word_1_444' title='bbox 936 2689 1049 2755; x_wconf 85' lang='lat' dir='ltr'>spongia</span> <span class='ocrx_word' id='word_1_445' title='bbox 1073 2700 1192 2754; x_wconf 87' lang='lat' dir='ltr'>sugeret,</span> <span class='ocrx_word' id='word_1_446' title='bbox 1217 2705 1275 2741; x_wconf 85' lang='lat' dir='ltr'>aee·</span> 
     </span>
     <span class='ocr_line' id='line_1_86' title="bbox 745 2759 1274 2821; baseline 0.004 -12"><span class='ocrx_word' id='word_1_447' title='bbox 745 2770 803 2810; x_wconf 90' lang='lat' dir='ltr'>tum</span> <span class='ocrx_word' id='word_1_448' title='bbox 841 2775 888 2809; x_wconf 88' lang='lat' dir='ltr'>seu</span> <span class='ocrx_word' id='word_1_449' title='bbox 922 2759 1018 2809; x_wconf 92' lang='lat' dir='ltr'>vinum</span> <span class='ocrx_word' id='word_1_450' title='bbox 1042 2768 1192 2821; x_wconf 88' lang='lat' dir='ltr'>acetosum,</span> <span class='ocrx_word' id='word_1_451' title='bbox 1216 2775 1274 2811; x_wconf 85' lang='lat' dir='ltr'>cum</span> 
     </span>
     <span class='ocr_line' id='line_1_87' title="bbox 745 2830 1277 2899; baseline 0.004 -18"><span class='ocrx_word' id='word_1_452' title='bbox 745 2831 806 2882; x_wconf 84' lang='lat' dir='ltr'>felle</span> <span class='ocrx_word' id='word_1_453' title='bbox 821 2831 947 2891; x_wconf 90' lang='lat' dir='ltr'>mixtum,</span> <span class='ocrx_word' id='word_1_454' title='bbox 961 2846 1008 2881; x_wconf 87' lang='lat' dir='ltr'>seu</span> <span class='ocrx_word' id='word_1_455' title='bbox 1021 2830 1203 2896; x_wconf 90' lang='lat' dir='ltr'>myrrhatum,</span> <span class='ocrx_word' id='word_1_456' title='bbox 1216 2844 1277 2899; x_wconf 89' lang='lat' dir='ltr'>qua·</span> 
     </span>
     <span class='ocr_line' id='line_1_88' title="bbox 745 2900 1275 2967; baseline 0.002 -15"><span class='ocrx_word' id='word_1_457' title='bbox 745 2903 770 2952; x_wconf 90' lang='lat' dir='ltr'>le</span> <span class='ocrx_word' id='word_1_458' title='bbox 793 2901 873 2952; x_wconf 85' lang='lat' dir='ltr'>etiam</span> <span class='ocrx_word' id='word_1_459' title='bbox 909 2900 961 2951; x_wconf 90' lang='lat' dir='ltr'>sibi</span> <span class='ocrx_word' id='word_1_460' title='bbox 987 2901 1147 2967; x_wconf 90' lang='lat' dir='ltr'>priusquam</span> <span class='ocrx_word' id='word_1_461' title='bbox 1173 2917 1275 2953; x_wconf 86' lang='lat' dir='ltr'>crucem</span> 
     </span>
     <span class='ocr_line' id='line_1_89' title="bbox 745 2973 1275 3042; baseline 0 -17"><span class='ocrx_word' id='word_1_462' title='bbox 745 2976 899 3025; x_wconf 88' lang='lat' dir='ltr'>ascenderat</span> <span class='ocrx_word' id='word_1_463' title='bbox 916 2974 1132 3040; x_wconf 83' lang='lat' dir='ltr'>propinaveram.</span> <span class='ocrx_word' id='word_1_464' title='bbox 1156 2973 1202 3024; x_wconf 90' lang='lat' dir='ltr'>Sic</span> <span class='ocrx_word' id='word_1_465' title='bbox 1214 2989 1275 3042; x_wconf 85' lang='lat' dir='ltr'>ergo</span> 
     </span>
     <span class='ocr_line' id='line_1_90' title="bbox 746 3040 1276 3112; baseline -0.008 -16"><span class='ocrx_word' id='word_1_466' title='bbox 746 3045 788 3096; x_wconf 89' lang='lat' dir='ltr'>bis</span> <span class='ocrx_word' id='word_1_467' title='bbox 803 3055 909 3112; x_wconf 87' lang='lat' dir='ltr'>potatus</span> <span class='ocrx_word' id='word_1_468' title='bbox 925 3044 996 3094; x_wconf 82' lang='lat' dir='ltr'>fuit:</span> <span class='ocrx_word' id='word_1_469' title='bbox 1012 3052 1038 3093; x_wconf 90' lang='lat' dir='ltr'>et</span> <span class='ocrx_word' id='word_1_470' title='bbox 1051 3052 1112 3092; x_wconf 91' lang='lat' dir='ltr'>ante</span> <span class='ocrx_word' id='word_1_471' title='bbox 1127 3040 1276 3095; x_wconf 87' lang='lat' dir='ltr'>crucifixio·</span> 
     </span>
     <span class='ocr_line' id='line_1_91' title="bbox 746 3114 1273 3183; baseline -0.009 -13"><span class='ocrx_word' id='word_1_472' title='bbox 746 3135 819 3183; x_wconf 90' lang='lat' dir='ltr'>nem,</span> <span class='ocrx_word' id='word_1_473' title='bbox 834 3128 859 3169; x_wconf 90' lang='lat' dir='ltr'>et</span> <span class='ocrx_word' id='word_1_474' title='bbox 873 3118 902 3168; x_wconf 91' lang='lat' dir='ltr'>in</span> <span class='ocrx_word' id='word_1_475' title='bbox 914 3115 1094 3168; x_wconf 87' lang='lat' dir='ltr'>crucifixione.</span> <span class='ocrx_word' id='word_1_476' title='bbox 1109 3116 1143 3166; x_wconf 89' lang='lat' dir='ltr'>Et</span> <span class='ocrx_word' id='word_1_477' title='bbox 1157 3126 1199 3167; x_wconf 89' lang='lat' dir='ltr'>est</span> <span class='ocrx_word' id='word_1_478' title='bbox 1208 3114 1273 3167; x_wconf 87' lang='lat' dir='ltr'>ratio</span> 
     </span>
     <span class='ocr_line' id='line_1_92' title="bbox 747 3186 1274 3255; baseline -0.008 -15"><span class='ocrx_word' id='word_1_479' title='bbox 747 3189 907 3255; x_wconf 83' lang='lat' dir='ltr'>potationis,</span> <span class='ocrx_word' id='word_1_480' title='bbox 936 3198 962 3239; x_wconf 90' lang='lat' dir='ltr'>et</span> <span class='ocrx_word' id='word_1_481' title='bbox 990 3186 1058 3238; x_wconf 89' lang='lat' dir='ltr'>ratio</span> <span class='ocrx_word' id='word_1_482' title='bbox 1082 3186 1274 3252; x_wconf 87' lang='lat' dir='ltr'>geminationis</span> 
     </span>
     <span class='ocr_line' id='line_1_93' title="bbox 746 3258 1277 3328; baseline -0.004 -16"><span class='ocrx_word' id='word_1_483' title='bbox 746 3264 837 3328; x_wconf 75' lang='lat' dir='ltr'>huius.</span> <span class='ocrx_word' id='word_1_484' title='bbox 853 3263 949 3312; x_wconf 90' lang='lat' dir='ltr'>Dicunt</span> <span class='ocrx_word' id='word_1_485' title='bbox 964 3259 1036 3311; x_wconf 91' lang='lat' dir='ltr'>enim</span> <span class='ocrx_word' id='word_1_486' title='bbox 1051 3258 1174 3325; x_wconf 90' lang='lat' dir='ltr'>quidam,</span> <span class='ocrx_word' id='word_1_487' title='bbox 1191 3258 1277 3310; x_wconf 88' lang='lat' dir='ltr'>cruci-</span> 
     </span>
     <span class='ocr_line' id='line_1_94' title="bbox 746 3331 1276 3398; baseline 0 -13"><span class='ocrx_word' id='word_1_488' title='bbox 746 3335 813 3388; x_wconf 88' lang='lat' dir='ltr'>fixos</span> <span class='ocrx_word' id='word_1_489' title='bbox 828 3333 907 3385; x_wconf 91' lang='lat' dir='ltr'>citius</span> <span class='ocrx_word' id='word_1_490' title='bbox 926 3332 995 3385; x_wconf 92' lang='lat' dir='ltr'>mori</span> <span class='ocrx_word' id='word_1_491' title='bbox 1012 3331 1036 3382; x_wconf 88' lang='lat' dir='ltr'>si</span> <span class='ocrx_word' id='word_1_492' title='bbox 1051 3341 1126 3382; x_wconf 88' lang='lat' dir='ltr'>aceto</span> <span class='ocrx_word' id='word_1_493' title='bbox 1140 3340 1276 3398; x_wconf 86' lang='lat' dir='ltr'>potentur.</span> 
     </span>
     <span class='ocr_line' id='line_1_95' title="bbox 746 3402 1275 3471; baseline -0.008 -15"><span class='ocrx_word' id='word_1_494' title='bbox 746 3415 773 3457; x_wconf 90' lang='lat' dir='ltr'>et</span> <span class='ocrx_word' id='word_1_495' title='bbox 786 3406 847 3456; x_wconf 91' lang='lat' dir='ltr'>ideo</span> <span class='ocrx_word' id='word_1_496' title='bbox 865 3416 972 3471; x_wconf 90' lang='lat' dir='ltr'>potatus</span> <span class='ocrx_word' id='word_1_497' title='bbox 983 3414 1024 3454; x_wconf 91' lang='lat' dir='ltr'>est</span> <span class='ocrx_word' id='word_1_498' title='bbox 1036 3403 1095 3463; x_wconf 88' lang='lat' dir='ltr'>iste,</span> <span class='ocrx_word' id='word_1_499' title='bbox 1110 3413 1137 3454; x_wconf 92' lang='lat' dir='ltr'>et</span> <span class='ocrx_word' id='word_1_500' title='bbox 1151 3420 1208 3455; x_wconf 92' lang='lat' dir='ltr'>non</span> <span class='ocrx_word' id='word_1_501' title='bbox 1219 3402 1275 3462; x_wconf 87' lang='lat' dir='ltr'>alii,</span> 
     </span>
     <span class='ocr_line' id='line_1_96' title="bbox 745 3472 1279 3527; baseline -0.006 0"><span class='ocrx_word' id='word_1_502' title='bbox 745 3487 777 3527; x_wconf 90' lang='lat' dir='ltr'>ut</span> <span class='ocrx_word' id='word_1_503' title='bbox 792 3476 871 3527; x_wconf 92' lang='lat' dir='ltr'>citius</span> <span class='ocrx_word' id='word_1_504' title='bbox 887 3485 1053 3526; x_wconf 84' lang='lat' dir='ltr'>moreretur:</span> <span class='ocrx_word' id='word_1_505' title='bbox 1069 3482 1095 3524; x_wconf 91' lang='lat' dir='ltr'>et</span> <span class='ocrx_word' id='word_1_506' title='bbox 1116 3474 1168 3526; x_wconf 88' lang='lat' dir='ltr'>hoc</span> <span class='ocrx_word' id='word_1_507' title='bbox 1185 3474 1226 3526; x_wconf 87' lang='lat' dir='ltr'>vel</span> <span class='ocrx_word' id='word_1_508' title='bbox 1239 3472 1279 3524; x_wconf 89' lang='lat' dir='ltr'>in-</span> 
     </span>
     <span class='ocr_line' id='line_1_97' title="bbox 747 3547 1278 3614; baseline -0.008 -13"><span class='ocrx_word' id='word_1_509' title='bbox 747 3550 848 3601; x_wconf 91' lang='lat' dir='ltr'>stinctu</span> <span class='ocrx_word' id='word_1_510' title='bbox 877 3551 1042 3607; x_wconf 86' lang='lat' dir='ltr'>Judaeorum,</span> <span class='ocrx_word' id='word_1_511' title='bbox 1064 3547 1112 3614; x_wconf 92' lang='lat' dir='ltr'>qui</span> <span class='ocrx_word' id='word_1_512' title='bbox 1138 3547 1278 3614; x_wconf 79' lang='lat' dir='ltr'>captabant</span> 
     </span>
     <span class='ocr_line' id='line_1_98' title="bbox 747 3619 1276 3683; baseline -0.006 -11"><span class='ocrx_word' id='word_1_513' title='bbox 747 3621 866 3672; x_wconf 87' lang='lat' dir='ltr'>maxime</span> <span class='ocrx_word' id='word_1_514' title='bbox 892 3631 1008 3672; x_wconf 88' lang='lat' dir='ltr'>mortem</span> <span class='ocrx_word' id='word_1_515' title='bbox 1034 3619 1157 3683; x_wconf 86' lang='lat' dir='ltr'>Christi;</span> <span class='ocrx_word' id='word_1_516' title='bbox 1177 3619 1219 3670; x_wconf 91' lang='lat' dir='ltr'>vel</span> <span class='ocrx_word' id='word_1_517' title='bbox 1245 3634 1276 3670; x_wconf 86' lang='lat' dir='ltr'>ex</span> 
     </span>
     <span class='ocr_line' id='line_1_99' title="bbox 746 3688 1278 3754; baseline -0.004 -12"><span class='ocrx_word' id='word_1_518' title='bbox 746 3691 827 3743; x_wconf 86' lang='lat' dir='ltr'>taedio</span> <span class='ocrx_word' id='word_1_519' title='bbox 840 3691 970 3754; x_wconf 90' lang='lat' dir='ltr'>militum,</span> <span class='ocrx_word' id='word_1_520' title='bbox 986 3699 1015 3740; x_wconf 89' lang='lat' dir='ltr'>ut</span> <span class='ocrx_word' id='word_1_521' title='bbox 1029 3689 1109 3739; x_wconf 89' lang='lat' dir='ltr'>citius</span> <span class='ocrx_word' id='word_1_522' title='bbox 1130 3688 1278 3740; x_wconf 80' lang='lat' dir='ltr'>acustodia</span> 
     </span>
     <span class='ocr_line' id='line_1_100' title="bbox 746 3758 1279 3827; baseline -0.002 -15"><span class='ocrx_word' id='word_1_523' title='bbox 746 3764 803 3827; x_wconf 87' lang='lat' dir='ltr'>ejus</span> <span class='ocrx_word' id='word_1_524' title='bbox 833 3764 1046 3821; x_wconf 89' lang='lat' dir='ltr'>absolverentur,</span> <span class='ocrx_word' id='word_1_525' title='bbox 1072 3759 1138 3825; x_wconf 89' lang='lat' dir='ltr'>quia</span> <span class='ocrx_word' id='word_1_526' title='bbox 1164 3758 1279 3811; x_wconf 75' lang='lat' dir='ltr'>taedebat</span> 
     </span>
     <span class='ocr_line' id='line_1_101' title="bbox 746 3830 1277 3896; baseline -0.006 -12"><span class='ocrx_word' id='word_1_527' title='bbox 746 3847 792 3884; x_wconf 91' lang='lat' dir='ltr'>eos</span> <span class='ocrx_word' id='word_1_528' title='bbox 820 3833 858 3884; x_wconf 92' lang='lat' dir='ltr'>ibi</span> <span class='ocrx_word' id='word_1_529' title='bbox 893 3831 1000 3883; x_wconf 88' lang='lat' dir='ltr'>morari.</span> <span class='ocrx_word' id='word_1_530' title='bbox 1025 3830 1163 3896; x_wconf 88' lang='lat' dir='ltr'>Competit</span> <span class='ocrx_word' id='word_1_531' title='bbox 1188 3840 1277 3882; x_wconf 80' lang='lat' dir='ltr'>autern</span> 
     </span>
     <span class='ocr_line' id='line_1_102' title="bbox 747 3901 1279 3971; baseline -0.006 -16"><span class='ocrx_word' id='word_1_532' title='bbox 747 3905 876 3971; x_wconf 90' lang='lat' dir='ltr'>mysterio</span> <span class='ocrx_word' id='word_1_533' title='bbox 897 3902 1006 3969; x_wconf 87' lang='lat' dir='ltr'>gemina</span> <span class='ocrx_word' id='word_1_534' title='bbox 1027 3901 1141 3968; x_wconf 89' lang='lat' dir='ltr'>potatio,</span> <span class='ocrx_word' id='word_1_535' title='bbox 1169 3910 1279 3968; x_wconf 91' lang='lat' dir='ltr'>propter</span> 
     </span>
    </p>
   </div>
   <div class='ocr_carea' id='block_1_10' title="bbox 0 0 1318 4328">
    <p class='ocr_par' dir='ltr' id='par_1_12' title="bbox 0 0 1318 4328">
     <span class='ocr_line' id='line_1_103' title="bbox 0 0 1318 4328; baseline 0 0"><span class='ocrx_word' id='word_1_536' title='bbox 0 0 1318 4328; x_wconf 95' lang='lat' dir='ltr'> </span> 
     </span>
    </p>
   </div>
  </div>
 </body>
</html>
