2626 4328
93 294 146 346 538

91 405 193 457 Christi
206 414 333 456 strenuus
344 403 421 453 debet
435 416 532 468 corpus
543 415 624 451 suum

89 495 136 545 per
161 477 317 544 asperitates
338 485 363 525 et
382 475 497 525 duritias
522 473 626 523 debitas

89 549 228 616 castigare,
253 563 287 598 ne
309 545 495 596 inobedienter
516 542 627 608 incipiat

91 623 266 674 recalcitrare.
286 619 434 670 Considera
455 633 517 668 eum
531 616 576 666 hic
589 614 627 664 di-

92 696 203 762 ligenter
218 708 264 760 per
278 693 387 758 longam
406 706 510 741 moram
525 697 552 739 et
565 704 627 754 spa·

91 766 169 825 tiose,
187 774 213 814 et
232 763 255 813 si
276 761 320 811 hic
341 762 366 812 ei
388 777 443 811 non
458 758 626 824 compateris,

92 853 138 888 cor
151 835 286 902 lapideum
308 843 402 899 reputa
424 844 450 884 te
469 829 628 882 habereiit

93 917 159 957 tunc
185 903 348 955 exclamabis
375 920 381 953 :
409 903 433 953 O
457 903 521 953 bone
543 902 627 961 Jesu,

95 975 224 1043 quomodo
253 981 281 1024 tu
305 974 452 1024 denudaris
476 973 521 1039 qui
543 971 629 1022 nudos

97 1048 200 1100 vestis?
223 1048 361 1110 Quomodo
387 1054 415 1098 tu
442 1046 560 1113 ligaris,
584 1043 629 1108 qui

97 1118 260 1184 compeditos
275 1118 368 1181 solvis,
383 1125 409 1168 et
422 1119 525 1183 ligatos
544 1130 561 1165 α
578 1115 630 1164 dae-

97 1188 217 1239 monibus
231 1195 257 1239 et
276 1189 310 1238 ab
324 1187 523 1256 infirmitatibus
537 1186 630 1235 deten-

99 1265 140 1310 tos
162 1259 283 1310 liberas?
304 1259 440 1320 Quomodo
455 1264 483 1307 tu
496 1255 630 1324 flagella·

98 1331 147 1393 ris,
162 1332 208 1397 qui
221 1346 270 1382 nos
283 1346 301 1381 a
308 1329 436 1398 flagellis
452 1327 550 1379 eruis?
565 1325 632 1386 Quis

94 1404 154 1468 suit
167 1402 213 1452 ille
229 1408 285 1452 tam
299 1402 405 1462 audax,
420 1400 466 1465 qui
483 1406 507 1450 te
523 1396 631 1464 spolia-

100 1473 162 1524 vit?
185 1473 253 1534 Quis
270 1478 323 1520 tam
342 1471 512 1532 temerarius,
531 1469 576 1534 qui
597 1467 633 1518 ad

101 1545 250 1595 columnam
266 1548 291 1592 te
303 1541 426 1606 ligavit?
443 1542 511 1601 Quis
523 1548 578 1590 tam
592 1553 634 1590 sa-

102 1614 236 1678 crilegus,
264 1611 310 1676 qui
335 1617 360 1660 te
376 1609 558 1677 flagellavit?
579 1609 635 1660 Sed

102 1691 140 1745 tu,
149 1684 194 1733 Sol
205 1681 323 1747 justitiae,
338 1687 400 1732 tuos
414 1681 508 1732 radios
524 1681 636 1730 subtra-

102 1756 181 1817 xisti,
203 1761 228 1805 et
248 1755 308 1805 ideo
327 1761 389 1805 sunt
408 1754 521 1806 tenebrae
540 1768 574 1804 ac
594 1758 636 1802 te·

104 1827 247 1875 nebrot-um
268 1831 438 1889 potestatem
461 1837 551 1874 omnes
576 1827 637 1873 sunt

104 1904 130 1946 te
143 1895 322 1961 potentiana·
330 1896 406 1946 nobis
417 1895 580 1945 debebantur
584 1893 639 1961 fla-

104 1970 180 2035 gella
196 1975 307 2019 aeternae
320 1968 482 2037 afflictionis,
496 1974 523 2018 tu
530 1966 638 2032 flagel-

107 2041 161 2090 lari
177 2039 287 2090 voluisti
304 2054 357 2104 pro
374 2038 458 2101 nobis,
474 2044 503 2088 ut
523 2051 572 2087 nos
587 2036 639 2086 mi-

107 2110 282 2160 sericorditer
298 2123 407 2160 erueres
421 2109 455 2158 ab
470 2109 535 2158 illis.

142 2195 173 2230 ιο
195 2181 426 2230 Faaoaaaarronrs
443 2180 582 2229 Donrnrcra
596 2193 640 2226 rr-

108 2270 194 2304 ouaa.
209 2281 240 2291 -
254 2253 410 2320 Flagellatio
422 2252 534 2302 Domini
548 2249 641 2317 praefi-

106 2335 201 2390 gurata
222 2323 274 2374 fuit
297 2339 345 2389 per
367 2323 469 2373 Achior
491 2321 658 2388 principem.

108 2397 220 2462 ligatum
235 2396 268 2446 ad
284 2397 417 2446 arborem.
432 2395 532 2445 Achior
544 2394 642 2460 ligatus

108 2466 160 2515 fuit
185 2465 217 2514 ad
243 2466 366 2516 arborem
388 2481 436 2531 per
459 2463 643 2530 Holophernis

108 2536 251 2597 satellites,
277 2538 401 2588 Christus
430 2539 463 2589 ad
489 2539 643 2587 columnam

109 2622 157 2673 per
179 2606 256 2655 Pilati
280 2607 396 2670 milites;
419 2607 521 2657 Achior
537 2618 644 2672 propter

109 2676 247 2726 veritatem
275 2691 357 2741 quam
389 2677 492 2726 dixerat
523 2675 574 2725 fuit
603 2676 644 2726 li·

110 2757 203 2814 gatus,
225 2747 351 2797 Christus
373 2756 481 2812 propter
504 2746 645 2796 veritatem

110 2837 192 2889 quam
216 2819 419 2886 praedicaverat,
448 2818 500 2869 fuit
526 2818 645 2884 flagella-

111 2907 168 2958 tus·,
185 2893 289 2944 Achior
309 2894 452 2960 ligabatur,
471 2892 535 2959 quia
559 2892 647 2942 noluit

112 2965 280 3032 Holopherni
305 2964 379 3031 loqui
402 2963 542 3029 placentia,
564 2962 647 3013 Chri-

112 3047 180 3099 stus,
195 3037 259 3104 quia
274 3033 446 3101 reprehendit
460 3035 567 3085 Judaeos
583 3049 646 3084 cum

113 3126 207 3162 eorum
236 3108 418 3176 displicentia;
445 3107 546 3158 Achior
572 3106 646 3172 liga-

114 3191 157 3232 tus
178 3190 227 3240 est,
244 3180 309 3245 quia
326 3179 438 3246 gloriam
460 3176 571 3229 Domini
587 3192 648 3228 ma-

113 3250 265 3317 gnificabat,
281 3251 407 3302 Christus
428 3250 575 3316 flagellatus
597 3260 646 3312 est,

65 3358 69 3365 .
113 3321 179 3389 quia
199 3337 299 3373 nomen
319 3322 405 3373 Patris
424 3322 467 3372 sui
488 3321 647 3373 manifesta-

113 3395 167 3446 bat.
182 3394 338 3460 Flagellatio
353 3394 433 3445 etiam
452 3393 591 3446 christiin
604 3393 648 3446 fla·

114 3463 258 3530 gallatione
269 3465 390 3515 Jeremiae
405 3464 572 3532 praefigurata
585 3464 646 3526 suit,

114 3551 197 3603 quem
215 3535 332 3586 Phassur
345 3535 496 3602 flagellavit.

148 3621 176 3656 ιι
200 3605 337 3656 Soavrrua
360 3606 495 3657 Charsros
511 3624 528 3656 Α
543 3622 649 3657 conuu-

113 3692 157 3737 ΝΑ,
177 3690 229 3727 nuo
253 3692 411 3727 nocouanra
427 3693 461 3727 ax
477 3693 559 3727 rrsrus
581 3693 649 3727 raa-

114 3765 291 3815 caaanrrona,
310 3767 392 3802 acrus
421 3765 649 3801 couronuarronrs

114 3835 148 3870 ar
162 3835 267 3871 onarro.
278 3822 413 3871 -Soluto
426 3830 514 3871 autem
529 3819 649 3871 Domino

114 3907 130 3944 a
154 3892 280 3945 columna
316 3892 518 3962 flagellationis,
546 3892 650 3943 ducunt

382 287 556 340 SECUNDAE
572 283 698 335 PARTIS.
712 283 830 337 CAPUT
846 286 924 338 LXII.

679 413 743 449 eum
769 399 808 449 sic
830 399 944 460 nudum,
970 398 1009 449 sic
1033 398 1206 464 flagellatum,

678 485 726 535 per
740 469 862 530 domum,
878 485 926 536 pro
945 469 1042 536 pannis
1058 469 1117 519 suis
1132 469 1208 521 colli·

679 540 785 606 gendis,
800 541 848 607 qui
863 541 978 608 sparsim
991 556 1039 606 per
1049 541 1165 593 domum
1177 540 1208 593 ab

679 613 904 680 exspoliatoribus
918 614 1028 680 projecti
1042 612 1162 665 fuerant.
1172 614 1209 665 lu·

678 696 754 735 tuere
775 685 841 736 bene
863 701 925 736 eum
946 685 985 735 sic
1009 685 1152 745 afflictum,
1173 683 1222 739 sic·

679 765 841 806 trementem
871 765 979 822 propter
1011 754 1114 820 frigus,
1151 753 1211 822 quia

681 825 769 876 hiems
790 835 854 876 erat.
878 826 993 876 Attende
1015 825 1211 897 diligenter,et

681 896 821 946 considera
844 906 944 946 statum
970 896 1028 960 ejus
1055 895 1084 945 in
1111 895 1212 947 actibus

682 966 807 1032 singulis,
828 976 858 1017 ut
873 966 970 1017 intime
986 965 1173 1031 compatiaris,
1185 978 1213 1019 at.

683 1039 765 1090 simul
786 1039 917 1107 pascaris3
942 1049 1029 1090 averte
1053 1049 1146 1090 autem
1168 1053 1215 1106 pa·

683 1128 794 1178 rumper
809 1114 930 1164 oculosa
946 1112 1095 1175 divinitate,
1115 1121 1143 1163 et
1155 1122 1214 1163 eum
1259 1140 1262 1147 ·

684 1196 783 1252 purum
800 1186 941 1235 hominem
964 1184 1116 1244 considera·
1133 1193 1161 1235 et
1174 1182 1216 1234 vi-
1263 1240 1266 1245 ,

685 1256 762 1307 debis
781 1257 905 1321 juvenem
925 1256 1085 1321 elegantem,
1101 1254 1216 1307 nobilit-
1266 1302 1268 1309 .

684 1326 796 1390 simum,
813 1324 1067 1376 innocentissimum
1083 1334 1110 1375 et
1123 1338 1217 1375 aman-

686 1397 840 1457 tissimum,
867 1407 956 1446 totum
984 1386 1167 1461 flagellatum,
1190 1401 1218 1447 et
1266 1432 1268 1437 -

687 1470 820 1536 sanguine
846 1469 1031 1534 livoribusque
1054 1482 1217 1533 respersum,

687 1555 792 1606 pannos
809 1554 873 1589 suos
887 1539 1008 1604 undique
1021 1537 1139 1604 sparsim
1157 1551 1218 1604 pro·

687 1613 768 1676 jectos
785 1612 820 1661 ds
838 1623 907 1662 terra
932 1610 1097 1676 recolligere,
1111 1620 1139 1660 et
1160 1622 1218 1661 cum

688 1685 803 1751 quadam
824 1683 983 1734 verecundia
1007 1693 1034 1733 et
1052 1684 1154 1735 rubore
1169 1697 1221 1733 nu-

689 1755 754 1805 dum
769 1770 859 1805 coram
875 1754 930 1805 illis
944 1768 1049 1820 semper
1069 1753 1161 1819 ipsum
1174 1753 1221 1803 de·

690 1827 842 1878 ridentibus
860 1842 889 1877 se
904 1825 1041 1886 revestire,
1061 1841 1091 1876 ac
1115 1825 1139 1876 si
1158 1825 1222 1876 foret

691 1898 814 1949 omnium
835 1898 955 1958 infimus,
968 1913 983 1948 a
995 1897 1051 1947 Deo
1069 1897 1222 1958 derelictus,

691 1981 717 2021 et
733 1971 808 2021 omni
823 1969 924 2020 auxilio
947 1968 1102 2020 destitutus.
1119 1971 1224 2021 Intuere

692 2056 755 2108 ergo
778 2056 840 2091 eum
855 2040 1007 2106 diligenter,
1027 2055 1057 2090 ac
1084 2039 1184 2105 pietate
1196 2047 1220 2089 et

693 2111 880 2176 compassione
890 2109 1031 2160 movearis.
1038 2111 1144 2161 Redeas
1153 2119 1222 2175 post·

692 2199 723 2234 ea
748 2184 780 2233 ad
803 2183 987 2242 divinitatem,
1024 2192 1050 2233 et
1084 2182 1226 2232 considera

693 2253 768 2302 illam
790 2253 962 2312 immensam,
981 2261 1107 2314 aeternam
1131 2262 1158 2303 et
1181 2251 1227 2301 in-

693 2325 973 2390 comprehensibilem,
988 2335 1015 2374 et
1028 2322 1228 2390 imperatoriam

695 2397 857 2462 majestatem
881 2396 1058 2451 incarnatam.
1073 2410 1102 2445 se
1116 2394 1229 2446 flecten-

695 2480 759 2531 tem,
777 2479 803 2519 et
817 2467 958 2518 humiliter
979 2468 1011 2518 ad
1032 2477 1132 2518 terram
1148 2467 1230 2518 incli-

697 2550 817 2600 nantem,
841 2554 945 2604 pannos
968 2539 1179 2604 recolligentem,
1204 2546 1230 2589 et

696 2629 724 2663 se
738 2628 799 2663 cum
817 2611 964 2662 reverentia
983 2612 1082 2662 rubore
1105 2611 1232 2662 similiter

697 2682 896 2742 revestientem,
911 2697 941 2732 ac
962 2683 985 2732 si
1006 2692 1075 2733 esset
1089 2682 1176 2733 homo
1188 2680 1232 2732 vl-

698 2753 828 2811 lissimus,
839 2753 895 2803 imo
907 2754 1019 2820 quidam
1029 2769 1123 2804 servus
1136 2752 1233 2819 empti·

698 2824 762 2885 tius,
786 2823 837 2873 sub
854 2823 963 2874 illorum
985 2825 1108 2875 dominio
1129 2822 1233 2875 consti·

699 2905 784 2958 tutus,
803 2904 829 2945 et
842 2897 876 2945 ab
890 2895 929 2946 eis
949 2896 1103 2963 proaliquo
1121 2910 1234 2948 excessu

699 2975 840 3033 correptus
858 2977 884 3016 et
907 2968 1059 3033 castigatus.
1076 2969 1184 3017 Intuere
1208 2975 1235 3017 et

700 3055 772 3089 nunc
792 3054 855 3089 eum
876 3039 1029 3106 diligenter,
1044 3055 1074 3090 ac
1088 3038 1235 3090 humilita-

699 3119 755 3160 tem
779 3124 856 3160 suam
876 3109 1018 3173 admirare,
1035 3119 1062 3160 et
1084 3124 1133 3174 pro
1156 3122 1236 3174 posse

701 3179 814 3230 imitare.
831 3179 984 3229 Secundum
1005 3180 1127 3230 eamdem
1153 3177 1236 3229 etiam

699 3248 941 3300 considerationem
957 3250 1055 3300 intueri
1071 3260 1148 3316 potes
1162 3264 1238 3301 eum·

700 3321 772 3380 dem,
787 3334 849 3369 curn
865 3331 926 3384 post
942 3321 1146 3372 coronationem
1169 3334 1237 3386 pur·

702 3406 769 3457 pura
784 3391 915 3458 spoliatus
929 3409 957 3444 se
971 3394 1029 3445 vult
1042 3393 1182 3445 revestire.
1197 3393 1236 3444 Ex

701 3465 753 3515 hoc
768 3464 881 3515 articulo
903 3465 1090 3532 flagellationis
1102 3467 1239 3518 habentur

706 3535 760 3583 duo
775 3534 944 3587 documenta.
960 3536 1082 3587 Primum
1097 3547 1147 3596 est,
1164 3531 1239 3602 quod

702 3619 752 3654 nos
776 3603 880 3670 flagella
899 3604 948 3655 Dei
969 3605 1087 3655 libenter
1107 3606 1241 3657 debemus

702 3673 823 3737 sufferre,
849 3685 880 3726 ut
902 3676 1092 3743 unusquisque
1112 3685 1240 3727 nostrum

701 3747 787 3814 possit
799 3764 861 3799 cum
879 3748 1021 3799 Psalmista
1035 3749 1125 3799 dicere
1137 3765 1145 3805 ς
1163 3749 1240 3810 Quo-

703 3820 776 3871 niam
790 3835 842 3888 ego
857 3821 883 3871 ia
895 3821 1015 3887 flagella
1025 3828 1145 3888 paratus
1160 3835 1220 3873 sum
1228 3836 1239 3884 ς

704 3902 730 3945 et
742 3894 848 3956 merito,
863 3893 963 3959 quiesi
978 3894 1076 3949 unicus
1089 3894 1139 3947 Dei
1153 3892 1243 3947 Filius
