2626 4328
333 274 380 324 DE
394 274 694 327 RESURRECTIONE
709 274 838 326 DOMINI
854 273 994 326 NOSTRI.

1178 273 1231 326 655

519 730 687 801 CAPUT
717 731 838 799 LXIX

341 1030 393 1096 De
415 1030 684 1100 Resurrectione
709 1030 852 1100 Domini
874 1030 1016 1100 Nostri.

524 1327 667 1391 Matthaei
688 1349 755 1412 cap.
782 1331 833 1392 28.

155 1633 164 1668 1
183 1618 303 1666 [ωιτη
316 1631 500 1684 passurusne
514 1617 652 1667 Rasunnr·

122 1705 216 1741 emona
244 1691 351 1740 Dourru.
377 1719 408 1728 -
437 1691 535 1753 Nunc,
563 1700 594 1741 ut
614 1689 651 1740 ait

120 1764 331 1829 Hieronymus:
349 1781 362 1809 u
380 1763 458 1811 Nunc
487 1761 651 1812 aromatibus

120 1834 312 1893 redolentibus,
332 1849 391 1883 cum
414 1849 513 1898 sponsa
537 1843 564 1884 et
583 1834 650 1883 ado-

120 1906 281 1967 lescentulis,
298 1922 359 1973 quae
374 1916 485 1956 currunt
500 1915 561 1972 post
580 1920 649 1966 eam,

122 1977 325 2041 conspergimus
340 1975 439 2025 librum
456 1985 482 2025 et
495 1975 649 2027 cubiculum

121 2046 220 2096 mentis
252 2056 360 2096 nostrae.
391 2047 469 2096 Nunc
503 2045 652 2096 introducit

120 2133 169 2167 nos
181 2119 239 2168 Rex
254 2118 283 2166 in
297 2117 402 2167 cellaria
413 2132 469 2180 sua,
481 2132 553 2175 nunc
565 2117 651 2183 surgit

120 2188 206 2239 amica
226 2188 308 2238 Maria
323 2205 330 2238 :
344 2189 427 2239 hiems
447 2188 520 2238 enim
535 2188 611 2250 obiit,
624 2195 651 2238 et

120 2259 210 2322 pluvia
223 2259 343 2309 recessit.
357 2259 387 2308 F.
394 2272 455 2308 ores
465 2264 651 2324 apparuerunt

120 2331 147 2380 in
169 2337 243 2382 terra
257 2337 361 2383 nostra.
383 2331 444 2381 Vox
467 2331 582 2381 turturis
596 2344 649 2380 au-

120 2401 180 2450 dita
208 2408 247 2451 est
270 2403 296 2452 in
324 2408 398 2451 terra
425 2407 529 2452 nostra.
559 2401 649 2451 Vineae

112 2470 245 2535 florentes
268 2472 399 2522 dederunt
429 2470 546 2521 odorem.
570 2470 650 2521 Redit

118 2558 236 2608 sponsus
249 2544 281 2594 de
301 2544 398 2594 umbra
420 2544 471 2592 sub
484 2557 537 2608 qua
551 2542 650 2592 dormit

120 2614 148 2664 in
162 2616 283 2666 meridie.
298 2615 383 2665 Radix
396 2630 485 2665 amara
497 2614 582 2664 crucis
593 2629 650 2665 eva·

119 2684 188 2744 nuit,
212 2684 261 2735 flos
283 2685 344 2735 vitae
358 2701 419 2735 cum
436 2684 566 2734 fructibus
584 2700 648 2735 eru-

118 2754 175 2818 pit3
190 2764 215 2805 et
229 2755 276 2820 qui
289 2755 370 2818 jacuit
382 2755 409 2804 in
424 2766 518 2814 morte,
533 2754 649 2805 surrexit

118 2827 146 2875 in
163 2827 248 2892 gloria
257 2845 265 2892 ;
281 2831 321 2878 sol
334 2837 394 2892 post
408 2842 534 2878 occasum
549 2827 646 2891 oritur;

118 2899 216 2964 aquilae
253 2900 285 2949 ad
314 2915 411 2965 corpus
443 2907 648 2965 congregantur.

118 2967 182 3019 Post
208 2970 318 3020 sabbata
341 2969 436 3029 tristia,
461 2969 525 3018 felix
539 2967 649 3018 irradiat

117 3040 183 3100 dies,
196 3057 257 3107 quae
267 3040 411 3107 primatum
421 3040 449 3090 in
462 3039 557 3089 diebus
565 3047 647 3103 tenet,

117 3113 177 3163 luce
190 3114 278 3178 prima
294 3114 322 3163 in
337 3129 366 3164 ea
378 3115 536 3172 lucescente,
552 3120 578 3162 et
591 3113 647 3162 Do-

117 3185 194 3235 mino
221 3185 249 3235 in
273 3201 303 3236 ea
325 3200 387 3236 cum
411 3185 550 3250 triumpho
564 3199 647 3235 resur·

116 3266 203 3320 gente,
221 3265 247 3306 et
267 3257 371 3306 dicente
386 3273 393 3306 :
408 3257 478 3308 Haec
494 3256 552 3306 dies
568 3270 646 3321 quum

109 3328 182 3393 serit
200 3330 342 3393 Dominus,
356 3332 522 3381 exsultemus
533 3337 558 3381 et
569 3330 647 3380 laete·

117 3415 176 3449 mur
183 3400 210 3451 in
220 3415 252 3451 ea
262 3420 270 3452 .·
280 3422 294 3449 u
305 3402 361 3451 haec
368 3401 647 3468 HieronymusUnde

116 3478 141 3518 et
154 3471 341 3536 Augustinus:
360 3490 374 3518 a
389 3473 452 3521 Post
467 3471 607 3522 illusiones
621 3480 647 3521 et

114 3540 233 3600 verbera,
256 3550 317 3607 post
338 3541 405 3592 aceti
427 3551 453 3591 et
468 3540 539 3591 fellis
552 3541 647 3606 pocula

115 3611 208 3675 mixta,
224 3624 283 3678 post
297 3613 428 3680 supplicia
441 3613 527 3663 crucis
543 3623 570 3663 et
583 3613 646 3664 vul·

116 3696 190 3744 nera,
206 3693 232 3732 et
247 3692 383 3748 postremo
395 3693 455 3749 post
468 3682 555 3748 ipsam
572 3697 646 3733 mor-

115 3761 170 3801 tem
195 3763 221 3803 et
249 3753 366 3813 inferos,
396 3753 512 3804 surrexit
541 3753 574 3804 de
596 3766 646 3803 suo

114 3821 208 3873 funere
222 3837 283 3872 caro
297 3837 375 3883 nova,
397 3823 466 3873 redit
480 3823 513 3873 ab
534 3823 646 3874 occiduo

116 3894 201 3946 latens
214 3895 285 3967 vita;
301 3895 370 3946 etin
385 3905 472 3946 morte
481 3896 554 3946 salus
563 3910 646 3947 reser-

707 1628 785 1677 vata,
816 1618 932 1685 resurgit
956 1617 1094 1685 pulchrior
1119 1620 1238 1672 reditura

707 1699 769 1754 post
779 1689 860 1740 funus
873 1705 880 1739 ε
892 1708 906 1738 u
919 1691 976 1741 haec
991 1691 1169 1757 Augustinus.
1182 1693 1237 1743 Ve*

707 1760 786 1811 niens
809 1760 900 1827 itaque
922 1761 1012 1811 anima
1030 1761 1139 1811 Domini
1160 1762 1237 1814 lesus

706 1830 751 1880 die
779 1831 930 1891 Dominico,
955 1841 982 1882 et
1009 1847 1118 1882 summo
1144 1848 1236 1897 mane,

706 1916 769 1952 cum
784 1902 936 1954 honorabili
956 1903 1131 1954 multitudine
1144 1906 1237 1970 Ange-

705 1972 795 2022 lorum
811 1973 844 2023 ad
868 1983 1083 2032 monumentum,
1097 1983 1123 2023 et
1137 1973 1237 2024 reacci-

707 2045 783 2110 piens
806 2045 874 2094 illud
900 2061 997 2110 corpus
1025 2046 1236 2107 sanctissimum,

706 2115 814 2180 propria
824 2115 923 2166 virtute
933 2116 1086 2175 resurrexit,
1096 2127 1122 2166 et
1132 2132 1163 2165 ex
1176 2116 1235 2182 ipso

706 2197 883 2237 monumento
894 2188 984 2238 clauso
998 2188 1136 2253 processit.
1148 2189 1234 2238 Nemo
1292 2191 1296 2197 '

704 2257 805 2323 quippe
821 2266 875 2307 tam
889 2258 964 2308 facile
978 2258 1108 2308 excitatur
1131 2267 1157 2308 et
1172 2273 1236 2308 sur-

706 2329 744 2394 git
757 2342 773 2377 a
788 2342 893 2388 somno,
906 2344 988 2394 quam
1004 2328 1129 2378 Christus
1144 2343 1237 2379 surre-

705 2401 744 2451 xit
776 2419 790 2453 a
818 2412 905 2452 morte
929 2412 955 2452 et
990 2403 1140 2467 sepulchro,
1174 2402 1239 2470 quia

705 2473 832 2523 excitatus
845 2482 885 2523 est
898 2482 1025 2539 tanquam
1037 2474 1175 2524 dormiens
1187 2474 1238 2524 Do·

705 2545 806 2606 minus,
820 2545 869 2612 qui
881 2545 963 2596 etianl
978 2547 1011 2596 de
1023 2546 1151 2613 sedicit:
1171 2546 1236 2613 Ego

705 2618 829 2682 dormivi,
852 2624 878 2668 et
891 2625 1036 2684 soporatus
1050 2633 1107 2669 sum
1114 2637 1124 2682 ,·
1144 2626 1170 2669 et
1184 2634 1237 2670 ex-

705 2690 826 2753 surrexi,
841 2690 904 2756 quia
916 2691 1048 2741 Dominus
1060 2692 1177 2758 suscepit
1186 2704 1234 2742 me.

705 2761 779 2812 Sicut
791 2772 881 2813 autem
896 2763 1024 2814 Christus
1038 2763 1128 2822 exivit,
1144 2763 1234 2812 clauso

702 2831 826 2898 Virginis
850 2842 940 2893 utero,
965 2833 1004 2883 sic
1032 2833 1120 2898 potuit
1144 2833 1234 2882 'clauso

702 2903 811 2966 prodire
825 2903 982 2969 sepulchr03
1010 2903 1061 2953 hoc
1077 2913 1167 2952 tamen
1182 2901 1234 2952 ali-

701 2980 742 3021 ter
763 2971 824 3032 fuit,
847 2972 910 3038 quia
924 2974 951 3021 in
966 2972 1169 3022 Resurrectione
1181 2971 1233 3022 ha-

702 3042 761 3093 buit
784 3059 881 3110 corpus
905 3044 1063 3108 gloriosum,
1091 3043 1133 3093 cui
1158 3043 1230 3093 aliud

703 3129 756 3163 non
778 3115 887 3176 resistit,
917 3114 963 3164 sed
984 3114 1071 3164 exitus
1095 3114 1128 3164 de
1153 3124 1231 3164 utero

701 3184 822 3250 Virginis
836 3185 1012 3235 miraculosus
1021 3184 1081 3235 fuit.
1093 3185 1130 3236 Ut
1140 3194 1229 3235 autem

701 3256 738 3306 ait
759 3258 834 3324 Beda
853 3273 860 3307 ε
877 3275 891 3303 «
916 3257 1071 3308 Resurrexit
1095 3257 1230 3308 Dominus

701 3343 780 3378 mane
794 3328 828 3378 de
844 3338 1030 3388 monumento,
1053 3327 1083 3377 in
1103 3343 1157 3395 quo
1171 3343 1231 3379 sero

701 3399 753 3463 jam
778 3397 848 3449 facto
862 3408 917 3448 erat
935 3398 1082 3464 depositus,
1097 3408 1128 3447 ut
1141 3398 1231 3448 adim-

700 3470 817 3535 pleretur
827 3469 894 3519 illud
905 3469 1068 3519 Psalmistae:
1084 3469 1130 3518 At
1142 3481 1232 3534 vespe-

700 3556 759 3591 rum
775 3539 960 3590 demorabitur
973 3539 1067 3605 fletus,
1086 3540 1162 3589 etad
1176 3552 1233 3589 ma·

701 3609 813 3659 tutinum
828 3609 935 3659 laetitio.
949 3627 963 3656 u

732 3696 746 3729 a
760 3680 853 3730 Tanna
863 3694 959 3743 riorus,
971 3695 1142 3731 insusurrare
1152 3680 1233 3729 Cum-

701 3767 767 3813 sro‚
799 3765 908 3801 racrus.
934 3779 966 3788 -
989 3751 1027 3801 Et
1059 3765 1117 3802 ecce
1148 3756 1230 3800 terrae

700 3827 796 3883 motus,
812 3820 931 3871 Domino
957 3833 1120 3888 resurgente,
1135 3820 1232 3884 sactus

700 3899 741 3943 est
762 3905 890 3958 maguus,
908 3891 984 3957 cujus
996 3906 1075 3943 causa
1093 3888 1231 3940 subditur:
