2626 4328
307 201 354 252 DE
369 201 489 261 PRIMA,
506 200 541 251 IN
560 198 729 252 PASSIONE
744 201 881 254 DOMINI.

29 319 91 370 bitis
112 334 158 369 me
170 318 273 369 Filium
291 317 412 368 hominis
425 317 562 367 sedentem

28 389 155 441 adextris
165 389 276 440 virtutis
287 389 346 440 Dei.
359 407 373 436 n
388 389 473 448 Tunc,
488 387 563 438 dt'xe-

28 470 89 515 rant
100 477 214 513 omnes:
232 463 273 512 Tu
286 477 352 529 ergo
363 476 393 512 es
403 461 493 512 Filius
502 461 562 523 Dei,

29 536 130 587 scilicet
156 535 296 586 naturalis.
330 535 385 595 Qui
415 535 453 585 ait
476 551 482 584 :
511 535 564 586 Vos

31 606 126 669 dicitis,
143 607 210 673 quia
228 621 280 673 ego
301 621 368 658 sum.
384 605 466 666 Quasi
490 604 564 656 dice-

30 685 85 729 ret:
101 677 162 742 Ego
185 691 233 726 nec
252 676 322 737 dico,
335 691 383 727 nec
409 691 492 742 nego;
515 676 563 726 sed

30 762 73 799 ros
90 747 195 808 dicitis,
217 747 341 814 quamvis
364 763 419 798 non
441 747 562 797 credatis.

29 818 78 871 &aa
98 835 166 886 ergo
191 821 324 870 sententia
342 821 562 871 condemnantur.

30 890 78 942 Ubi
106 892 189 943 Beda
215 908 224 942 .·
249 909 263 937 a
293 892 331 941 Ita
358 890 563 956 responsionem

29 975 101 1013 stam
121 971 312 1027 temperatur
332 971 358 1012 et
372 976 465 1012 verum
484 961 563 1020 dicat,

30 1043 53 1087 et
64 1050 158 1085 sermo
172 1035 232 1098 eius
244 1033 386 1084 calumnIae
401 1049 456 1084 non
468 1042 563 1098 pateat.

30 1106 122 1156 Ilaluit
144 1105 222 1156 enim
247 1120 276 1156 se
300 1104 439 1155 Christum
462 1104 564 1155 Filium

31 1175 76 1227 Dei
88 1177 216 1242 probare,
232 1191 314 1241 quam
336 1174 431 1237 dicere,
449 1185 480 1226 ut
497 1191 565 1226 con-

32 1246 174 1298 demnandi
195 1261 276 1296 causa
296 1246 434 1297 tolleretur
447 1246 501 1307 his,
516 1247 564 1312 qui

32 1319 102 1385 quod
125 1318 263 1384 objiciunt
286 1318 341 1368 hoc¹
362 1318 412 1384 ipsi
436 1317 564 1368 latentur.

33 1389 117 1450 Quam
148 1399 241 1439 tamen
273 1389 478 1454 responsionem
514 1388 565 1454 ipsi

33 1459 227 1526 blasphemiam
242 1469 405 1525 reputantes
415 1459 543 1531 dlxerunt
557 1477 564 1509 :

34 1532 100 1594 Quid
122 1532 214 1583 adhuc
236 1531 420 1599 desideramus
446 1532 566 1582 testimo-

33 1605 109 1668 niam,
125 1605 231 1656 scilicet
250 1605 283 1654 ad
305 1605 475 1670 probandum
493 1605 566 1671 quod

34 1691 59 1728 se
77 1677 221 1730 ChrIstum
245 1677 315 1727 dicat
335 1686 361 1727 et
379 1677 428 1727 Dei
449 1676 567 1727 Filium?

35 1747 92 1800 llaec
105 1749 161 1798 duo
177 1746 287 1813 gravius
305 1747 498 1812 ponderabant,
512 1746 566 1796 sci-

33 1817 90 1869 licet
107 1818 184 1885 quod
203 1832 232 1867 se
247 1816 387 1867 ChrIstum
408 1826 434 1866 et
452 1817 500 1866 Dei
519 1817 567 1866 Fi·

35 1887 99 1940 lium
119 1888 252 1939 dicebat:
274 1902 305 1936 eo
327 1888 400 1953 quod
419 1902 505 1937 unum
524 1886 568 1936 vi-

35 1959 142 2012 debatur
153 1975 214 2010 esse
225 1969 317 2009 contra
326 1958 422 2018 Deum,
433 1958 568 2025 reliquum

35 2038 123 2083 tonna
149 2031 304 2080 Romanurn
331 2028 486 2094 imperium.
509 2029 568 2093 Ipsi

37 2101 99 2152 mim
112 2100 268 2152 audivimus
282 2099 316 2150 de
333 2114 380 2150 ore
396 2099 462 2164 ejus.
484 2099 509 2150 Ο
525 2099 568 2148 in-

37 2171 141 2233 sensati,
166 2170 309 2222 excaecavit
331 2185 379 2221 vos
397 2169 501 2220 malitia
521 2185 569 2220 ve-

38 2243 104 2296 stra!
120 2243 244 2294 Audistis
256 2258 289 2293 ex
303 2257 348 2293 ore
362 2243 418 2307 ejus
430 2243 478 2293 Dei
491 2257 569 2293 reve-

36 2314 146 2366 rentiam
169 2329 224 2380 qua
240 2323 296 2364 erat
318 2313 446 2363 colendus
465 2324 491 2364 et
513 2329 568 2362 non

38 2383 233 2450 blasphemiam
250 2397 304 2449 qua
318 2393 388 2433 esset
407 2381 568 2448 crucifigen-

38 2455 93 2508 dus.
104 2455 211 2522 »Erga
220 2464 251 2505 ut
262 2455 299 2504 ait
310 2455 396 2517 Beda,
405 2470 453 2505 sua
465 2471 494 2506 se
504 2470 570 2506 sen-

38 2529 117 2580 tentia
132 2529 323 2588 condemnant,
338 2528 385 2593 qui
406 2543 468 2578 eum
488 2529 568 2578 morti

39 2600 150 2663 tradunt,
165 2615 249 2666 quem
264 2599 328 2659 oris,
344 2608 371 2649 et
385 2599 475 2665 operis
492 2600 569 2650 testi-

40 2673 127 2734 monio
140 2673 229 2737 Deum
242 2687 301 2722 esse
315 2682 489 2738 cognoscunt.

66 2742 235 2795 3Cua1srus
249 2759 283 2793 nu
303 2744 423 2794 Prsarurt
444 2759 567 2794 uucrrun.

42 2840 67 2852 -
81 2815 115 2865 Et
134 2824 197 2880 post
210 2814 295 2864 multa
315 2829 376 2879 quae
394 2824 488 2865 contra
507 2830 569 2865 eum

41 2885 164 2948 iecerunt,
179 2896 210 2938 ut
229 2887 345 2948 aestimo,
360 2887 430 2939 sicut
445 2888 473 2938 in
491 2896 569 2938 no‘cte

43 2957 158 3024 fecerant,
177 2961 354 3011 adduxerunt
367 2975 432 3020 ,eum
445 2960 568 3023 vinctum,

43 3029 152 3081 adonio
171 3029 283 3096 Caiphae
302 3029 451 3091 Pontificis‚
466 3031 499 3082 ad
518 3030 570 3079 do-

43 3114 112 3151 mum
129 3100 206 3151 Pilati
231 3100 356 3150 Praesidis
370 3102 498 3151 Romanae
518 3115 570 3165 po-

43 3171 151 3232 testatis,
171 3170 205 3221 ad
225 3185 308 3236 quem
328 3171 478 3237 pertinebat
497 3169 570 3235 judi-

44 3241 107 3294 cium
120 3243 148 3293 in
164 3257 245 3294 causa
259 3243 409 3308 sanguInis,
425 3252 455 3293 ut
470 3240 571 3292 scilicet

10 3350 12 3385 :
46 3313 121 3367 Pilato
144 3325 234 3366 totum
258 3315 451 3380 imponeretur,
472 3324 498 3365 et
517 3313 569 3380 ipsi

10 3390 14 3435 .'
45 3384 173 3440 immunes
207 3397 403 3453 reputarentur.
435 3387 571 3438 Adduxe-

10 3438 14 3525 Ι
46 3465 107 3523 rut,
119 3458 244 3525 inquam,
259 3472 318 3508 eum
339 3457 462 3521 vinctum,
478 3456 570 3507 mani-

46 3525 89 3581 bus
110 3540 173 3596 post
195 3539 301 3595 tergum
327 3526 430 3593 figatis,
458 3537 484 3578 et
509 3543 571 3578 cum

47 3601 132 3654 uultis
151 3602 280 3653 convitiis
295 3616 326 3653 ac
344 3600 531 3666 contumeliis3
546 3610 572 3651 et

10 3666 15 3727 i
46 3673 136 3727 dicitur
153 3675 293 3727 catenain
312 3673 382 3725 collo
401 3674 457 3739 ejus
475 3672 570 3739 posita,

47 3757 97 3810 que
110 3757 204 3814 postea
220 3744 409 3796 ostendebatur
423 3743 452 3793 in
465 3743 572 3794 Jerusa-

47 3812 90 3869 lem
108 3817 260 3886 peregrinis
280 3832 328 3883 pro
352 3814 492 3867 devotione
510 3829 571 3866 ma-

1098 194 1153 258 515'

618 333 680 384 gna,
695 319 742 386 qui
759 329 785 371 et
798 321 850 387 ipsi
867 321 1062 375 submittebant
1076 325 1104 374 in
1118 341 1149 377 ea

617 391 684 441 colla
698 407 754 443 sua.
767 392 862 459 Cogita
877 409 1033 455 nunc,cu1n
1047 408 1149 462 quanto

609 463 763 528 opprobrio
783 464 891 515 ducitur
904 479 951 530 per
965 466 1085 517 medium
1107 469 1148 519 ci-

616 533 706 585 vitatis
736 535 903 597 Jerusalem,
937 538 1148 590 convitiantibus

617 605 782 671 prinpribus
805 610 974 660 sacerdotum
998 621 1024 661 et
1049 613 1147 662 Phari—

617 675 687 736 saeis,
709 687 789 743 atque
807 679 958 731 dicentibus
980 697 987 731 t
1008 682 1077 733 Veni
1098 701 1147 734 no-

617 745 721 797 biscum
745 748 821 808 latro,
848 759 873 799 et
898 751 1021 815 deceptor
1044 756 1146 819 populi,

617 833 690 868 nunc
703 827 748 868 tua
768 818 897 870 maleficia
911 820 992 871 finem
1012 823 1150 875 habebunt

618 886 646 936 in
661 888 742 939 brevi.
764 890 902 940 Horrenda
920 907 1030 956 prorsus
1050 893 1149 960 impie-

617 965 666 1017 tas,
681 974 742 1024 quae
755 959 836 1009 tantis
856 960 963 1025 injuriis
984 964 1073 1015 satiari
1098 982 1150 1016 non

618 1028 715 1093 potuit,
731 1029 798 1094 quin
813 1029 903 1095 potius
917 1031 991 1083 ferali
1008 1036 1080 1086 rabie
1099 1036 1153 1087 fre-

618 1113 704 1158 mens,
715 1097 799 1163 impio
812 1100 905 1164 judici,
918 1111 1045 1169 tanquam
1056 1107 1149 1157 rabido

617 1172 692 1236 cani,
716 1173 832 1223 animam
858 1174 921 1238 justi
951 1176 1149 1242 deglutiendam

617 1243 749 1307 exposuit.

649 1313 843 1376 4Dasrsnnrro
853 1330 886 1364 er
895 1331 963 1366 uons
972 1333 1078 1369 russina
1088 1337 1147 1371 rao·
1164 1324 1169 1330 '

618 1399 731 1433 orroms.
743 1412 772 1422 -
792 1386 867 1436 Tunc
878 1386 971 1437 videns
980 1389 1069 1438 Judas
1080 1391 1151 1456 quod

618 1454 699 1504 Jesus
716 1454 862 1506 damnatus
877 1464 956 1522 esset,
972 1459 1086 1509 concilio
1106 1475 1152 1510 sa-

618 1526 755 1576 cerdotum
770 1537 796 1578 et
810 1529 958 1589 seniorum,
973 1530 1000 1580 id
1021 1541 1062 1582 est
1074 1533 1151 1582 dam-

619 1598 722 1648 nationi
744 1609 770 1650 et
792 1601 872 1651 morti
888 1602 1068 1666 adjudicatus3
1084 1621 1152 1654 con-

619 1671 733 1720 suetudo
755 1671 829 1721 enim
851 1682 907 1723 erat
928 1674 1096 1735 Judaeorum,
1123 1688 1152 1726 ur

619 1755 701 1805 quern
716 1756 791 1790 reum
804 1743 900 1792 mortis
914 1744 1084 1810 judicassent,
1097 1746 1153 1796 vin·

619 1820 692 1862 ctum
722 1813 830 1863 Praesidi
855 1814 1004 1876 traderent,
1029 1826 1059 1866 ut
1086 1818 1151 1867 dum

620 1897 718 1947 praeses
736 1883 857 1933 vinctum
875 1894 984 1946 teneret,
1000 1887 1080 1936 morti
1101 1890 1151 1937 ad-

619 1952 721 2022 dictum
737 1953 910 2020 intelligeret;
922 1959 1080 2022 poenitentia
1098 1959 1151 2009 du-

620 2030 688 2085 ctus,
711 2024 877 2077 infructuosa
893 2037 991 2092 tamen,
1012 2030 1077 2095 quia
1092 2032 1152 2082 sine

621 2110 668 2160 spe
681 2097 767 2148 veniae
782 2108 846 2158 erat,
859 2100 951 2149 retulit
961 2102 1085 2166 pretium,
1102 2102 1154 2152 sci-

620 2166 682 2216 licet
696 2167 805 2233 triginta
824 2181 972 2235 argenteos,
983 2173 1152 2239 principibus

621 2239 788 2290 sacerdotum
814 2247 839 2290 et
867 2244 1015 2293 senioribus
1040 2245 1150 2310 populi,

621 2311 751 2377 aquibus
767 2314 837 2363 male
858 2326 1000 2380 acceperat,
1023 2317 1100 2382 quasi
1123 2317 1151 2367 in

621 2400 669 2435 sua
699 2395 827 2450 potestate
856 2398 925 2438 esset
954 2399 1154 2453 persecutorum

622 2457 783 2506 sententiam
797 2467 910 2517 mutare,
927 2469 953 2508 et
966 2459 1043 2525 quasi
1060 2461 1153 2512 eodem

622 2527 708 2593 pretio
744 2543 799 2593 quo
832 2529 970 2580 Christum
1002 2531 1151 2583 Dominum

622 2597 740 2649 vendidit
755 2609 844 2663 posset
856 2615 918 2650 eum
933 2602 1072 2654 redimere.
1087 2605 1154 2654 Mul-

622 2669 642 2719 ti
657 2669 729 2719 enim
746 2680 860 2735 possunt
873 2671 952 2722 alicui
964 2674 1034 2723 mala
1045 2689 1155 2739 persua-

621 2745 693 2804 dere,
711 2758 772 2809 quae
791 2753 880 2794 tamen
903 2747 1060 2811 poenitentia
1081 2748 1153 2799 ducti

623 2823 682 2879 post
701 2829 756 2864 non
775 2823 920 2879 potuerunt
934 2816 1095 2876 dissuadere,
1112 2819 1153 2867 vel

623 2887 651 2937 in
664 2887 767 2936 bonum
781 2897 943 2938 convertere.
957 2888 985 2939 Si
999 2903 1062 2953 ergo
1072 2889 1085 2939 J
1089 2890 1154 2938 udas

622 2958 739 3008 restituit
752 2956 893 3023 pecuniam
904 2959 972 3008 male
985 2958 1153 3024 acquisitam,

623 3029 759 3097 quomodo
779 3030 918 3080 usurarius
940 3039 1012 3079 tenet
1032 3045 1153 3094 usuram,

622 3111 649 3151 et
663 3100 827 3150 simoniacus
840 3101 1019 3165 praebendam,
1032 3101 1073 3151 vel
1088 3102 1154 3168 qui-

622 3185 729 3236 cunque
747 3186 803 3220 rem
819 3171 949 3220 alienam?
964 3170 1098 3222 Credibile
1112 3183 1152 3223 est

622 3243 696 3309 quod
723 3242 774 3293 lata
798 3242 932 3292 sententia
956 3253 1048 3293 contra
1071 3243 1153 3294 Chri·

623 3325 706 3372 stum,
728 3312 768 3362 illi
789 3312 836 3380 qui
863 3313 1025 3379 principales
1046 3314 1154 3367 fuerunt

624 3386 653 3436 in
668 3397 755 3436 morte
771 3385 883 3448 Christi,
897 3385 1032 3437 redierunt
1043 3387 1076 3438 ad
1090 3397 1156 3439 tem-

625 3457 713 3522 plum3
737 3467 763 3506 et
780 3467 845 3506 tunc
864 3456 939 3507 venit
957 3458 1047 3521 ludas,
1063 3460 1153 3524 poent'·

624 3527 706 3577 tentia
720 3528 825 3590 ductus,
841 3526 868 3576 id
887 3537 928 3578 est
947 3529 1071 3594 angustia
1084 3545 1154 3595 qua-

623 3599 685 3648 dam
706 3607 733 3647 et
753 3597 862 3647 tristitia
880 3607 975 3659 tactus,
988 3614 1048 3664 quae
1064 3609 1154 3650 tamen

625 3685 680 3720 non
694 3668 786 3729 valuit,
800 3668 864 3735 quia
884 3685 938 3719 non
955 3681 1063 3735 propter
1076 3686 1154 3721 arno-

623 3757 681 3792 rem
703 3741 761 3801 Dei,
777 3744 823 3792 sed
844 3752 952 3808 propter
967 3741 1154 3793 enormitatem

624 3813 662 3866 rei
687 3813 772 3866 tristis
794 3813 866 3877 luit;
888 3819 914 3864 et
938 3814 1031 3866 retulit
1052 3829 1156 3880 argeu-
