2626 4328
147 310 200 376 514

146 426 266 478 verentia
283 427 435 494 dignitatis
450 441 484 480 ac
497 429 616 480 seniores
628 443 678 496 po·

142 497 219 562 puli,
247 496 294 563 qui
320 497 504 563 praecellebant
533 499 679 550 reverentia

148 568 249 634 aetatis3
263 574 289 618 et
302 569 415 631 Scribae,
430 569 478 635 qui
494 571 680 634 praecellebant

149 639 296 689 reverentia
309 639 435 690 doctrina
449 640 551 706 legalis,
564 641 602 692 ad
613 655 679 693 con-

148 712 239 762 cilium
266 712 396 762 adversus
418 714 520 777 desum,
546 721 575 766 ut
599 715 680 766 morti

151 795 208 832 eum
229 783 380 844 traderent,-
402 791 430 833 et
446 783 564 836 fecerunt
582 785 680 835 Domi-

150 870 217 904 num
246 865 323 906 tuum
353 857 458 908 dulcem
481 859 573 909 iesum
597 858 680 909 nimis

150 927 280 978 afflictum
303 929 340 979 ibi
359 930 465 982 adduci.
482 931 532 982 Hic
553 941 594 982 est
613 947 681 982 con-

148 1008 243 1051 ventus
264 1000 489 1066 malignantium,
512 1001 587 1066 cujus
609 1003 682 1069 prior

149 1069 205 1119 sive
228 1071 310 1121 abbas
334 1082 390 1122 erat
410 1073 535 1139 Caiphae,
555 1074 601 1139 qui
622 1080 683 1124 erat

147 1140 282 1210 Pontifex
304 1143 369 1193 anni
391 1143 473 1194 illius.
496 1145 566 1195 Cum
591 1153 681 1195 autem

151 1215 246 1264 volunt
266 1230 328 1264 eum
352 1217 486 1266 dedomo
508 1216 613 1276 ducere,
637 1217 682 1266 di-

154 1294 219 1334 cunt
235 1285 258 1335 ei
277 1302 284 1335 x
303 1286 374 1347 Jesu,
400 1287 466 1353 quid
487 1288 561 1348 facis,
580 1288 683 1338 ibimus

150 1372 182 1405 an
208 1358 281 1408 noni
303 1359 383 1420 Veni,
409 1361 473 1425 quia
498 1361 633 1426 principes
656 1369 683 1411 et

63 1465 67 1473 .
150 1428 299 1479 sacerdotes
323 1432 461 1491 mandant,
483 1433 556 1496 quod
579 1430 683 1481 ducaris

152 1500 184 1548 ad
211 1500 374 1562 concilium,
400 1501 446 1551 ubi
477 1512 503 1552 te
530 1511 684 1568 exspectant

154 1585 216 1617 cum
248 1571 358 1635 populo,
384 1573 504 1622 volentes
532 1582 557 1622 te
582 1572 685 1622 tradere

153 1639 239 1690 Pilato
261 1651 290 1692 ut
316 1641 449 1694 moriaris.
470 1644 513 1693 Tu
537 1653 636 1704 autem,
661 1642 684 1693 si

159 1714 247 1764 adhuc
272 1715 373 1781 cogites
401 1727 425 1767 te
448 1733 509 1767 cum
536 1717 594 1783 ipso
618 1733 684 1778 esse,

155 1785 227 1835 dices
254 1803 317 1836 cum
346 1803 443 1854 magna
469 1789 655 1854 compassione
678 1804 685 1838 :

154 1857 226 1922 Heu,
247 1859 361 1910 Domine
385 1861 439 1910 mi!
463 1861 521 1921 heu,
547 1861 687 1927 Magister

156 1933 238 1983 boue!
255 1933 318 1998 quia
334 1933 394 2000 jam
419 1941 443 1985 te
466 1936 556 1986 volunt
571 1936 687 2002 perdere

148 2002 207 2069 Jam
221 2003 349 2054 voluntte
363 2006 444 2057 morti
458 2006 573 2057 tradere.
588 2006 612 2056 0
626 2007 687 2058 Do-

155 2073 232 2135 mine,
255 2074 321 2138 quid
344 2088 395 2140 ego
417 2077 498 2126 miser
510 2075 640 2141 faciam?
664 2077 687 2127 0

155 2159 233 2210 quam
262 2147 383 2197 crudeles
411 2153 437 2197 et
464 2163 543 2213 quam
568 2149 688 2200 dolorosi

155 2216 304 2267 rumores?
325 2218 488 2280 ODomine,
504 2235 583 2285 quam
604 2221 687 2287 lugu-

157 2289 227 2339 brem
253 2289 380 2341 visionem
403 2290 508 2341 habebit
528 2297 575 2342 tua
594 2291 688 2342 Mater

156 2360 321 2424 dulcissima,
343 2377 421 2427 quam
438 2377 548 2415 amaros
568 2376 689 2414 rumores

158 2432 250 2480 audiet
270 2438 325 2482 tam
348 2434 411 2496 ista,
433 2449 512 2499 quam
536 2431 690 2499 omnesqui

158 2507 183 2551 te
212 2502 330 2566 diligunt
355 2518 413 2554 cum
442 2506 491 2554 eal
516 2506 540 2555 O
566 2505 688 2568 Domine,

157 2571 222 2635 quid
238 2585 289 2635 ego
302 2572 382 2623 miser
391 2573 497 2638 faciam
507 2575 580 2626 Plio
595 2582 687 2637 tecum,

157 2644 279 2707 Domine,
299 2645 341 2694 vel
354 2646 396 2696 ibo
415 2647 538 2696 nuntiare
554 2653 580 2697 et
601 2647 690 2698 dicere

156 2715 281 2765 Dominae
303 2729 368 2765 meoe
384 2715 507 2780 benignae
519 2714 611 2766 Matri
624 2723 687 2777 tuae,

159 2792 186 2836 ut
200 2786 290 2836 veniat
300 2786 338 2835 ad
352 2792 385 2836 te.
402 2787 495 2835 Postea
508 2786 612 2837 videbis
625 2801 690 2852 quo·

157 2860 238 2909 modo
253 2860 353 2909 ducunt
365 2874 428 2909 eum
446 2868 573 2924 tanquam
588 2875 689 2926 agnum

157 2941 336 2992 mansuetum,
355 2931 402 2999 qui
424 2940 544 2997 portatur
559 2932 592 2982 ad
609 2931 689 2981 victi·

160 3023 242 3066 mam,
261 3017 287 3057 et
306 3007 444 3074 quomodo
457 3005 538 3056 intrat
554 3007 651 3073 ligatus
664 3015 690 3056 et

157 3081 281 3142 afflictus,
306 3092 332 3132 et
352 3096 446 3132 omnes
465 3079 493 3130 in
515 3096 576 3131 eum
603 3081 689 3146 respi-

157 3153 240 3212 ciunt,
262 3163 288 3203 et
307 3154 466 3204 insultantes
488 3153 513 3204 ei
536 3152 628 3204 dicunt
643 3168 650 3202 ι
664 3151 689 3202 Ο

158 3222 228 3272 bone
254 3223 327 3285 Jesu,
355 3223 399 3273 hic
428 3223 475 3274 es?
495 3223 640 3283 Quomodo
666 3222 689 3272 si

159 3291 290 3357 Propheta
311 3307 383 3353 eras,
405 3294 476 3344 istud
507 3309 560 3342 non
590 3291 690 3359 praevi-

157 3361 258 3411 debas?
291 3363 367 3412 Talia
407 3373 433 3413 et
469 3364 554 3413 multa
590 3361 690 3411 similia

159 3439 283 3496 poterant
313 3431 335 3482 ei
363 3431 451 3483 dicere
478 3433 518 3483 illi
545 3432 688 3482 maledicti.

161 3501 310 3551 Considera
337 3502 417 3552 modo
446 3512 578 3568 quantum
604 3501 689 3552 Judaei

158 3573 285 3624 sitiebant
312 3573 470 3639 sanguinem
494 3575 557 3624 Jesu
577 3573 690 3634 Christi,

158 3645 205 3710 qui
228 3661 336 3696 summo
351 3661 430 3695 mane
451 3647 604 3712 quaerebant
625 3661 690 3696 sen-

159 3718 272 3769 tentiam
294 3718 327 3768 de
345 3729 433 3769 morte
450 3720 507 3784 eius
529 3719 598 3769 dari.
621 3718 689 3770 Nam

159 3799 232 3839 tanta
245 3799 301 3839 erat
317 3805 410 3840 eorum
428 3789 559 3856 nequitia,
573 3789 691 3841 utnulla

158 3875 234 3910 mora
248 3861 471 3926 interponeretur,
484 3861 552 3927 quin
566 3860 690 3911 occiden-

159 3931 208 3982 dus
232 3930 317 3983 Pilato
343 3931 498 3982 traderetur.
523 3930 559 3982 Et
583 3930 622 3982 sic
648 3930 690 3982 bis

438 304 613 364 SECUNDAE
631 313 754 365 PARTIS
768 314 886 366 CAPUT
902 314 969 367 LXI.

734 429 786 480 fuit
806 429 950 482 concilium
971 431 1118 498 impiorum
1139 432 1271 487 adversus-
1293 492 1295 502 ,

732 500 824 550 Jesum
841 517 848 551 ε
864 500 961 566 primo,
982 513 1044 553 ante
1062 502 1125 568 galli
1148 513 1266 565 cantum,

733 582 762 622 ut
789 571 879 622 visum
904 582 945 623 est
971 573 1108 639 superius;
1138 574 1271 637 secundm*

732 656 816 704 mane,
828 644 938 709 quando
954 644 1013 696 dies
1023 650 1064 695 est
1073 645 1181 710 sactus.
1199 643 1268 706 Quia
1296 693 1298 696 ,

733 713 806 763 enim
817 728 850 762 ex
864 713 1027 764 testimoniis
1040 715 1200 780 praehabitis
1214 730 1267 767 nou

734 787 867 838 habebant
895 788 1023 855 aliquid,
1063 791 1137 841 unde
1178 804 1279 842 coram'

735 857 818 908 Pilato
844 858 913 908 sicut
938 872 1000 909 reus
1026 861 1121 911 mortis
1149 858 1267 912 accusari

736 937 841 994 posset;
855 929 916 979 ideo
941 929 1055 981 ulterius
1079 931 1267 993 consulebana
1298 957 1299 960 ¹

736 999 852 1066 qualiter
875 1015 937 1050 eum
972 1011 1059 1052 morte
1084 1001 1202 1068 dignum
1223 1010 1268 1053 ω’-
1292 1006 1295 1021 ²

735 1079 869 1120 cusarent.
1295 1092 1298 1097 ·

767 1143 932 1194 aCnutsrus
960 1160 989 1194 su
1016 1160 1076 1195 assu
1098 1145 1200 1196 Fututt
1219 1145 1268 1197 Du

736 1233 824 1266 runnu
844 1233 991 1268 coumruus
1007 1234 1158 1269 uenustus.
1183 1247 1215 1258 -
1236 1216 1268 1271 F}

735 1299 799 1339 tunc
820 1288 944 1338 dixerunt
964 1289 987 1339 ei
1009 1305 1016 1339 ι
1037 1290 1071 1340 Si
1089 1295 1116 1339 tu
1137 1303 1167 1341 es
1189 1289 1267 1341 Citri-

735 1367 801 1423 stus,
813 1361 839 1411 id
855 1371 895 1411 est
910 1376 955 1411 rex
967 1370 993 1412 et
1004 1371 1112 1422 unctus,
1127 1362 1173 1414 dic
1184 1361 1267 1415 nobis.

738 1431 791 1481 Ubi
806 1432 905 1500 Dedo:
925 1450 939 1478 a
956 1433 1014 1482 Non
1036 1433 1177 1483 veritatem
1194 1431 1268 1483 desi·

736 1504 873 1568 derabant,
888 1506 933 1555 sed
953 1505 1117 1555 calumniam
1134 1518 1282 1571 praepart-=

738 1575 811 1625 bant.
824 1575 965 1642 Siquidem
975 1576 1115 1626 Christum
1128 1575 1271 1626 hominem·
1303 1617 1306 1620 ,

738 1646 925 1696 tantummodo
943 1647 975 1697 de
996 1646 1078 1712 stirpe
1098 1646 1184 1697 David
1203 1661 1272 1698 veu-

738 1727 830 1766 turum
850 1726 996 1782 sperantes,
1015 1717 1066 1767 hoc
1087 1717 1122 1767 ab
1141 1733 1173 1767 eo
1193 1730 1269 1784 quoe·
1302 1744 1305 1749 ·

739 1788 849 1848 rebant,
872 1798 902 1838 ut
923 1787 947 1837 si
969 1788 1068 1838 diceret
1092 1803 1098 1836 ι
1124 1787 1184 1853 Ego
1209 1800 1269 1838 sum

739 1858 873 1922 Christus,
888 1858 1114 1908 calumniarentur
1127 1858 1203 1924 quod
1219 1855 1269 1908 sibi
1300 1854 1303 1859 ’

740 1928 841 1994 regiam
859 1938 1016 1994 potestatem
1036 1935 1180 1994 arrogaret,
1195 1937 1222 1979 et
1235 1926 1270 1979 ob

740 1999 792 2049 hoc
813 2014 828 2048 a
847 2013 909 2064 rege
928 1999 1081 2064 puniendus
1103 2009 1183 2051 esset.
1204 2017 1220 2047 n
1236 1996 1271 2049 Et
1300 2040 1305 2051 .

740 2069 777 2118 ait
798 2069 852 2119 illis
873 2086 880 2119 t
902 2069 935 2119 Si
952 2069 1026 2120 vobis
1044 2069 1152 2131 dixero,
1173 2068 1272 2120 scilioet

740 2141 814 2209 quod
837 2141 890 2191 sim
914 2142 1057 2202 Christus,
1082 2156 1133 2193 non
1156 2140 1272 2192 credetis

740 2216 813 2279 mihi,
828 2216 897 2266 sicut
917 2224 944 2267 et
962 2216 1027 2267 alias
1046 2233 1102 2266 non
1121 2215 1272 2268 credidistis

741 2302 788 2337 nec
800 2287 889 2337 verbis
904 2287 980 2347 meis,
1002 2303 1050 2337 nec
1069 2287 1158 2351 iactis;
1178 2287 1205 2338 si
1221 2301 1273 2338 art·

742 2364 793 2408 tent
809 2357 1013 2423 interrogavero
1026 2372 1083 2421 ror,
1098 2373 1150 2409 non
1165 2371 1273 2424 respon·
1308 2356 1312 2415 Ξ

743 2430 838 2481 debitis
852 2431 925 2495 milti,
942 2431 1012 2481 sicut
1025 2446 1073 2481 nec
1084 2429 1151 2481 alias
1166 2444 1274 2496 respon·
1309 2454 1312 2483 :

742 2501 829 2563 distis,
843 2518 906 2552 cum
921 2502 1121 2566 interrogarem,
1134 2499 1273 2566 quomodo
1310 2500 1312 2507 '

743 2573 868 2624 Christus
891 2573 963 2623 filius
987 2572 1081 2623 David·
1093 2583 1174 2637 esset;
1193 2580 1273 2637 neque

743 2644 892 2707 dimittetis,
914 2644 1014 2695 scilicet
1038 2658 1089 2703 me,
1111 2643 1159 2709 qui
1184 2651 1273 2692 tamen

744 2729 805 2763 sum
819 2712 959 2763 innocens.
973 2713 1024 2764 Ex
1039 2713 1088 2764 hoc
1106 2719 1205 2776 autem,
1220 2708 1273 2762 sci·

743 2783 806 2833 licet
827 2792 955 2848 tempore,
975 2783 1002 2832 id
1023 2793 1064 2834 est
1085 2793 1146 2848 post
1167 2791 1275 2848 tempus

744 2855 879 2905 Passionis
892 2866 918 2906 et
927 2855 1109 2915 Ascensionis,
1119 2855 1172 2906 erit
1185 2852 1274 2905 Filius

742 2924 857 2978 hominis
882 2922 976 2976 sedens
997 2941 1015 2976 a
1037 2926 1146 2976 dextris
1165 2923 1274 2976 virtutis

742 2999 803 3062 Dei,
821 2998 847 3047 id
862 2998 944 3048 estin
959 2997 1111 3063 potioribus
1130 2995 1212 3046 bonis
1224 2995 1273 3046 Pa-

743 3070 801 3131 tris,
830 3071 976 3120 secundum
998 3068 1206 3128 humanitatem,
1229 3065 1276 3118 sed

744 3143 772 3191 in
787 3141 938 3207 aequalitate
951 3139 1035 3191 Patris
1047 3139 1197 3189 secundum
1212 3135 1276 3188 divi·

746 3212 867 3262 nitatem.
889 3210 966 3261 Unde
988 3211 1054 3260 bene
1077 3209 1167 3259 dixit:
1184 3208 1276 3260 Filius

743 3285 873 3346 hominis,
897 3284 1012 3350 quia'in
1034 3293 1167 3350 quantum
1190 3282 1278 3333 Filius
1310 3304 1312 3309 ·

744 3357 793 3406 Dei
813 3371 920 3421 semper
938 3355 989 3406 fuit
1009 3355 1120 3422 aequalis
1147 3354 1227 3415 Patri,
1250 3361 1277 3405 et

744 3429 838 3478 sedens
860 3428 893 3478 ad
916 3426 1051 3477 dexteram
1073 3425 1170 3477 Patris.
1193 3422 1277 3487 Quasi
1306 3466 1309 3471 .

744 3500 865 3550 diceret:
882 3500 933 3550 Ero
952 3500 980 3549 in
1002 3500 1056 3549 vita
1071 3513 1186 3565 regnans
1201 3512 1277 3549 sem-

744 3571 847 3636 piterna
868 3581 894 3622 et
911 3572 1008 3622 virtute
1027 3570 1128 3632 divina,
1150 3586 1214 3621 cum
1233 3568 1278 3621 hic

744 3644 868 3696 infirmus
895 3661 984 3695 coram
1016 3644 1094 3694 vobis
1125 3658 1278 3710 appaream.

743 3719 797 3769 Ubi
816 3719 997 3786 Theophilus:
1013 3735 1026 3764 a
1042 3717 1124 3776 Quasi
1148 3717 1249 3768 diceret
1265 3730 1297 3779 ε,

744 3791 805 3841 Non
830 3801 871 3842 est
898 3790 975 3842 vobis
1002 3790 1034 3840 de
1059 3800 1146 3841 cetero
1170 3800 1279 3856 tempus

743 3877 901 3913 sermonum
918 3870 945 3912 et
967 3859 1105 3920 doctrinae,
1126 3861 1173 3911 sed
1195 3859 1279 3911 deiu-

743 3947 804 3998 ceps
819 3931 911 3998 judicii
926 3941 1031 3998 tempus
1046 3930 1107 3992 erit,
1122 3945 1186 3981 cum
1200 3929 1279 3982 vide-

1298 4048 1312 4081 .·l
