2626 4328
337 285 384 335 DE
400 283 510 343 NONA,
526 282 560 332 IN
579 281 748 335 PASSIONE
764 286 900 340 DOMINI.

58 397 173 464 sanguis
195 415 251 466 quo
263 415 358 451 sumus
378 400 519 466 redempti,
534 399 596 450 vul-

59 484 125 520 nera
139 470 210 520 hanc
225 470 344 520 animam
358 487 446 521 meam
469 471 596 536 peccatri-

1129 291 1181 346 615

648 398 694 450 illa
709 404 824 454 salutare
835 415 964 471 temperat
974 407 1109 472 poculum,
1123 409 1179 461 haec

648 473 782 526 lavacrum
801 489 908 542 praestat
921 488 947 528 et
967 488 1071 545 potum.
1090 501 1103 528 n
1119 483 1177 533 Hoc

58 555 127 604 cem,
143 556 193 606 pro
213 556 267 606 qua
280 542 359 592 etiam
377 543 446 592 mori
469 543 596 608 dignatus
648 547 855 608 praenuntiabat,
873 551 946 615 quod
969 551 1025 600 Noe
1048 551 1076 601 in
1097 553 1179 616 latere

57 628 94 674 es,
110 615 223 664 vulnera
232 630 289 664 eam
307 615 386 681 igneo
399 625 425 665 et
437 615 594 681 potentissi-

56 700 103 734 mo
116 684 171 734 telo
186 695 238 735 tuae
253 687 448 751 potentissimae
467 687 592 738 caritatis.

56 756 172 823 Conlige
187 773 338 808 cormeum
353 759 438 824 jaculo
453 760 492 810 tui
514 774 592 810 amo-

56 830 105 892 ris,
120 842 152 881 ut
173 831 243 881 dicat
257 829 307 882 tibi
321 833 411 883 anima
426 849 484 885 mea
499 851 505 885 ε
523 833 593 884 cari-

56 911 110 951 tate
124 911 171 951 tua
196 903 336 953 vulnerata
359 920 434 968 sum;
457 905 493 954 ita
515 913 546 954 ut
560 920 592 954 ex

55 973 117 1038 ipso
134 974 246 1024 vulnere
267 975 368 1025 amoris
389 975 428 1026 tui
448 975 592 1026 uberrimae

56 1043 145 1095 fluant
155 1046 281 1111 lacrymae
293 1045 336 1095 die
349 1062 377 1096 ac
393 1057 479 1098 nocte.
491 1048 591 1097 Percu-

56 1126 91 1175 te‚
109 1117 233 1176 obsecro,
246 1117 370 1178 Domine,
394 1118 464 1169 hanc
475 1118 591 1168 durissi-

57 1202 131 1236 mam
145 1197 262 1237 mentem
278 1202 364 1237 meam
384 1189 471 1240 valida
481 1189 592 1254 cuspide

57 1258 108 1323 piae
126 1257 291 1320 dilectionis,
306 1270 336 1309 ut
351 1260 431 1310 altius
447 1261 480 1310 ad
496 1259 591 1310 intima

56 1338 178 1394 penetret
188 1330 287 1381 virtute
299 1331 401 1396 potenti
415 1347 421 1380 :
438 1349 451 1379 n
466 1330 524 1380 haec
537 1332 591 1381 Au·

55 1401 194 1465 gustiuus.
215 1430 245 1438 -
266 1401 420 1451 Secundum
440 1402 590 1450 documen-

55 1482 114 1522 tum
131 1483 181 1535 est,
194 1474 341 1523 secundum
358 1473 589 1538 chrysostomum,

54 1541 129 1608 quod
156 1558 207 1592 nos
235 1543 371 1608 procipere
395 1543 525 1593 debemus
551 1558 590 1592 sa·

54 1625 192 1663 eramenta
205 1613 330 1664 Ecclesiae
344 1629 374 1663 ea
397 1613 548 1664 intentione
561 1629 590 1664 ac

54 1681 211 1743 devotione,
241 1699 270 1733 ac
293 1682 317 1733 si
346 1683 425 1733 nobis
450 1683 483 1733 de
508 1684 589 1734 latere

53 1751 156 1803 Christi
183 1753 355 1818 profluerent.
384 1754 491 1804 Vulnus
515 1755 588 1804 enirn

52 1824 145 1875 lateris
170 1824 283 1885 Christi,
310 1824 361 1874 fuit
376 1825 476 1875 ostium
501 1841 589 1876 sacra-

54 1905 211 1945 mentorum
234 1912 240 1946 :
269 1897 333 1962 quia
353 1897 424 1946 sicut
449 1897 481 1946 de
509 1898 589 1947 latere

53 1966 136 2032 primi
149 1967 226 2029 Adae,
240 1967 354 2018 formata
368 1978 409 2017 est
424 1968 495 2032 Eva3
509 1968 545 2019 ita
555 1969 588 2018 de

53 2036 135 2088 latere
154 2038 266 2088 secundi
297 2039 378 2098 Adae,
408 2038 522 2088 formata
549 2049 589 2089 est

54 2111 184 2164 Ecclesia.
197 2113 284 2172 Unde,
302 2114 589 2180 secundumlflugusti·

53 2198 123 2246 num,
150 2183 273 2249 vigilanti
305 2185 386 2234 verbo
419 2184 589 2250 Evangelista

53 2269 119 2304 usus
133 2263 185 2317 est,
202 2263 234 2304 ut
248 2270 304 2303 non
314 2255 431 2304 diceret:
448 2256 517 2305 latus
530 2255 588 2320 ejus

54 2325 197 2390 percussit,
221 2335 267 2375 aut
285 2326 442 2385 vulneravit,
461 2337 507 2376 aut
521 2326 588 2392 quid

53 2394 145 2460 aliud3
158 2395 206 2445 sed
221 2397 338 2460 aperuit,
353 2406 382 2445 ut
395 2396 499 2456 innuat,
514 2397 587 2462 quod

55 2467 89 2516 ibi
105 2467 311 2533 quodammodo
328 2467 430 2516 ostium
444 2467 504 2518 vitae
516 2483 588 2533 aper·

54 2547 111 2588 turn
124 2548 181 2601 est;
197 2537 262 2604 quia
280 2538 341 2588 inde
357 2549 522 2589 sacramenta
538 2539 588 2589 Ec-

55 2609 140 2661 clesiae
154 2621 339 2672 manaverunt,
363 2611 422 2660 sine
436 2611 537 2677 quibus
555 2613 587 2662 ad

54 2695 143 2731 veram
157 2681 242 2731 vitam
264 2697 320 2730 non
336 2681 459 2732 intratur.
474 2681 508 2732 Et
526 2693 588 2733 nota

56 2751 127 2816 quod
143 2752 206 2814 hoc,
223 2752 296 2818 quod
310 2751 410 2801 dicitur
424 2763 589 2803 sacramenta

58 2838 177 2875 manasse
191 2825 224 2874 de
236 2825 316 2874 latere
334 2825 445 2885 Christi,
462 2826 587 2892 speciali-

58 2903 95 2943 ter
118 2893 327 2960 intelligendum
352 2907 391 2946 est
415 2897 448 2946 de
481 2898 588 2948 duobus

60 2967 200 3034 precipuis
214 2969 395 3029 sacramentis,
416 2969 474 3020 sine
488 2971 588 3037 quibus

62 3053 110 3087 non
136 3038 253 3089 intratur
275 3040 418 3100 advitam,
441 3041 586 3093 videlicet:

62 3108 91 3158 de
108 3122 274 3162 sacramento
289 3113 493 3179 redemptionis,
509 3125 535 3165 et
555 3115 588 3167 de

64 3193 222 3233 sacramento
235 3184 390 3236 ablutionis.
402 3185 527 3246 Quorum
537 3187 589 3252 pri·

66 3266 133 3303 mum
147 3255 265 3321 pertinet
280 3257 312 3306 ad
325 3269 523 3310 sacramentum
533 3261 588 3311 Eu·

68 3324 198 3389 charistiae,
223 3340 249 3380 et
274 3330 441 3396 significatur
462 3348 509 3398 per
526 3350 588 3384 san-

70 3395 177 3461 guinem,
191 3400 247 3451 imo
262 3412 303 3451 est
318 3402 374 3466 ipse
388 3402 459 3452 idem
478 3405 589 3470 sanguis

71 3477 138 3528 quem
167 3472 289 3536 quotidie
314 3472 464 3534 sumimus,
493 3476 588 3541 etqui

73 3533 137 3591 fluxit
155 3542 188 3592 de
203 3545 283 3595 latere
303 3543 424 3609 Christi;
441 3547 588 3598 secundum

73 3618 131 3670 lero,
149 3613 264 3676 pertinet
278 3616 309 3664 ad
325 3626 521 3667 sacramentum
536 3618 589 3667 Ba-

75 3675 211 3744 primatis,
241 3685 314 3750 quod
342 3685 510 3751 significatur
543 3703 590 3754 per

75 3758 166 3813 aquam.
190 3756 270 3808 Unde
292 3756 365 3807 idem
388 3761 589 3825 Augustinus:

77 3819 147 3883 illle,
168 3824 265 3891 inquit,
281 3829 391 3895 sanguis
410 3829 437 3879 in
451 3830 590 3882 remissio-

78 3897 126 3942 nem
151 3893 226 3947 lusus
250 3906 290 3948 est
314 3909 499 3964 peccatorum;
521 3916 591 3968 aqua

141 4008 208 4062 Vrrn
228 4012 290 4064 Jssu
311 4014 591 4094 Cunrsr1,rouuslV.

647 630 713 666 arcae
727 617 829 667 ostium
843 619 927 670 lacere
946 621 1036 685 jussus
1051 631 1100 685 est,
1123 639 1178 688 quo

647 686 778 738 intrarent
796 690 932 752 animalia,
951 708 1011 758 quae
1031 708 1084 742 non
1103 703 1178 745 erant

646 758 746 809 diluvio
762 761 887 826 peritura,
907 763 1007 828 quibus
1022 763 1177 830 praefigurass

647 828 724 881 batur
739 831 862 882 Ecclesia.
877 834 916 884 De
930 833 990 885 istis
1014 833 1096 885 etiam
1112 851 1177 886 san-

645 899 727 965 guine
742 911 768 950 et
781 917 851 968 aqua
862 902 927 953 dicit
947 903 1021 954 idem
1038 906 1176 970 Augusti-

645 987 703 1036 nus,
718 973 791 1038 quod
814 974 941 1025 credibile
959 986 999 1025 est
1020 978 1093 1042 quod
1108 977 1175 1027 latro

644 1042 698 1103 ille,
725 1043 768 1094 cui
782 1043 906 1109 promisit
919 1045 1051 1096 Dominus
1068 1047 1176 1113 paradi-

644 1127 715 1173 sum,
730 1128 855 1178 aspersus
871 1113 923 1163 fuit
935 1130 1005 1180 aqua
1020 1126 1046 1166 et
1063 1116 1175 1183 sangui-

645 1197 686 1242 ne,
714 1183 747 1233 de
764 1183 866 1233 Christi
896 1183 977 1234 latere
990 1185 1174 1246 exilientibus,

644 1263 670 1302 et
679 1253 725 1302 tali
736 1253 907 1304 sanctissimo
918 1255 1082 1320 Baptismate
1094 1259 1175 1308 salva-

642 1331 686 1372 tus
700 1323 753 1387 sit;
769 1340 830 1373 cum
848 1324 1080 1391 sineBaptismate
1095 1343 1173 1378 nemo

643 1394 768 1454 salvetur,
790 1393 832 1444 vel
851 1395 988 1460 martyrio.
1006 1424 1036 1432 -
1050 1396 1173 1447 Tertium

642 1465 833 1517 documentum
848 1475 896 1526 est,
914 1467 986 1532 quod
1000 1483 1049 1517 nos
1063 1482 1172 1519 omnem

641 1537 808 1587 voluntatem
824 1549 943 1589 nostram
954 1537 1120 1589 conformare
1132 1540 1174 1591 de·

642 1608 738 1658 bemus
761 1608 891 1658 voluntati
915 1608 1022 1669 divinae,
1049 1619 1075 1659 et
1100 1611 1172 1676 quod

641 1681 763 1730 voluntas
781 1680 829 1730 Dei
846 1679 874 1730 in
894 1681 1031 1741 omnibus,
1052 1692 1078 1731 et
1094 1682 1173 1746 super

642 1753 732 1802 omnia
746 1752 781 1803 sit
801 1753 881 1803 nobis
895 1762 998 1819 accepta
1014 1765 1025 1803 :¹
1044 1769 1076 1804 eo
1099 1755 1173 1819 quod

641 1839 687 1873 cor
710 1822 811 1874 Christi
830 1825 999 1874 vulneratum
1019 1835 1060 1873 est
1073 1825 1173 1874 amoris

640 1896 752 1946 vulnere
772 1906 880 1962 propter
900 1912 959 1958 nos,
980 1907 1110 1963 quatenus
1123 1913 1172 1948 nos

641 1982 688 2033 per
721 1983 840 2018 amorem
879 1967 1044 2034 reciprocum
1076 1968 1173 2019 intrare

641 2037 778 2103 possimus
794 2053 840 2103 per
854 2037 954 2087 ostium
969 2037 1060 2087 lateris
1080 2038 1112 2086 ad
1127 2054 1172 2088 cor

640 2109 706 2172 ejus,
719 2118 743 2157 et
753 2107 790 2157 ibi
800 2122 907 2156 omnem
918 2122 1038 2157 amorem
1048 2118 1171 2157 nostrum

640 2179 672 2228 ad
688 2194 768 2228 suum
781 2178 904 2228 divinum
917 2193 1037 2228 amorem
1051 2179 1170 2239 counire,

641 2261 671 2301 ut
683 2252 752 2301 sicut
770 2251 871 2302 ferrum
887 2252 1003 2302 candens
1018 2267 1079 2300 curn
1098 2251 1170 2316 igne,

641 2326 669 2376 in
685 2341 770 2376 unum
786 2326 921 2390 redigatur
933 2340 1063 2375 amorem.
1082 2325 1170 2375 Homo

640 2395 712 2444 enim
737 2395 827 2445 omnia
855 2393 987 2445 desideria
1018 2410 1067 2444 sua
1094 2396 1172 2446 debet

640 2464 751 2516 fundare
764 2474 790 2515 et
798 2465 923 2515 ordinare
933 2464 961 2514 in
973 2465 1068 2525 Deum,
1081 2481 1172 2516 amore

641 2539 767 2588 Christi:
786 2538 850 2604 quia
879 2539 1001 2604 pedibus,
1029 2555 1075 2605 per
1102 2556 1171 2606 quos

641 2608 749 2659 affectus
764 2608 942 2674 accipiuntur,
955 2620 995 2661 est
1008 2610 1149 2662 crucifixus
1161 2627 1169 2675 ;

640 2693 666 2732 et
690 2683 719 2733 in
743 2683 871 2733 omnibus
892 2683 971 2734 bonis
996 2686 1123 2750 operibus
1142 2701 1171 2735 se

640 2772 769 2818 exercere,
787 2764 821 2807 ac*
831 2767 925 2808 cuncta
940 2760 1009 2808 mala
1029 2774 1108 2822 opera
1122 2759 1171 2808 de-

640 2829 731 2894 vitare,
752 2845 842 2880 amore
867 2830 979 2890 Christi,
998 2830 1062 2895 quia
1082 2828 1171 2879 mani-

640 2903 700 2963 bus,
730 2918 777 2968 per
800 2919 866 2969 quas
885 2918 966 2968 opera
992 2902 1169 2967 accipiuntur,

640 2975 783 3026 crucifixus
796 2986 853 3037 est;
870 2989 977 3024 omnem
992 2988 1054 3023 vero
1072 2972 1171 3023 volun-

640 3056 721 3097 tatem
751 3061 828 3096 suam
853 3044 1019 3094 conformare
1038 3044 1171 3095 voluntati

641 3116 747 3176 divinae,
773 3131 821 3182 pro
854 3115 901 3164 illo
929 3114 1029 3164 amoris
1051 3114 1170 3175 vulnere,

641 3187 712 3254 quod
735 3186 762 3236 in
776 3200 853 3237 cruce
872 3200 920 3250 pro
936 3184 1047 3234 homine
1063 3184 1171 3250 accepit,

642 3274 704 3310 cum
720 3255 887 3307 invincibilis
899 3255 1000 3309 amoris
1017 3255 1113 3321 sagitta
1127 3271 1173 3306 cor

642 3345 722 3380 suum
749 3327 910 3379 mellifluum
941 3327 1092 3393 perforavit.
1124 3327 1174 3378 Per

642 3400 714 3451 istud
723 3401 822 3450 vulnus
837 3398 913 3465 quasi
924 3413 971 3464 per
985 3397 1087 3447 ostium
1101 3413 1173 3448 amo·

641 3471 679 3521 ris
694 3470 864 3536 Augustinus
885 3468 1037 3528 intraverat,
1052 3484 1113 3519 cum
1130 3469 1173 3519 di-

642 3545 717 3596 cebat
738 3562 745 3594 ε
770 3562 783 3590 «
813 3542 949 3609 Longinus
975 3543 1079 3607 aperuit
1104 3541 1173 3594 mihi

642 3616 712 3666 latus
726 3615 828 3666 Christi
843 3615 950 3678 lancea;
964 3624 989 3665 et
1002 3631 1052 3681 ego
1065 3614 1172 3674 intravi,

643 3687 680 3738 ibi
715 3688 854 3754 requiesco
893 3702 1011 3737 securus.
1045 3686 1118 3737 Clavi
1148 3695 1174 3736 et

642 3761 734 3810 lancea
760 3760 877 3808 clamant
906 3758 990 3818 mihi,
1015 3758 1088 3823 quod
1113 3770 1174 3806 vere

643 3830 827 3884 reconciliatus
851 3847 913 3882 sum
928 3831 1047 3889 Christo,
1064 3828 1088 3879 si
1111 3842 1173 3877 eum

643 3917 776 3954 amavero.
799 3921 813 3950 n
839 3901 881 3952 Ad
899 3898 1124 3952 conformandum
1146 3911 1175 3948 se

1035 4027 1068 4063 tl
