2626 4328
143 304 323 366 QUOMODO
338 306 498 356 DOMINUS
514 305 694 359 APPARUJT
707 307 848 359 DUOBUS
864 310 983 361 DlSClP.
1001 312 1036 362 IN
1053 313 1121 363 Vln.
1155 312 1208 382 699

90 421 213 472 dubietas
230 421 425 480 demerebatur,
442 422 515 488 quod
536 421 620 472 Chri-

90 503 148 543 stus
171 492 353 559 cognitionem
379 492 421 542 sui
445 491 563 558 corporis
588 492 621 542 ab

90 563 129 613 eis
152 564 303 612 retardaret.
335 563 510 613 Tenebantur
550 562 620 612 oculi

90 650 184 686 eorum
207 633 326 692 veritate,
349 649 403 683 non
427 633 550 692 falsitate,
575 634 621 683 sed

90 706 158 771 ipsis
180 720 234 754 non
253 703 406 754 valentibus
420 704 559 754 veritatem
577 718 622 753 re-

89 778 178 842 cipere
192 777 233 825 vel
256 777 408 840 percipere,
425 776 497 825 unde
518 791 572 824 non
588 775 622 825 ab

88 849 149 914 ipso
163 847 281 897 Domino
297 848 368 906 lesu,
384 847 429 897 sed
446 847 554 913 propria
568 847 621 895 du-

89 919 219 969 bitatione
233 920 400 968 tenebantur.
416 918 468 968 Ubi
484 919 621 984 ,ligusti-

89 1007 140 1042 nus
154 1010 163 1041 .·
179 1011 191 1037 a
208 992 286 1050 Quod
302 1002 392 1042 autem
411 992 446 1042 ait
463 994 569 1042 Marcus
583 990 621 1042 eis

89 1062 116 1111 in
131 1062 187 1112 alia
198 1062 285 1128 effigie
295 1063 442 1112 Dominum
454 1063 620 1129 apparuisse,

89 1132 141 1182 hoc
163 1134 247 1182 Lucas
266 1133 340 1195 dicit,
356 1134 429 1200 quod
446 1134 516 1184 oculi
529 1148 620 1183 eorum

88 1204 245 1253 tenebantur
256 1218 351 1254 neeutn
362 1211 550 1269 agnoscet·ent;
562 1220 622 1254 ocu-

88 1275 123 1325 lis
137 1276 238 1341 quippe
258 1292 351 1325 eorum
365 1278 494 1327 acciderat
508 1277 620 1342 aliquid,

89 1347 162 1413 quod
189 1348 225 1396 ita
249 1363 357 1396 manere
382 1347 544 1412 permissum
572 1358 620 1410 est,

89 1433 175 1483 usque
201 1418 233 1466 ad
258 1415 417 1466 fractionem
446 1417 532 1482 panis.
560 1418 621 1467 Non

89 1488 155 1554 quia
177 1487 311 1537 Dominus
337 1503 391 1538 non
412 1498 514 1552 poterat
531 1499 622 1538 trans-

88 1560 205 1610 formare
219 1576 327 1610 carnem
346 1576 432 1621 suam,
454 1571 485 1610 ut
509 1561 561 1611 alia
577 1577 622 1612 re-

88 1649 150 1685 vera
175 1644 245 1683 esset
268 1633 371 1699 effigies
396 1649 477 1699 quam
498 1635 622 1685 solebant

90 1705 202 1768 intueri3
219 1706 264 1756 sed
282 1721 337 1755 non
353 1705 390 1755 ita
404 1715 443 1756 est
466 1706 566 1756 factum
583 1725 589 1757 :
606 1726 620 1754 n

89 1777 146 1827 haec
160 1777 340 1841 Augustinus,

121 1865 136 1898 2
157 1851 192 1899 Sa
212 1865 276 1899 rests
299 1866 412 1900 tuncrus
436 1849 556 1900 Domuus
573 1865 621 1901 aos

13 1980 18 1985 ⁸
89 1937 271 1978 nanoouirua.
298 1948 329 1957 —
346 1921 385 1970 Et
402 1922 442 1972 ait
467 1922 504 1972 ad
526 1922 589 1972 illos
612 1939 620 1971 :

89 1991 144 2052 Qui
156 1998 217 2040 sunt
227 1991 254 2040 hi
267 2006 400 2041 sermones
412 2007 477 2057 quos
491 1992 621 2059 confertis

88 2061 126 2112 ad
151 2062 261 2111 invicem
291 2062 473 2125 ambulantes,
504 2069 530 2112 et
555 2063 621 2112 estis

89 2132 208 2183 tristes?
223 2134 283 2182 Non
298 2133 396 2198 quaerit
410 2149 448 2200 ex*
457 2133 619 2199 ignorantia,

87 2204 134 2253 sed
155 2214 185 2252 ut
206 2219 238 2253 ex
261 2220 354 2254 eorum
379 2204 555 2269 responsione
577 2205 621 2254 in-

87 2274 231 2324 credulitas
247 2290 341 2323 eorum
355 2275 562 2324 convenientius
577 2290 622 2324 ar-

87 2355 193 2412 guatur,
208 2356 238 2394 ut
252 2346 317 2395 dicit
334 2347 495 2411 Gregorius.
520 2347 622 2397 Confe-

87 2420 182 2469 rebant
204 2419 314 2485 quidem
337 2420 407 2469 inter
424 2435 451 2469 se
466 2421 542 2485 quasi
566 2436 620 2469 non

85 2490 203 2555 amplius
220 2500 404 2554 exspectantes
419 2490 562 2540 Christum
576 2489 620 2539 vi-

86 2572 202 2620 ventem,
228 2562 273 2610 sed
300 2561 436 2620 dolorosi,
462 2561 538 2626 quasi
571 2576 620 2627 pe-

87 2641 191 2696 rempto
218 2632 363 2681 salvatore.
388 2632 427 2680 Et
455 2632 620 2696 respondens

87 2702 222 2766 Cleophas
235 2702 309 2751 dixit
326 2702 351 2750 ei
366 2719 374 2752 :
395 2703 436 2752 Tu
452 2703 527 2753 solus
537 2716 621 2768 pere-

87 2773 186 2840 grinus
200 2787 226 2822 es
243 2773 269 2822 in
286 2773 446 2835 Jerusalem,
464 2780 490 2824 et
506 2789 558 2824 nott
574 2789 621 2825 co-

86 2844 209 2910 gnovisti
221 2844 369 2909 quaefacta
387 2846 488 2895 suntin
506 2846 563 2906 illa,
578 2846 621 2895 his

87 2915 208 2966 diebus?
219 2917 277 2976 Hic,
288 2915 371 2976 solus,
389 2932 444 2965 non
457 2915 519 2966 facit
532 2919 621 2967 exclu-

87 2990 193 3039 sionem
204 2990 319 3039 aliorum
333 2991 548 3055 peregrinorum,
558 3006 620 3040 cum

87 3062 164 3111 valde
180 3061 258 3110 multi
272 3060 404 3126 peregrini
419 3072 445 3111 et
459 3061 492 3110 de
506 3061 620 3112 diversis

85 3132 207 3199 partibus
226 3133 363 3182 venissent
379 3132 407 3181 in
423 3133 570 3183 Jerusalem
587 3133 620 3183 ad

86 3203 161 3252 diem
185 3202 285 3252 festum
311 3203 442 3266 Paschae3
470 3204 516 3252 sed
547 3212 621 3253 notat

86 3273 269 3323 exclusionem
284 3273 457 3338 cognitionis,
469 3274 503 3324 ab
518 3273 568 3323 isto
583 3273 622 3323 sic

87 3355 247 3409 apparente,
270 3344 371 3394 scilicet
397 3345 499 3395 notitiae
525 3345 621 3395 mortis

86 3415 161 3474 Jesu,
185 3431 267 3480 quam
288 3415 363 3465 solus
382 3416 523 3466 videbatur
542 3416 622 3481 igno-

88 3502 161 3549 rare;
188 3497 218 3535 ut
244 3487 280 3536 sit
303 3501 398 3535 sensus
423 3503 429 3536 :
454 3503 515 3536 curn
542 3488 621 3536 multi

88 3556 223 3623 peregrini
254 3556 299 3606 his
323 3557 419 3606 diebus
444 3557 568 3607 venerint
592 3556 622 3606 in

87 3629 247 3688 Jerusalem,
266 3628 366 3678 mirum
382 3637 422 3677 est
441 3629 514 3693 quod
531 3637 560 3678 tu
575 3644 623 3678 so-

89 3700 132 3748 lus
157 3699 227 3748 inter
248 3698 316 3749 alios
335 3698 489 3764 peregrinos
503 3699 621 3764 'ignores

89 3786 121 3822 ea
143 3786 204 3836 quae
230 3780 293 3821 sunt
315 3782 378 3821 nota
401 3771 461 3821 aliis
484 3772 622 3822 omnibus.

90 3843 145 3895 Ubi
169 3845 353 3911 Theophilus:
372 3864 386 3892 tt
401 3844 484 3904 Quasi
500 3844 599 3895 diceret
615 3859 622 3894 t

92 3917 136 3966 Tu
150 3918 224 3968 solus
238 3916 316 3983 quasi
331 3918 390 3987 'jam
405 3917 562 3984 peregrinus
583 3932 622 3979 es,

678 432 704 480 et
715 435 788 474 extra
797 423 914 476 confinia
923 427 1070 477 Jerusalem
1083 427 1208 478 habitans

677 504 703 544 et
716 511 809 561 expers
823 513 916 548 eorum
931 514 991 565 quae
1005 498 1033 549 in
1051 501 1140 551 medio
1152 502 1210 567 ejus

676 568 856 634 contigerunt,
871 581 901 621 ut
921 571 976 622 haec
991 572 1107 638 ignores.
1124 593 1137 620 u
1153 573 1204 624 Ubi

676 648 702 688 et
724 639 801 689 Beda
818 657 825 690 :
842 659 856 687 n
877 642 1050 708 Peregrinum
1077 642 1208 708 putabant

675 724 747 769 eum,
771 710 846 774 cujus
867 712 974 762 vultum
998 729 1052 762 non
1079 729 1210 779 agnosce-

676 779 749 829 bant.
776 780 827 831 Sed
857 797 946 832 revera
973 783 1129 848 peregrinus
1150 793 1207 834 erat

675 848 723 909 eis,
748 865 763 899 a
787 866 905 916 quorum
931 862 1032 903 naturae
1055 853 1207 919 fragilitate,

675 933 797 987 percepta
818 923 871 986 jam
886 922 1098 974 Resurrectionis
1112 925 1207 990 gloria,

674 990 754 1056 longe
777 992 900 1052 distabat,
925 1004 950 1042 et
972 1010 987 1043 a
1009 1010 1126 1060 quorum
1141 994 1202 1055 fide,

674 1073 767 1128 utpote
789 1064 1005 1115 Resurrectionis
1020 1067 1077 1130 ejus
1101 1066 1207 1128 nescia,

675 1135 800 1184 manebat
820 1145 972 1186 extraneus.
991 1137 1054 1186 »Et
1074 1153 1135 1186 cum
1151 1153 1206 1186 non

674 1220 707 1255 ex
731 1205 892 1271 ignorantia,
914 1207 960 1256 sed
983 1215 1012 1256 ut
1033 1222 1066 1257 ex
1090 1223 1206 1272 respon-

674 1275 752 1326 sione
779 1292 825 1326 eos
859 1287 981 1343 argueret
1008 1288 1034 1328 et
1066 1279 1099 1328 de
1129 1278 1206 1329 factis

675 1347 703 1397 in
718 1349 875 1410 Jerusalem,
899 1365 1023 1415 quaenam
1042 1359 1140 1410 essent,
1161 1367 1207 1402 eos

675 1418 865 1484 interrogaret,
887 1421 1017 1470 dixerunt
1044 1439 1052 1471 .·
1078 1423 1111 1472 de
1139 1423 1207 1473 Jesu

674 1491 822 1555 Nazareno
849 1491 895 1556 qui
914 1491 973 1556 suit
1000 1492 1042 1541 vir
1059 1494 1207 1559 Propheta

672 1567 767 1626 potens
787 1561 813 1611 in
828 1575 915 1626 opere,
941 1561 1042 1612 scilicet
1062 1563 1208 1614 miraculo-

675 1647 745 1691 rum,
769 1638 795 1682 el
813 1646 940 1693 sermone,
964 1632 1064 1684 scilicet
1079 1635 1210 1699 praedica·

674 1703 759 1755 tionis
782 1713 807 1754 et
830 1704 971 1764 doctrinae,
987 1706 1125 1771 quomodo
1140 1715 1210 1756 esset

674 1776 788 1827 traditus
806 1776 834 1826 in
856 1787 980 1836 mortem,
1005 1786 1032 1827 et
1054 1777 1205 1829 crucifixus.

675 1849 728 1900 Ubi
764 1849 834 1899 idem
867 1851 944 1900 Beda
968 1869 976 1900 .·
1004 1869 1017 1897 tt
1049 1851 1207 1916 Prophetam

673 1920 802 1981 fatentur,
833 1921 934 1971 Filium
961 1922 1011 1972 Dei
1035 1932 1134 1985 tacent;
1167 1924 1209 1973 vel

673 1992 795 2043 nondum
833 1994 947 2060 perfecte
982 1995 1136 2054 credentes,
1167 1996 1209 2045 vel

674 2063 782 2113 solliciti
795 2079 827 2114 ne
842 2064 992 2114 inciderent
1006 2065 1034 2114 in
1049 2081 1146 2114 manus
1160 2066 1209 2115 Ju·
1292 2105 1295 2112 .

674 2134 795 2185 daeorum
811 2134 1045 2200 persequentium,
1067 2135 1132 2200 quia
1157 2150 1208 2185 ne-

675 2207 795 2257 sciebant
815 2207 876 2272 quis
903 2217 992 2267 esset,
1018 2207 1091 2273 quod
1114 2223 1207 2257 verum

675 2277 819 2327 credebant
844 2279 966 2327 celantes.
994 2295 1008 2324 u
1035 2278 1067 2326 Et
1092 2277 1208 2340 subjun-

675 2357 751 2414 gunt,
777 2348 849 2413 quod
876 2348 1019 2413 sperabant
1045 2347 1135 2413 ipsum
1165 2361 1209 2397 re-

675 2420 851 2484 dempturum
866 2420 955 2478 lsrael,
976 2418 1053 2484 quasi
1076 2420 1128 2483 jam
1144 2433 1206 2468 era-
1266 2429 1270 2436 ·

676 2500 794 2542 nesceret
807 2503 869 2556 spes
883 2505 990 2553 eorum;
1007 2490 1083 2555 cujus
1099 2505 1208 2540 causam

675 2563 803 2621 subdunt,
829 2561 893 2627 quia
919 2562 972 2626 jam
994 2561 1071 2612 tertia
1093 2561 1152 2611 dies
1175 2561 1209 2610 ab
1275 2572 1277 2577 ·

675 2633 730 2684 illis
751 2632 829 2683 factis
852 2643 916 2692 erat,
938 2648 1040 2699 quase
1067 2645 1206 2696 resurgere

675 2705 840 2770 praedixerat,
855 2713 889 2754 et
911 2713 1001 2754 tamen
1021 2704 1110 2753 adhuc
1124 2701 1207 2751 ‹lisci-

674 2775 746 2841 pulis
760 2792 813 2825 non
826 2784 972 2841 appareret,
987 2773 1049 2824 licet
1063 2772 1139 2822 tertia
1151 2771 1208 2820 dies

675 2861 759 2911 prope
782 2845 864 2895 finem
877 2855 955 2894 esset.
969 2844 1002 2892 Et
1012 2843 1122 2899 addunt,
1136 2840 1208 2905 quod

674 2917 785 2984 quidam
803 2933 835 2966 ex
849 2916 888 2965 eis
902 2916 1030 2965 abeuntes
1050 2914 1083 2962 ad
1104 2927 1206 2962 monu-

674 2996 806 3046 mentum,
833 2994 986 3035 terruerunt
1011 2999 1067 3042 eos,
1098 2998 1151 3031 non
1174 2982 1208 3031 de

674 3056 877 3108 Resurrectione
908 3053 1009 3104 Christi
1030 3069 1112 3119 quam
1133 3067 1209 3101 nun-

673 3130 785 3185 tiabant,
805 3127 850 3176 sed
876 3126 909 3176 de
931 3125 1066 3176 ablatione
1085 3123 1207 3189 corporis

674 3202 731 3267 eius
755 3214 810 3248 non
838 3196 949 3256 inventi,
975 3211 1057 3262 quam
1080 3194 1204 3260 discipuli

674 3270 815 3322 timebant.
840 3269 918 3318 Tunc
932 3267 1067 3318 Dominus
1081 3265 1150 3314 dixit
1172 3267 1205 3316 ad

675 3361 730 3404 eos,
754 3359 785 3394 ex
808 3341 983 3408 responsione
1007 3355 1102 3391 eorum
1131 3339 1206 3405 ipsos

674 3416 858 3481 redarguens:
880 3413 903 3462 O
923 3411 1007 3473 stulti,
1029 3420 1137 3476 propter
1154 3426 1207 3460 cae-

675 3487 781 3537 citatem
805 3485 965 3542 intellectus,
987 3489 1013 3532 et
1028 3482 1102 3533 tardi
1116 3483 1205 3544 corde,

675 3569 783 3623 propter
797 3556 948 3606 tarditatem
963 3553 1081 3615 affectus,
1098 3555 1134 3603 ad
1149 3567 1208 3603 cre·

675 3630 788 3680 dentium
813 3629 839 3680 in
862 3628 921 3690 his,
953 3641 1013 3692 quae
1038 3627 1119 3677 locuti
1147 3630 1208 3675 stmt

675 3702 828 3767 Prophetae,
846 3701 880 3750 de
894 3699 997 3750 Christi
1014 3709 1100 3749 morte
1116 3710 1142 3748 et
1159 3698 1208 3746 Re·

675 3771 863 3823 surrectione!
892 3772 989 3822 Nonne
1013 3771 1071 3822 hoec
1091 3767 1208 3836 oportuit

670 3846 732 3913 pati
746 3845 881 3896 Christum
898 3855 979 3895 :tum
1000 3852 1108 3909 propter
1123 3837 1208 3889 Patris

675 3915 939 3984 praeordinationem,
950 3924 1007 3965 tum
1015 3921 1123 3979 propter
1133 3907 1211 3959 Chri-
