2626 4328
238 250 286 302 DE
303 250 413 303 PRIMO
429 205 702 312 commodo,
718 252 754 302 lN
772 249 944 303 PnssrottE
957 246 1096 300 DOMINI.
1154 242 1224 316 :493

96 365 204 416 Pilutus
218 364 298 417 drmit
309 380 374 417 eum
391 364 463 416 foma
482 365 518 416 db
536 372 637 431 prato-

92 437 141 489 rio
159 447 312 503 portantem
333 447 513 497 eorummet
533 448 636 489 vestem

97 523 281 573 purpuream,
295 518 399 569 octavo,
418 509 495 559 duxit
510 524 573 560 eum
595 509 637 560 fo-

97 593 146 628 ras
158 578 327 643 pretorium,
341 579 374 629 ed
390 581 482 630 lotum
500 580 547 631 ubi
568 581 637 631 redit

97 646 152 714 pro
162 649 292 700 tribunali
302 665 407 714 gnono,
424 651 560 702 duxerunt
574 664 637 702 eum

98 721 135 770 ad
147 720 236 771 crucia
251 721 403 786 patibulum
418 739 426 773 ι
442 722 507 772 etin
517 723 637 788 qtrelibet

98 794 216 843 istarum
226 793 385 845 ductionum
396 810 504 861 semper
515 795 637 860 singula-

99 880 149 915 ree
167 880 263 930 pernae
289 876 317 917 et
335 867 513 918 contumelias
542 881 637 932 paoem

99 946 155 997 eet,
171 937 242 989 sicut
260 938 295 988 de
314 938 429 1004 singulis
447 939 474 988 in
497 937 556 989 auis
570 939 636 989 loeis

98 1009 215 1075 patebit.
224 1011 281 1062 Hau
295 1026 392 1062 novem
399 1011 541 1062 ductiones
550 1024 638 1077 ungue

95 1081 137 1131 ad
160 1080 303 1131 meridiem
323 1081 415 1143 factae,
447 1091 638 1149 rrpraetentent

99 1150 203 1210 tideleo,
216 1152 264 1217 qui
285 1153 367 1203 bodie
389 1153 523 1219 usquead
535 1167 636 1203 nonam

96 1222 299 1274 circumeuntes
311 1224 424 1275 visitant
438 1240 535 1275 novem
549 1225 636 1275 ecele-

99 1294 166 1355 sias,
180 1295 211 1345 in
232 1297 393 1347 memoriam
411 1298 486 1363 quod
500 1297 636 1356 Christus,

100 1379 248 1434 postquem
259 1380 353 1435 captui
362 1369 425 1430 fuit,
437 1370 538 1420 duetus
551 1380 592 1420 est
605 1369 638 1420 ed

101 1453 202 1489 norem
224 1440 291 1491 loce.
306 1440 343 1491 Et
358 1442 457 1492 merito
475 1441 567 1492 fideles
585 1441 639 1493 ho-

97 1509 147 1559 die
159 1511 322 1561 Sanctorum
336 1512 460 1563 eeclesias
474 1512 593 1572 visitant,
609 1521 639 1562 ut

100 1580 137 1631 eb
153 1579 224 1645 ipeie
241 1580 370 1632 beneficia
384 1583 506 1632 obtinere
519 1584 624 1633 valeant
629 1598 636 1646 ;

102 1666 169 1703 nam
195 1651 279 1703 bodie
302 1653 392 1703 Sancti
416 1654 494 1705 valde
515 1654 639 1705 liberales

101 1736 162 1773 eme
174 1723 288 1786 debent,
304 1724 369 1789 quia
382 1723 466 1775 hodie
483 1725 517 1775 de
538 1739 640 1775 carcere

101 1792 213 1845 fuerunt
232 1793 347 1855 liberati,
367 1806 393 1845 et
413 1795 442 1846 in
457 1797 563 1847 eoeleete
583 1797 639 1846 im-

102 1865 210 1929 perium
227 1865 378 1916 sublimati.
392 1865 421 1915 Si
436 1866 500 1932 quie
514 1867 588 1917 enim
606 1867 639 1917 de

99 1948 205 1986 carcere
220 1936 387 1997 liberaretur,
402 1946 429 1987 et
445 1937 474 1987 in
494 1936 639 2003 imperium

100 2008 304 2069 sublimaretur,
327 2008 405 2059 illam
423 2009 497 2061 diem
522 2011 638 2061 multum

101 2080 241 2146 diligeret,
265 2091 292 2130 et
320 2080 348 2130 in
376 2081 421 2132 ille
445 2082 490 2132 die
521 2084 639 2133 multum

101 2151 222 2203 liberalia
245 2160 329 2213 essen
357 2152 396 2202 nie
423 2161 449 2203 et
473 2152 507 2203 de
532 2153 640 2204 Sanctis

96 2222 267 2272 eredendum
288 2231 337 2272 eet.
356 2221 424 2272 Fuit
444 2233 537 2273 autem
549 2223 639 2274 ductio

102 2292 205 2344 Christi
219 2293 347 2353 violenta,
361 2294 427 2359 quia
446 2310 529 2345 manu
548 2311 639 2345 arma-

102 2378 142 2425 ta,
162 2375 191 2417 et
214 2381 279 2417 cum
307 2366 406 2429 turbu
426 2367 481 2417 fuit
507 2377 535 2418 et
558 2367 638 2434 igno-

104 2436 227 2497 miniosa,
254 2437 320 2503 quia
345 2437 492 2489 ducebatur
521 2439 637 2500 vinctus,

104 2511 174 2560 eierat
190 2509 358 2568 malefactor,
375 2520 402 2560 et
418 2521 505 2562 morte
519 2511 637 2576 dignue3

104 2580 153 2631 fuit
180 2581 264 2631 etiam
289 2581 424 2639 dolorosa,
454 2582 519 2648 quia
547 2598 638 2648 quen-

104 2662 273 2717 tumeunque
306 2651 366 2717 ipae
396 2652 548 2703 voluntarie
575 2668 638 2703 uum

107 2722 142 2772 eis
155 2723 215 2783 iret,
229 2734 321 2773 tamen
339 2723 367 2772 in
388 2721 454 2774 fune
470 2738 532 2781 eum
547 2724 640 2774 trahe-

107 2795 169 2845 bant
193 2811 223 2845 ac
244 2795 427 2860 impellebant,
453 2808 479 2846 et
505 2797 640 2861 pressuris

109 2867 263 2926 obruebant,
280 2867 355 2916 itaut
368 2867 456 2917 dicere
471 2877 562 2932 posset
571 2867 639 2917 illud

103 2937 374 3004 ·Paralipomenorum
388 2956 395 2990 :
410 2939 460 2990 Ex
475 2940 547 2990 omni
558 2946 641 3007 parte

110 3023 146 3059 me
154 3015 284 3076 premunt
296 3011 442 3075 angustiae.

138 3077 171 3128 30
195 3080 333 3139 Qunruon
349 3095 509 3129 nociturum
532 3097 565 3130 ex
588 3096 640 3130 uu-

110 3165 203 3201 ertone
215 3151 434 3210 Contemnamus
446 3166 644 3203 couronunrto-

104 3236 146 3272 uu
159 3227 193 3272 rr
209 3236 320 3272 onemo.
337 3249 369 3261 -
388 3221 430 3272 Ex
455 3222 508 3273 hoc
528 3222 642 3273 articulo

110 3288 242 3343 habentur
261 3302 376 3358 quatuor
391 3291 561 3342 documenta
582 3292 643 3342 Pri·

110 3376 182 3413 mum
203 3372 256 3424 est,
270 3363 344 3428 quod
366 3356 459 3413 fideles
479 3363 509 3413 in
524 3362 570 3412 die
589 3363 642 3413 Pe·

111 3449 229 3499 §artetes
264 3435 374 3485 visitare
406 3435 505 3486 debent
544 3451 646 3486 novem.

112 3505 248 3569 eeclesias,
281 3505 431 3556 seeundum
456 3521 556 3557 novem
589 3505 643 3556 du-

109 3577 212 3628 ctiones
228 3594 234 3627 :
253 3575 286 3626 in
306 3577 394 3642 prima
417 3577 532 3628 ecclesia
554 3592 644 3627 reme-

112 3646 209 3697 morari
223 3646 332 3707 debent,
347 3646 414 3712 quid
428 3646 555 3698 Christus
581 3662 645 3714 pae-

113 3732 157 3768 sus
171 3716 224 3769 fuit
247 3733 339 3768 coram
357 3719 451 3782 Anna;
468 3717 496 3767 in
518 3719 643 3780 secunda,

113 3789 177 3854 quid
191 3804 281 3839 coram
296 3788 418 3854 Caipha;
433 3788 462 3838 in
474 3790 561 3849 tertia,
577 3789 643 3855 quid

110 3872 201 3909 coram
229 3857 323 3920 Pilato,
346 3858 431 3908 etsie
455 3858 590 3924 deinceps,
614 3867 646 3909 ut

689 365 780 417 videre
789 365 903 432 poteein
915 364 1009 416 ordine
1019 362 1226 429 supradicto,—

690 440 845 490 Secundutn
859 448 911 499 eet,
923 437 998 503 quod
1013 436 1036 487 ei
1050 435 1162 503 quando
1174 432 1227 487 for·

689 509 761 560 sitan
772 524 852 561 muna
860 508 909 560 Dei
921 509 1052 559 ducemur
1061 506 1094 557 ad
1107 516 1226 572 puerum,

689 595 757 631 curu
769 581 902 646 patientie
915 580 1072 638 toleremus,
1087 591 1181 627 amore
1200 587 1227 629 et

690 654 815 719 exemplo
824 655 892 720 ejus,
907 652 955 719 qui
970 667 1019 718 pro
1034 649 1115 701 nobie
1127 651 1226 700 duetus

690 736 731 778 eet
742 728 884 790 innotens,
900 726 971 776 sieut
988 724 1048 776 oris
1061 725 1092 774 ad
1109 722 1227 773 oceieio·

690 812 764 849 nem.
783 820 814 837 u
840 797 964 848 Tertium
992 806 1041 855 est,
1060 795 1135 861 quod
1163 794 1225 845 lieet

689 886 739 921 nos
756 870 903 936 aliquando
918 870 1049 920 ducamur
1067 869 1101 918 ad
1121 867 1225 918 malum

690 958 787 1010 poenm,
812 956 954 1009 nunquam
969 953 1059 991 tamen
1090 939 1227 1006 patiamur

690 1030 742 1064 nos
768 1013 831 1064 duci
855 1014 890 1063 ad
912 1012 1016 1063 melum
1046 1011 1140 1077 culpae,
1161 1007 1227 1075 quia

689 1085 792 1136 talibus
804 1083 977 1135 ductionibus
992 1082 1147 1132 nullatenus
1160 1086 1228 1130 odn-

689 1158 796 1208 eentire
824 1157 977 1216 debemur,
1013 1153 1070 1204 imo
1110 1167 1161 1202 nee
1194 1151 1227 1201 ad

691 1227 852 1293 hujumodi
882 1225 961 1276 inviti
989 1224 1071 1283 trahi,
1098 1224 1142 1274 vel
1166 1221 1228 1273 duci

691 1311 852 1364 postumum
867 1306 894 1357 et
907 1296 969 1346 ideo
985 1295 1009 1345 si
1028 1293 1139 1360 quando
1152 1293 1230 1343 indu-

690 1384 784 1420 camur
803 1369 836 1418 ad
856 1366 1042 1424 tentationem,
1056 1378 1229 1429 nequaquem

671 1472 674 1477 -
691 1449 782 1490 temen
794 1439 925 1488 ducemur
939 1437 968 1486 in
982 1433 1173 1494 tentationem
1182 1446 1230 1500 per

693 1509 792 1576 peceati
803 1522 974 1559 consensum.
990 1534 1020 1545 -
1031 1505 1165 1564 Quartum
1179 1515 1229 1567 ent,

691 1591 724 1631 ut
738 1582 889 1632 nouimus
907 1580 940 1631 de
959 1577 1029 1629 facili
1044 1575 1181 1627 decibilea
1196 1575 1229 1625 ad

692 1650 898 1717 mammarium,
920 1648 991 1700 sieut
1014 1646 1141 1699 Christus
1153 1645 1232 1697 valde

692 1722 816 1783 faciliter,
837 1722 894 1771 imo
908 1720 1090 1771 desideranter
1110 1717 1230 1767 ducebt-

692 1806 737 1846 tur
757 1797 790 1847 ed
812 1794 978 1853 Passionem,
1001 1808 1056 1842 non
1075 1802 1231 1857 repugnans

692 1882 741 1918 nee
751 1868 879 1928 renitens,
894 1881 943 1916 nec
955 1876 1170 1921 remurmurans,
1181 1862 1229 1913 sed

692 1941 762 1991 eirut
785 1941 845 1991 ovis
865 1955 896 1989 ot
917 1954 999 1989 suum
1021 1953 1076 1986 non
1097 1935 1229 2001 aperiens.

692 2013 723 2062 ln
739 2010 935 2061 conformando
950 2024 980 2059 ae
994 2007 1039 2058 isti
1056 2005 1230 2065 articulome-

692 2083 791 2149 cogitet
805 2083 890 2133 homo
900 2096 982 2148 quam
993 2076 1228 2144 exprobrabiliter‚

674 2156 763 2206 elcut
778 2154 821 2205 fur
839 2156 881 2205 vel
899 2155 968 2204 latro
988 2152 1116 2202 Christus
1132 2151 1230 2200 ductus

692 2225 752 2286 luit,
768 2234 797 2276 et
811 2224 909 2291 poterit
924 2224 1004 2274 etiam
1018 2219 1173 2272 mentaliter
1185 2219 1231 2271 vi-

692 2296 775 2346 sitare
786 2310 884 2345 novem
895 2293 1030 2351 ecclesias,
1043 2291 1115 2340 sicut
1122 2288 1232 2340 devotio

691 2367 777 2417 dabit.
791 2367 870 2424 ltem,
883 2363 981 2414 formet
995 2361 1047 2412 sibi
1067 2361 1152 2412 homo
1166 2374 1232 2426 pto·

692 2435 814 2501 potitum
839 2450 869 2486 ee
892 2434 961 2485 velle
986 2448 1048 2482 cum
1072 2431 1160 2498 gretie
1183 2429 1233 2481 liei

692 2507 842 2559 ducibilem
864 2521 923 2556 eene
950 2505 984 2555 nd
1009 2502 1232 2555 omnedivinum

693 2577 901 2644 beneplecitum,
913 2586 938 2627 et
950 2585 1018 2636 oret,
1032 2575 1126 2625 dicent
1138 2572 1231 2635 :June

692 2649 739 2716 qui
750 2649 854 2700 vinctus
867 2648 940 2699 velut
954 2646 1116 2712 malefactor
1126 2643 1162 2694 ab
1176 2642 1231 2693 itti-

691 2723 752 2788 qut'r
767 2721 800 2772 de
814 2721 874 2772 loco
889 2721 927 2771 ad
947 2720 1034 2770 locum
1048 2714 1231 2784 exprobrabi-

692 2793 754 2843 liter
784 2792 847 2842 duci
875 2790 1000 2852 voluisti,
1028 2789 1068 2838 da
1082 2785 1148 2836 miti
1170 2783 1230 2834 vir-

692 2869 792 2926 tutem,
823 2867 851 2912 ut
880 2861 917 2910 ad
949 2859 1050 2910 nullum
1085 2871 1102 2906 a
1130 2853 1229 2920 spiritu

692 2932 824 2999 maligno,
843 2932 885 2981 vei
898 2931 1003 2980 homine
1025 2926 1097 2976 malo
1112 2924 1228 2975 seducar·

687 3009 855 3070 peccatum3
883 3000 931 3050 sed
956 2997 1055 3064 spiritu
1085 3002 1130 3045 tuo
1151 2995 1228 3057 bono,

693 3077 778 3126 ducar
804 3074 842 3124 ad
870 3072 959 3122 omnia
984 3077 1037 3120 tuae
1062 3067 1229 3133 beneplacita

674 3212 677 3217 Ι
693 3146 836 3201 voluntati.

725 3218 756 3269 31
770 3218 877 3268 Primus
886 3216 969 3267 insuit
984 3229 1101 3273 munaus
1111 3230 1128 3264 a
1143 3226 1231 3264 rouen

693 3304 723 3340 nt
751 3302 854 3339 erutuet
888 3288 1041 3337 Poumrrms
1069 3296 1233 3335 ruruouutu-

694 3379 759 3413 nun.
781 3385 811 3401 -·
834 3362 1004 3426 Sequebatur
1024 3365 1112 3410 autem
1138 3358 1232 3409 lenum

694 3435 789 3485 Simon
805 3434 916 3495 Petrae,
935 3431 1051 3482 elalius
1072 3427 1233 3495 discipulam,

695 3503 797 3555 scilieet
812 3504 944 3566 loannes,
957 3503 1004 3553 sed
1024 3504 1135 3567 alonge
1148 3515 1181 3551 ert
1197 3497 1236 3549 ti-

696 3589 780 3625 more.
802 3574 878 3625 Licet
891 3572 966 3623 enirn
988 3572 1033 3623 isti
1055 3571 1126 3621 sicut
1145 3579 1172 3620 et
1189 3567 1236 3618 alii

695 3646 787 3711 primo
806 3661 839 3695 ex
861 3644 959 3695 timore
979 3644 1121 3710 fugissent,
1145 3648 1237 3708 postea

696 3728 786 3767 tamen
810 3733 842 3767 ex
869 3716 1012 3766 devotione
1034 3715 1126 3765 lesum
1152 3710 1236 3762 aeeuti

698 3796 771 3847 sunt,
789 3785 834 3852 qui
849 3784 1023 3835 ferventiores
1032 3785 1094 3834 aliis
1110 3791 1194 3841 erant,
1210 3788 1237 3829 et

698 3875 752 3926 prae
764 3859 859 3909 ceteris
874 3857 1014 3908 Christum
1037 3855 1193 3921 diligebant,
1208 3862 1235 3903 et
