2626 4328
98 253 149 316 4432
395 248 567 301 SECUNDAE
584 247 707 303 PARTlS
724 247 840 299 CAPUT
864 248 954 299 LVlll.

684 361 810 428 insurgit,
824 362 893 414 alius
907 373 992 424 vexat,
1009 364 1079 415 alius
1096 365 1214 415 circum-

682 434 775 494 volvit,
797 435 868 510 qlius
887 435 1042 503 interrogat,
1065 437 1211 503 aliuscon-

99 367 235 417 interioris
256 382 389 433 pressura,
404 376 431 418 et
443 365 559 416 desertio
575 364 629 413 ho·

99 438 183 488 minis
197 437 335 488 interioris
349 453 412 488 curn
422 436 558 487 voluntate
573 434 628 483 Deo

99 511 192 574 unita·,
211 519 286 560 tanto
312 509 430 559 similior
444 505 588 568 Crucifixo,
603 515 629 554 et

100 581 243 631 amabilior
272 580 342 631 Patri
371 577 535 646 peramando
565 575 628 635 eris,

101 653 165 717 quia
186 669 275 704 revera
298 654 350 704 hoc
376 661 416 703 est
436 661 566 717 punctum
580 650 629 700 ad-

100 725 241 788 rersitatis,
260 740 307 790 per
320 724 394 791 quod
415 721 516 772 milites
530 721 629 787 proba-

101 807 198 844 tissimi
228 811 257 844 rn
281 795 337 846 acie
362 792 465 844 Christi
492 791 629 842 constituti

100 865 266 916 strictissime
275 865 472 916 examinantur.
486 864 560 918 ltem.
572 879 631 912 om·

100 937 144 987 nia
163 937 310 989 infortunia
326 949 352 988 et
372 949 466 987 cuncta
486 935 628 986 tristabilia

98 1011 247 1061 clementiae
272 1011 319 1062 Dei
342 1011 423 1060 debes
451 1007 626 1067 committere,

96 1090 121 1130 et
141 1081 178 1130 sic
192 1091 218 1131 te
232 1081 315 1131 libere
331 1081 359 1130 in
372 1080 449 1130 omni
465 1078 534 1129 facto
548 1077 626 1129 tene-

96 1166 132 1210 re,
156 1151 233 1217 quasi
255 1151 339 1200 homo
363 1151 410 1216 qui
437 1150 465 1199 in
490 1148 627 1214 procinctu

100 1224 265 1288 migraturus
281 1232 322 1272 est
335 1223 368 1272 de
382 1222 435 1272 hoe
450 1220 562 1270 mundo.
581 1221 629 1270 Re-

95 1293 199 1357 fugium
221 1308 331 1359 quoque
352 1292 515 1342 continuum
530 1290 558 1340 in
573 1291 628 1340 vul·

97 1382 159 1417 nere
196 1367 286 1418 lateris
318 1367 380 1417 Jesu
409 1364 512 1416 Christi
546 1365 628 1414 debes

95 1456 223 1506 quaerere,
244 1451 371 1506 tanquam
395 1440 520 1489 columba
540 1437 568 1488 in
584 1436 596 1486 f
613 1464 627 1475 -

96 1511 245 1560 raminibus
261 1521 351 1575 petrae,
366 1509 431 1575 quia
451 1509 479 1557 in
502 1509 552 1558 hoc
568 1509 628 1557 loco

96 1599 201 1649 semper
211 1582 332 1633 invenies
342 1581 557 1648 copiosissimam
571 1597 628 1647 pec·

95 1667 215 1706 catorum
251 1655 452 1714 remissionem,
478 1654 627 1719 gratiarum.

96 1725 301 1791 plenitudinem,
325 1735 352 1775 et
379 1740 394 1774 a
420 1725 524 1774 cunctis
547 1723 627 1773 malis

97 1795 303 1846 imminentibus
329 1810 451 1846 securam
481 1794 628 1860 protectio-

97 1882 170 1916 nem.

129 1954 143 2002 7
158 1939 298 1987 Nannarro
314 1952 478 1987 aasnnvrnra
496 1952 627 1986 msromn

97 2009 240 2059 Passtoms.
253 2008 334 2057 -Ad
345 2005 526 2058 narrationem
538 2006 632 2071 itaque,

96 2078 227 2143 propositi
248 2079 415 2128 accedamus.
437 2076 465 2126 Si
487 2076 569 2142 igitur
583 2077 626 2127 vi-

94 2149 208 2213 gilanter
224 2147 363 2198 attendisti
391 2146 541 2214 praemissa,
566 2158 626 2212 quae

95 2220 127 2268 de
144 2219 199 2269 vita
214 2219 316 2270 Christi
329 2229 395 2269 sunt
408 2217 544 2288 dicta,hic
559 2219 627 2267 mul·

95 2304 121 2344 to
137 2294 293 2359 vigilantius
317 2303 406 2344 totum
428 2307 548 2358 apponas
563 2292 626 2342 ani-

95 2381 180 2423 mum,
206 2375 290 2415 totam
323 2364 461 2421 virtutem,
488 2362 553 2428 quia
582 2363 627 2412 hic

94 2435 211 2485 maxime
231 2445 341 2500 apparet
365 2434 410 2485 illa
435 2434 493 2500 ejus
518 2434 625 2496 caritas,

58 2524 64 2528 ·
90 2521 151 2571 quae
166 2507 245 2556 corda
267 2516 359 2556 nostra
376 2506 485 2557 deberet
506 2505 625 2556 totaliter

91 2592 270 2627 concremare.
286 2577 347 2626 Non
363 2578 455 2626 solum
467 2586 559 2628 autem
578 2576 624 2627 illa

95 2650 208 2714 poenalis
220 2660 246 2700 et
259 2649 379 2699 mortalis
390 2649 528 2700 crucifixio
537 2650 627 2699 Domi·

94 2723 133 2784 ni,
152 2722 199 2771 sed
215 2732 240 2772 et
255 2737 285 2772 ea
298 2735 358 2788 quae
372 2721 496 2771 eamdem
510 2735 626 2786 praeces·

94 2802 191 2851 serant,
212 2801 276 2841 sunt
290 2790 538 2841 vehementissimae
552 2807 625 2841 com-

97 2862 252 2928 passionis,
291 2871 317 2912 et
357 2860 563 2920 amaritudinis,
599 2871 625 2911 et

94 2933 221 2999 stuporis.
249 2931 321 2992 Quid
346 2931 420 2982 enim
443 2939 484 2981 est
508 2931 624 2998 cogitare

94 3005 167 3070 quod
188 3005 246 3070 ipse
269 3003 404 3053 Dominus
428 3011 529 3059 noster,
544 3017 624 3067 super

94 3076 186 3126 omnia
209 3076 361 3127 benedictus
386 3075 467 3135 Deus,
495 3075 529 3124 ab
557 3074 624 3124 hora

94 3148 193 3214 quade
211 3159 288 3200 nocte
308 3164 370 3200 cum
385 3147 489 3198 facibus
500 3155 527 3198 et
540 3147 624 3197 armis

93 3231 221 3287 tanquam
239 3222 308 3272 latro
326 3221 459 3283 quaesitus
473 3219 525 3270 fuit
542 3229 569 3270 et
582 3235 625 3270 ca-

92 3300 163 3355 ptus,
178 3307 264 3356 usque
278 3291 310 3341 ad
323 3301 425 3342 sextam
440 3289 623 3341 crucifixionis

90 3377 145 3412 suae
167 3362 268 3411 scilicet
293 3362 398 3423 horam,
421 3362 474 3412 fuit
494 3361 523 3410 in
549 3361 620 3411 bello

68 3433 217 3482 'continuo
241 3432 353 3492 doloris,
385 3433 493 3498 magnis
522 3446 622 3496 oppro-

92 3504 168 3564 briis,
183 3514 209 3556 et
222 3505 385 3555 tormentis?
400 3505 461 3555 Non
480 3504 553 3556 enim
568 3503 621 3554 sibi

91 3574 170 3626 datur
189 3578 231 3626 vel
250 3577 355 3626 modica
378 3576 500 3642 requies3
522 3576 569 3626 sed
591 3575 620 3624 in

90 3650 213 3715 quolibet
228 3650 298 3700 bello
319 3660 346 3700 et
364 3648 493 3699 conflictu
512 3647 575 3699 audi
593 3658 620 3698 et

91 3722 153 3773 vide
168 3741 174 3773 :
189 3723 258 3773 alius
272 3739 334 3773 eum
350 3722 440 3783 tradit,
454 3721 525 3772 alius
538 3737 620 3772 corn-

93 3794 246 3859 prehendit,
264 3794 333 3844 alius
354 3794 427 3859 ligat,
448 3792 519 3844 alius
536 3792 620 3853 ducit,

93 3863 163 3915 alius
177 3863 302 3930 impellit,
313 3863 383 3915 alius
397 3865 534 3925 exclamat,
550 3862 622 3914 alius

682 516 721 556 tra
736 521 798 556 eum
813 506 895 556 falsos
913 516 994 558 testes
1005 509 1128 574 inquirit,
1142 511 1213 560 alius

682 579 863 646 inquirentem
878 581 999 641 associat,
1027 582 1096 632 alius
1110 582 1209 633 falsum

682 649 871 699 testimonium
880 661 971 701 contra
981 667 1044 702 eum
1053 651 1128 712 dicit,
1143 653 1214 703 alius

682 731 796 782 accusat,
817 722 886 772 alius
914 723 1026 784 deludit,
1054 724 1123 774 alius
1154 725 1214 775 bla-

683 791 816 859 sphemat,
844 794 913 844 alius
941 795 969 845 in
1003 811 1066 846 eum
1094 797 1211 863 exspuit,

682 865 751 915 alius
774 866 866 915 oculos
880 866 957 925 velat,
984 866 1053 916 alius
1074 866 1211 917 infaciem

682 937 768 997 caedit,
784 937 852 987 alius
875 937 1033 1003 colaphizat,
1054 939 1122 989 alius
1139 949 1215 989 veste

682 1010 740 1058 alba
761 1009 858 1068 induit,
880 1009 949 1060 alius
966 1011 1077 1076 spernit,
1092 1011 1163 1061 alius
1184 1011 1215 1060 il-

682 1081 760 1146 ludit,
775 1081 844 1132 alius
864 1083 1071 1133 adcolumnam
1085 1099 1148 1134 eum
1163 1084 1211 1134 du-

681 1152 727 1211 cit,
760 1151 829 1202 alius
854 1153 919 1202 dum
952 1151 1061 1203 ducitur
1087 1153 1212 1218 percutit,

681 1224 751 1274 alius
763 1224 932 1284 vociferatur,
947 1225 1016 1275 alius
1036 1240 1098 1275 eum
1124 1224 1211 1275 insul·

682 1304 768 1345 tanter
788 1295 820 1345 ad
842 1297 993 1346 vexandum
1011 1294 1131 1360 suscipit,
1144 1295 1215 1345 alius

681 1365 708 1414 in
734 1381 796 1415 eum
822 1365 954 1431 impetum
976 1365 1057 1424 facit,
1081 1365 1151 1415 alius
1171 1380 1216 1415 ex-

681 1437 787 1503 spoliat,
813 1437 882 1486 alius
905 1453 966 1488 eum
996 1437 1028 1487 ad
1058 1437 1214 1486 columnam

681 1509 755 1575 ligat,
770 1509 838 1558 alius
852 1508 976 1575 flagellat,
991 1509 1061 1559 alius
1074 1523 1137 1557 eum
1150 1523 1212 1573 pur-

681 1599 750 1649 pura
773 1583 801 1633 in
826 1577 1016 1634 contumeliam
1033 1582 1125 1642 vestit,
1143 1581 1214 1632 alius

680 1654 768 1719 spinis
791 1669 853 1704 eum
872 1664 991 1713 coronat,
1019 1653 1088 1703 alius
1107 1652 1214 1703 arundi-

679 1724 786 1775 nemin
805 1740 887 1775 manu
906 1726 964 1790 ejus
985 1725 1071 1791 ponit,
1087 1725 1156 1774 alius
1169 1724 1211 1774 fu·

681 1794 795 1844 ribunde
810 1794 938 1860 reaccipit
958 1804 989 1845 ut
1006 1793 1148 1862 spinosum
1163 1809 1210 1844 ca-

680 1875 730 1931 put
760 1864 845 1924 feriat,
875 1865 945 1916 alius
981 1865 1119 1932 nugatorie
1142 1880 1213 1930 genu

681 1937 771 1997 flectit,
786 1937 855 1987 alius
869 1947 899 1987 ut
919 1949 1009 2003 regem
1024 1939 1131 1987 salutat.
1148 1938 1212 1987 Haec

679 2019 705 2059 et
720 2010 805 2059 multa
821 2008 922 2058 similia
944 2025 998 2058 non
1020 2010 1108 2058 solum
1130 2007 1210 2065 alius,

679 2081 725 2130 sed
745 2091 770 2130 et
793 2080 838 2130 alii
854 2079 964 2146 plurimi
988 2080 1147 2129 intulerunt.
1160 2079 1214 2128 Du-

678 2150 748 2199 citur
762 2159 788 2199 et
804 2150 941 2200 reducitur
958 2150 990 2200 de
1004 2149 1104 2213 judicio
1121 2149 1149 2198 in
1165 2149 1211 2213 iu-

679 2221 789 2284 dicium,
824 2221 857 2271 de
885 2221 1031 2286 opprobrio
1055 2220 1083 2269 in
1108 2235 1214 2285 oppro-

680 2293 780 2352 brium,
797 2292 830 2342 de
844 2292 978 2358 supplicio
991 2292 1019 2341 in
1034 2291 1211 2357 supplicium,
1244 2315 1246 2318 ·

679 2363 818 2428 spernitur
831 2372 857 2412 et
869 2362 1037 2428 reprobatur,
1050 2362 1169 2413 volvitur
1185 2372 1212 2411 et

679 2434 917 2494 circumflectitur,
955 2434 1008 2485 huc
1039 2445 1119 2500 atque
1147 2433 1211 2483 illuc

678 2517 807 2574 tanquam
821 2507 921 2556 stultus
941 2516 967 2556 et
988 2506 1140 2564 imbecillis,
1162 2506 1208 2555 sed

678 2588 704 2627 et
729 2588 859 2644 tanquam
884 2578 951 2644 latro
976 2587 1002 2627 et
1030 2575 1211 2642 impiissimus

678 2648 853 2699 malefactor:
870 2648 951 2697 modo
971 2648 1003 2698 ad
1018 2649 1136 2710 Annam,
1154 2663 1215 2696 mo·

678 2721 713 2770 do
727 2720 760 2770 ad
782 2720 922 2784 Caipham,
939 2719 1020 2768 modo
1034 2719 1067 2769 ad
1084 2718 1209 2778 Pilatum,

678 2792 758 2840 modo
779 2791 814 2841 ad
834 2790 977 2848 Herodem,
1004 2798 1030 2839 et
1053 2789 1151 2839 iterum
1175 2790 1208 2839 ad

679 2862 806 2924 Pilatum,
833 2872 859 2912 et
883 2860 983 2911 ibidem
1008 2861 1088 2910 modo
1121 2861 1207 2922 intus,

677 2934 758 2984 modo
782 2933 856 2984 foris.
881 2934 953 2983 Deus
978 2947 1055 2982 meus
1076 2932 1143 2999 quid
1169 2946 1210 2984 est

677 3008 750 3058 hoc?
768 3008 863 3058 Nonne
883 3007 934 3056 hoc
959 3005 1009 3055 tibi
1033 3005 1140 3056 videtur
1154 3007 1210 3057 du-

678 3077 828 3141 rissimum,
858 3076 1071 3135 amarissimum,
1097 3086 1122 3126 et
1144 3091 1207 3127 con-

677 3149 786 3198 tinuum
826 3146 950 3197 bellum?
990 3147 1042 3196 Sed
1082 3156 1207 3211 exspecta

677 3234 832 3285 parumper,
848 3228 874 3269 et
896 3218 1006 3268 duriora
1022 3217 1136 3268 videbis.
1150 3218 1211 3267 Ad-

677 3301 748 3340 stant
760 3300 855 3340 contra
868 3303 941 3352 eum,
957 3299 1079 3340 constant
1100 3299 1126 3338 et
1139 3303 1211 3338 viva-

676 3362 786 3417 cissime
808 3361 953 3427 principes,
978 3362 1079 3413 Scribae
1100 3371 1125 3410 et
1142 3360 1210 3411 Pha-

677 3435 759 3493 risaei,
775 3443 801 3484 et
818 3433 905 3483 millia
919 3434 1024 3500 populi.
1037 3432 1210 3483 acclamatur

675 3505 709 3555 ab
728 3503 856 3554 omnibus
876 3504 1047 3554 unanimiter
1061 3513 1092 3553 ut
1108 3502 1210 3553 crucifi-

676 3587 768 3642 gatur;
791 3590 856 3625 crux
879 3575 1003 3626 humeris
1019 3574 1077 3624 suis
1091 3574 1144 3639 jam
1159 3573 1211 3624 fra-

676 3649 725 3699 ctis
739 3659 765 3700 et
786 3649 908 3700 laceratis
924 3647 1084 3714 imponitur,
1106 3646 1134 3696 in
1155 3662 1210 3713 qua

675 3718 856 3785 crucifigatur,
892 3719 1064 3770 Concurrunt
1090 3717 1211 3783 undique

675 3792 745 3843 cives
755 3804 780 3843 et
792 3793 909 3853 advenae,
925 3801 980 3842 tam
996 3791 1111 3855 majores
1125 3805 1209 3855 quam

676 3861 757 3913 etiam
773 3861 901 3913 vilissimi
914 3860 1023 3922 ribaldi,
1042 3859 1154 3926 vinique
1166 3873 1212 3924 po·
