2626 4328
152 250 203 304 5⁶8

150 369 215 421 bilis
242 367 350 420 dilectio
373 368 505 420 caritatis!
533 369 585 421 Sed
619 384 682 420 cave

151 457 186 493 ne
196 451 226 490 tu
240 441 328 491 clavos
342 441 428 491 crucis
446 440 547 492 Christi
559 439 682 501 fabrices,

150 511 193 562 vel
214 527 312 562 manus
335 522 380 561 aut
404 512 483 576 pedes
506 510 617 561 Domini
643 511 682 562 eis

150 583 284 643 vulneres,
298 593 344 634 aut
358 583 486 649 configas.
498 583 595 634 Clavos
608 582 683 635 enim

151 656 237 708 crucis
264 655 366 706 Christi
396 655 517 717 fabricat,
541 657 589 723 qui
612 657 684 707 inter

151 728 289 795 proximos
298 727 444 778 discordias
452 728 577 778 seminat
587 729 683 778 Manus

150 815 213 850 vero
232 797 343 848 Domini
366 797 470 850 videtur
488 799 569 850 clavis
587 799 683 849 vulue-

151 885 208 920 rare
233 879 259 918 et
283 867 422 934 configere,
444 870 492 936 qui
518 870 551 920 de
575 868 684 919 bonisa

150 939 207 989 Deo
233 939 303 989 datis
329 955 384 989 non
411 942 469 991 vult
501 940 684 1007 eleemosynas

150 1027 268 1078 erogare.
285 1013 366 1063 Pedes
382 1023 472 1063 autem
487 1012 589 1064 Christi
602 1012 684 1064 clavis

151 1081 245 1133 ferreis
259 1084 381 1149 perferat,
393 1084 440 1149 qui
449 1084 553 1133 theatra
565 1100 613 1135 seu
628 1099 685 1149 spe·

151 1154 252 1203 ctacula
280 1162 307 1203 et
333 1153 458 1204 tabernas
483 1153 569 1220 magis
602 1169 684 1219 quam

151 1223 277 1274 ecclesias
291 1223 391 1274 visitat.
414 1224 453 1274 Ex
467 1223 518 1274 hoc
532 1223 605 1274 enim
619 1223 685 1274 arti·

152 1293 213 1343 culo
240 1292 424 1345 crucifixionis
453 1294 570 1345 trahitur
599 1294 684 1345 docu-

152 1377 292 1426 mentum,
309 1367 382 1433 quod
406 1376 432 1417 et
459 1383 508 1418 nos
531 1366 685 1434 crucifigere

151 1438 281 1489 debemus
300 1453 406 1488 carnem
423 1449 543 1489 nostram
561 1455 623 1490 cum
643 1438 685 1489 vi-

151 1510 198 1561 tiis
219 1520 245 1559 et
272 1510 519 1574 concupiscentiis,
545 1521 576 1561 ut
599 1511 685 1561 simus

151 1578 197 1630 fixi
212 1578 303 1640 clavis,
316 1578 344 1628 id
361 1588 401 1629 est
416 1580 555 1644 praeceptis
564 1580 683 1645 justitiae,

151 1648 222 1698 sicut
239 1647 363 1698 Christus
383 1648 464 1698 clavis
492 1648 613 1700 confixus
633 1649 685 1700 suit

152 1722 182 1771 in
201 1736 287 1771 cruce.
308 1720 353 1771 Sic
372 1721 435 1771 fecit
458 1721 515 1787 ipse
539 1723 685 1787 Apostolus

151 1791 199 1859 qui
221 1792 341 1843 dicebat:
362 1792 471 1843 Christo
486 1792 612 1858 confixus
626 1808 684 1844 sum

151 1862 234 1924 συνεί,
256 1861 285 1912 id
300 1870 341 1913 est
361 1878 427 1912 crux
442 1861 542 1912 Christi
558 1862 686 1913 exstinxit

152 1934 182 1984 in
197 1950 241 1984 me
259 1934 381 1985 ardorem
396 1934 504 2000 pcccati,
518 1935 615 1985 timore
625 1935 684 1997 Dei,

152 2007 229 2073 quasi
250 2006 332 2058 clavis
350 2007 442 2058 affixas
460 2008 563 2058 habens
584 2024 684 2060 carnes.

151 2077 189 2127 Et
212 2078 263 2127 hoc
286 2087 326 2128 est
348 2077 421 2144 quod
446 2087 503 2127 orat
526 2078 684 2144 Propheta:

153 2145 367 2214 Configeclavis
380 2161 398 2197 a
418 2148 512 2198 timore
531 2153 577 2198 tuo
590 2163 686 2199 carnes

153 2234 235 2284 ineas,
251 2221 398 2271 secundum
417 2220 618 2272 translationem
632 2236 686 2288 qua

152 2290 239 2342 utitur
256 2290 434 2359 Augustinus.
452 2283 494 2342 Ad
513 2292 685 2344 conforman—

153 2363 219 2412 dum
248 2377 276 2412 se
298 2363 362 2413 huic
380 2363 501 2424 articulo,
523 2374 687 2414 memoretur

153 2432 237 2483 homo
247 2433 438 2484 continentiam
450 2435 516 2498 eius,
526 2445 554 2485 et
562 2435 602 2484 sic
611 2444 684 2484 oret:

153 2502 229 2563 Jesu,
237 2504 284 2568 qui
295 2504 450 2555 durissimis
460 2504 687 2572 claviscruciaffi-

153 2572 186 2637 gi
193 2572 311 2637 voluisti,
320 2589 407 2641 ocper
418 2576 467 2626 hoc
476 2576 686 2642 chirographum

151 2648 324 2707 peccatorum
341 2652 494 2696 nostrornm
505 2652 532 2696 et
543 2646 638 2696 mortis
653 2647 686 2697 ei-

153 2714 213 2764 dem
224 2716 298 2765 crnci
309 2716 434 2781 affixisti,
458 2717 573 2783 conhge,
584 2732 685 2783 qnaeso,

153 2787 250 2837 timore
267 2793 311 2838 tuo
334 2802 431 2839 carnes
448 2804 532 2852 meas,
556 2796 585 2839 at
607 2805 686 2856 prae-

152 2858 236 2926 ceptis
251 2859 307 2910 tnis
326 2859 440 2917 tirmiter
456 2860 598 2924 inhorrens,
615 2876 686 2913 sem-

148 2943 201 2996 per
211 2928 262 2980 tibi
275 2929 404 2997 confixus
416 2931 467 2981 sim
477 2931 559 2982 cruci.

186 3016 202 3067 7
225 3001 344 3053 stnrro
370 3017 478 3067 cauom,
508 3018 686 3055 nocuusnruu

153 3088 187 3124 ex
212 3087 255 3133 nn,
283 3089 366 3125 ncrus
398 3089 626 3126 conaoaunrronrs
652 3091 686 3126 sr

153 3162 261 3196 oanrro.
274 3175 304 3185 -
316 3148 387 3199 Cum
396 3163 461 3214 ergo
470 3146 608 3198 crucifixio
619 3147 687 3199 iacta

154 3227 233 3280 esset,
247 3234 326 3270 cruce
340 3221 368 3270 in
383 3231 452 3271 terra
469 3221 579 3285 jacente,
594 3230 687 3286 postea

153 3287 294 3338 Christum
311 3288 423 3341 affixum
445 3292 599 3342 levaverunt
623 3307 686 3341 cum

154 3373 239 3410 cruce.
261 3360 297 3411 Et
314 3361 367 3411 hoc
387 3362 494 3413 videtur
507 3362 607 3413 sentire
621 3363 688 3414 Hie·

153 3444 294 3497 ronymus,
320 3440 347 3481 et
370 3430 400 3481 in
424 3433 540 3498 quadam
561 3428 687 3484 'oratione

154 3514 279 3565 expresse
297 3500 349 3552 hoc
365 3501 433 3552 dicit
448 3502 619 3554 Innocentius
631 3499 687 3554 Pa-

154 3587 188 3637 pa
215 3572 260 3622 ΠΙ.
282 3573 316 3624 Et
341 3574 393 3625 hoc
418 3574 487 3625 forte
517 3585 688 3642 representat

154 3643 280 3704 Ecclesia,
297 3644 328 3696 ia
347 3661 380 3697 eo
400 3647 473 3714 quod
497 3647 525 3698 in
540 3648 585 3698 die
606 3648 687 3699 Parn-

148 3730 246 3767 -sceves
268 3732 335 3767 crux
358 3718 537 3770 deosculanda
562 3721 629 3786 jacet
653 3720 687 3770 ad

153 3795 251 3854 terram
270 3790 423 3856 appodiare.
446 3791 498 3840 lsta
512 3800 602 3841 autem
615 3789 688 3841 leva-

154 3859 193 3911 tio
209 3877 264 3914 non
283 3861 407 3926 dubium,
424 3862 491 3930 quin
510 3861 622 3915 maximi
636 3862 687 3914 do-

432 252 605 306 SECUNDAE
623 248 747 303 PAR‘l'lS
762 250 880 303 CAPUT
896 252 986 304 LXlll.

735 366 801 418 loris
823 367 913 427 fuerit,
931 383 962 418 eo
984 366 1057 433 quod
1080 376 1148 417 tunc
1166 366 1263 419 lacera·

735 438 833 488 bantur
855 438 966 489 vulnera
989 452 1102 488 manum
1117 446 1144 487 et
1167 436 1263 503 pedum

736 526 769 561 ex
791 510 991 576 ponderositate
1011 510 1143 576 corporis,
1167 508 1263 576 proflu-

735 595 885 650 xeruntque
909 583 1010 650 copiosi
1040 583 1092 633 rivi
1128 582 1264 649 sanguinis

735 655 866 721 undique,
887 670 920 706 ex
942 655 997 705 illis
1016 654 1125 720 magnis
1144 654 1265 705 scissuris

736 738 763 778 et
771 728 899 794 sontibus
914 728 1077 780 Salvatoris.
1090 729 1122 778 ln
1142 727 1198 779 alto
1217 744 1263 781 au·

736 792 801 862 tem,
824 800 972 849 secundum
1000 799 1195 864 Augustinurn,
1213 798 1264 850 ele-

736 869 802 928 vari,
819 879 846 919 et
862 885 917 918 non
935 869 1068 919 subtecto
1092 868 1150 935 pati
1172 866 1265 919 Domi·

737 955 789 991 nus
810 941 905 1001 voluit,
926 951 956 991 ut
979 941 1060 991 etiarn
1089 939 1180 1006 ipsius
1199 938 1265 991 aeris

738 1021 833 1061 natura
853 1011 1039 1071 mundaretur,
1054 1009 1158 1060 scilicet
1177 1024 1195 1061 a
1212 1008 1268 1061 do·

737 1081 867 1133 monibus
881 1093 908 1132 et
924 1080 1068 1132 infectione
1088 1091 1264 1147 peccatorum,

737 1154 821 1204 sedet
837 1162 906 1202 terra
924 1168 971 1219 per
990 1152 1152 1218 sanguinem
1171 1153 1264 1203 denuo
1304 1158 1308 1199 t

736 1234 841 1274 rentem
868 1223 993 1273 similiter
1013 1224 1213 1288 mundabatur3
1232 1232 1264 1281 et.
1305 1202 1308 1271 l

737 1297 890 1346 mundum
915 1295 1085 1360 Thopnilnm,
1103 1305 1137 1346 ut
1150 1292 1265 1346 matt-
1306 1278 1308 1325 Ι

737 1377 810 1418 caret
824 1383 923 1427 aerem,
934 1367 981 1433 qui
998 1365 1211 1417 sanctificaverat
1222 1374 1269 1417 tet·
1306 1404 1308 1411 .

737 1456 795 1490 ram
807 1440 968 1490 ambulando
974 1438 1004 1488 in
1017 1453 1062 1501 ea;
1073 1448 1108 1498 et,
1121 1438 1265 1489 secundum
1305 1468 1308 1491 t

740 1510 974 1578 chrysostomum,
998 1518 1028 1558 ut
1055 1523 1072 1558 a
1101 1505 1270 1557 dremonibus
1305 1554 1308 1567 ,

737 1581 857 1646 expiaret
876 1594 974 1638 aerem,
987 1588 1013 1628 et
1031 1592 1174 1628 ascensum
1193 1575 1267 1627 nobis

738 1659 841 1716 pararet
865 1649 894 1698 in
917 1649 1025 1699 coelum.
1048 1649 1109 1698 ldeo
1129 1648 1213 1699 etiam
1231 1646 1266 1699 ric
1306 1660 1308 1667 ·

737 1720 833 1770 elevari
850 1719 945 1779 voluit,
962 1728 993 1769 ut
1015 1718 1044 1768 in
1061 1734 1139 1769 cruce
1151 1718 1270 1785 pendeus

738 1791 768 1841 in
782 1807 852 1854 aere,
867 1807 896 1841 se
909 1791 979 1841 inter
988 1790 1076 1841 Deum
1089 1801 1118 1840 et
1128 1789 1267 1840 hominem

738 1864 913 1914 mediatorem
928 1863 1088 1923 ostenderet,
1103 1872 1131 1912 et
1144 1876 1193 1928 per
1209 1862 1267 1912 Pm-

737 1944 845 1994 monem
868 1943 965 2002 crucis,
988 1944 1063 2004 cuius
1085 1957 1150 1992 cum
1171 1941 1268 1993 elevata

738 2004 819 2056 fuerit
842 2022 896 2056 una
918 2021 980 2072 pars
1004 2005 1037 2056 ad
1058 2006 1168 2069 coelum,
1191 2004 1270 2055 altem

738 2092 801 2127 vero
818 2076 848 2126 in
864 2087 962 2127 terram
979 2074 1103 2142 respicit,
1125 2075 1268 2125 humanam

739 2159 862 2200 naturam
876 2150 907 2200 ad
924 2148 1091 2200 consortium
1102 2148 1268 2214 Angelorum

739 2230 881 2270 revocaret.
902 2219 979 2270 Unde
996 2218 1141 2269 Anselmns
1156 2235 1164 2268 :
1182 2238 1197 2265 ι
1211 2218 1269 2269 Me-

738 2293 825 2343 diator
847 2292 897 2342 Dei
914 2301 941 2342 et
956 2291 1112 2349 hominum,
1132 2290 1203 2341 inter
1217 2305 1269 2341 cm·

738 2363 796 2413 lum
812 2372 838 2412 et
851 2373 950 2412 terram
960 2361 1065 2410 medius
1077 2360 1208 2426 pendens,
1218 2359 1269 2411 im!

739 2433 843 2499 superis
853 2431 925 2492 unit,
937 2431 1090 2482 coelestibus
1099 2440 1269 2481 terrenacon·

738 2504 835 2571 jungit.
852 2523 866 2552 n
890 2504 930 2554 Ex
952 2503 1004 2553 hoc
1025 2502 1139 2553 articulo
1159 2501 1270 2555 levatio-

740 2576 783 2626 nis
800 2577 827 2625 in
849 2590 925 2625 cruce
946 2574 1061 2624 habetur
1070 2572 1273 2631 documentum,

739 2649 813 2716 quod
829 2665 879 2699 nos
898 2647 1054 2698 Passionem
1070 2644 1184 2697 Domini
1198 2660 1271 2697 reon-

739 2719 969 2771 lentes'debemus
994 2715 1103 2768 exaltari
1117 2727 1224 2777 atetra,
1245 2714 1271 2767 id

739 2802 780 2843 est
791 2806 806 2840 a
818 2790 931 2841 terrenis
942 2789 1094 2851 affectibus;
1112 2788 1155 2839 vel
1170 2788 1275 2839 etiamn

740 2876 843 2916 terrena
852 2863 1060 2922 conversatione,
1078 2862 1175 2912 saltem
1185 2859 1271 2928 quoad

740 2935 885 2986 mentalem
918 2933 1131 2984 abstractionem
1153 2948 1161 2983 ι
1185 2940 1218 2983 ut
1236 2927 1273 2982 sic

739 3007 780 3058 vel
807 3021 823 3056 a
845 3016 916 3055 terra
937 3019 1046 3054 sursum
1072 3002 1215 3052 trahamur
1240 2999 1272 3051 sd

739 3076 882 3129 Christum
896 3075 925 3126 in
938 3089 1014 3125 cruce
1024 3073 1200 3139 pendentem,
1213 3084 1274 3138 qua·

740 3161 821 3202 tenus
835 3151 923 3201 simus
934 3149 966 3198 de
978 3146 1087 3197 illorum
1101 3161 1232 3205 numero,
1240 3144 1273 3194 de

740 3222 841 3288 quibus
855 3221 913 3286 ipse
924 3218 1061 3285 pollicens,
1074 3215 1177 3267 dixerat
1187 3231 1200 3266 s
1210 3214 1277 3267 011·

740 3292 786 3342 nia
799 3290 904 3341 traham
913 3288 951 3339 ad
964 3287 1101 3354 meipsum.
1112 3284 1155 3335 Ad
1169 3282 1275 3335 confor-

741 3362 873 3412 mandum
901 3375 930 3410 se
947 3359 1011 3410 huic
1031 3356 1156 3416 articulo,
1176 3353 1276 3422 poterit

740 3432 825 3483 homo
849 3447 882 3483 ex
909 3428 1051 3481 devotione
1074 3442 1133 3487 sua,
1158 3436 1275 3478 mentem

740 3518 849 3553 sursum
859 3501 970 3568 erigere,
980 3497 1057 3566 quasi
1064 3496 1174 3548 Christo
1183 3511 1274 3549 coram

728 3591 772 3626 ‘eo
785 3574 917 3641 pendente
930 3574 959 3624 in
968 3586 1046 3623 cruce
1056 3586 1064 3634 ;
1076 3580 1102 3621 et
1112 3568 1214 3636 poterit
1222 3569 1274 3619 hoc

739 3646 820 3698 etiam
830 3646 926 3712 aliquo
943 3653 1019 3710 gestu
1032 3641 1157 3707 corporis
1174 3652 1274 3707 repra·

740 3728 856 3778 sentare,
868 3727 895 3767 et
915 3713 954 3766 sic
977 3728 1052 3764 orare
1064 3729 1071 3763 z
1082 3710 1159 3775 Jma,
1173 3709 1222 3777 qni
1246 3708 1276 3759 itt

739 3803 819 3841 cruce
832 3786 926 3849 levari,
939 3785 1014 3836 etsie
1024 3798 1043 3834 α
1063 3789 1139 3833 terra
1152 3778 1277 3834 exaltari

741 3859 863 3925 voluisti,
879 3856 934 3923 sac
957 3869 1011 3920 me,
1025 3867 1126 3920 qnaeso,
1139 3867 1158 3905 α
1186 3858 1274 3903 terre·
