2626 4328
316 267 363 318 DE
380 266 524 326 TERTIA,
541 265 576 316 IN
594 265 763 315 PASSIONE
777 263 917 315 DOMINI.

47 387 180 438 invidiam
197 400 257 436 eam
274 383 460 445 tradidissent,
476 393 502 433 et
514 383 587 449 quod

50 463 137 524 justus
154 473 186 508 ac
201 456 334 506 innocens
348 465 413 517 erat,
429 466 455 505 et
469 465 499 506 ut
514 454 588 519 ipse-

51 539 104 580 met
121 526 313 586 confitebatur,
328 542 391 576 eum
408 526 520 576 liberare
538 539 589 590 po-

50 610 124 650 terat.
143 596 282 661 Particeps
298 612 362 662 ergo
380 607 436 647 erat
449 595 588 657 criminis;

51 670 95 720 sed
110 667 288 718 innocentior
300 666 364 716 illis.
377 667 455 717 Unde
471 667 526 716 Leo
538 665 590 716 Pa·

52 757 83 807 pa
102 758 109 791 :
135 761 150 787 n
175 738 297 790 Excessit
312 754 375 804 ergo
391 737 468 788 Pilati
483 737 590 802 eulpam

51 815 156 866 facinus
183 813 358 875 Judaeorum;
387 812 432 862 sed
462 826 510 861 nec
533 810 591 876 ipse

51 885 134 936 evasit
146 893 253 934 reatum
267 882 315 949 qui
331 883 439 949 reliquit
451 882 590 948 proprium

52 958 200 1022 iudicium,
224 966 250 1006 et
277 956 305 1006 in
328 955 431 1006 crimen
455 955 592 1006 transtulit

53 1029 184 1078 alienum.
199 1045 214 1075 n
228 1027 299 1076 Huic
313 1027 398 1077 Pilato
412 1026 515 1076 similes
529 1035 591 1075 suut

53 1109 210 1150 excusantes
231 1114 259 1148 se
277 1096 431 1148 acriminis
448 1111 590 1154 consensu,

54 1186 112 1220 cum
138 1169 247 1234 possint
272 1169 415 1219 reclamare
436 1183 498 1218 cum
522 1167 591 1217 effe-

55 1251 103 1290 au.
118 1241 161 1291 Et
174 1238 374 1304 responderunt
389 1252 480 1289 omnes
494 1255 503 1288 .·
517 1238 591 1288 San·

55 1313 114 1378 guis
139 1312 216 1379 ejus,
241 1310 268 1360 id
293 1318 333 1360 est
355 1310 432 1375 culpa
455 1320 480 1359 et
504 1323 591 1374 poena,

56 1400 98 1435 seu
114 1384 185 1434 ultio
200 1393 228 1432 et
250 1380 367 1431 vindicta
379 1380 521 1430 effusionis
537 1395 593 1430 san-

57 1455 144 1522 guinis
159 1454 230 1519 ejus,
246 1466 328 1516 super
348 1466 397 1501 nos
417 1457 443 1502 et
463 1465 544 1514 super
550 1450 592 1516 fi-

59 1528 106 1577 lios
120 1530 243 1576 nostros.
259 1521 399 1587 Optimam
418 1521 592 1571 hereditatem

58 1599 226 1664 reliquerunt
242 1594 328 1645 tudaei
349 1594 414 1645 filiis
434 1594 505 1658 suis;
529 1611 592 1661 per·

58 1679 157 1720 severat
184 1665 260 1717 enim
287 1680 375 1732 usque
403 1665 484 1716 hodie
513 1682 594 1732 super

57 1742 161 1792 Judaeos
189 1740 249 1790 haec
276 1738 431 1805 imprecatio
458 1755 542 1805 poenae
568 1749 594 1791 et

58 1811 188 1873 criminis,
200 1821 227 1861 et
239 1809 350 1876 sanguis
364 1810 467 1861 Christi
482 1827 537 1860 non
551 1826 595 1861 au·

60 1883 140 1934 fertur
158 1882 192 1932 ab
207 1881 257 1943 eis',
275 1882 345 1931 unde
364 1881 389 1931 in
413 1881 528 1948 singulis
548 1882 594 1932 lu·

60 1952 226 2012 nationibus,
243 1961 274 2001 ut
294 1951 402 2013 dicitur,
419 1952 523 2003 fluxum
545 1968 595 2018 pa-

59 2025 162 2075 tiuntur
185 2022 339 2089 sanguinis.
363 2024 496 2074 Percussit
520 2023 595 2074 enim

60 2112 99 2148 eos
115 2096 257 2148 Dominus
274 2096 302 2145 in
327 2097 482 2160 posteriora,
499 2106 525 2146 et
545 2112 594 2162 op·

61 2169 201 2232 probrium
221 2165 417 2230 sempiternum
438 2167 512 2217 dedit
532 2167 594 2226 illis,

61 2248 175 2304 suntque
194 2235 257 2300 vagi
271 2245 297 2285 et
314 2233 420 2302 profugi
441 2237 492 2286 sub
509 2237 595 2288 servi-

61 2319 121 2369 tute,
145 2317 173 2357 et
197 2304 252 2355 nisi
279 2304 390 2355 laverint
416 2321 512 2357 manus
534 2324 596 2358 suas

60 2397 103 2447 per
125 2380 310 2447 Baptismum‚
332 2379 366 2428 ab
391 2379 442 2430 isto
464 2381 597 2447 sanguine

62 2468 166 2517 poenam
188 2449 314 2502 criminis
335 2451 509 2504 sustinebunt
529 2470 596 2503 con-

62 2521 142 2572 tinue.
161 2521 198 2572 Ut
213 2529 303 2569 autem
318 2519 384 2570 dicit
397 2521 596 2590 Hieronymus

62 2593 171 2643 terbum
185 2590 323 2656 optimum
338 2600 364 2641 et
377 2591 545 2643 salutiferum
560 2609 598 2644 re-

62 2665 228 2729 sponderunt
252 2660 352 2724 Judaei;
377 2663 423 2713 sed
447 2664 598 2716 intentione

64 2735 187 2799 pessima.
199 2732 359 2798 Optandum
373 2744 413 2783 est
423 2749 486 2800 ergo
500 2746 531 2785 ut
540 2751 599 2786 san-

64 2805 120 2868 guis
137 2804 185 2854 ille
207 2803 300 2852 veniat
319 2818 401 2868 super
414 2819 479 2868 nos;
498 2807 545 2856 sed
568 2807 598 2857 in

64 2877 240 2934 ablutionem,
262 2876 410 2925 secundum
432 2877 499 2928 illud
524 2881 599 2946 Apo·-

64 2948 176 3016 calypsis
194 2963 202 2998 ι
218 2948 299 2997 Lavit
318 2961 367 2997 nos
381 2962 399 2998 a
410 2951 531 3014 peccatis
550 2967 599 3003 no·

64 3023 137 3083 stris,
154 3022 182 3071 in
202 3034 276 3085 sang
286 3019 347 3070 uine
362 3035 421 3072 suo.

92 3109 108 3157 7
125 3093 213 3144 Juaar
228 3091 370 3143 Cunrsruu
384 3109 559 3146 seleuciani.
569 3123 599 3133 -

67 3163 164 3215 Pilatus
181 3163 275 3229 itaque
289 3178 396 3214 causam
415 3164 511 3214 mortis
526 3165 553 3215 in
568 3182 600 3217 eo

63 3250 115 3285 -non
138 3235 292 3294 inveniens,
311 3235 446 3287 nitebatur
468 3252 530 3288 eum
556 3239 601 3288 di-

67 3307 183 3370 mittere;
210 3321 267 3355 non
291 3305 363 3356 enim
386 3306 415 3356 in
439 3321 480 3368 eo,
501 3311 547 3359 sed
572 3310 600 3360 in

9 3378 11 3431 ζ
66 3378 143 3429 uobis
157 3392 240 3428 causa
255 3378 350 3428 mortis
363 3379 420 3444 ejus
433 3379 494 3442 fuit,
506 3397 602 3447 passus

9 3470 12 3475 ·
68 3459 103 3499 est
118 3465 167 3516 pro
184 3449 275 3511 nobis,
292 3466 347 3500 non
362 3468 410 3518 pro
426 3469 463 3514 se,
480 3470 536 3505 non
551 3457 602 3506 ha-

69 3521 132 3574 bens
153 3523 262 3588 culpam
283 3534 309 3574 et
331 3525 468 3577 sustinens
485 3544 602 3593 poenam,

70 3603 94 3642 ut
120 3603 147 3643 et
169 3594 278 3659 culpam
301 3604 422 3646 nostram
445 3599 559 3650 solveret
577 3610 603 3650 et

70 3676 184 3725 poenam.
197 3664 275 3714 Unde
285 3665 447 3716 Bernardus
459 3685 467 3717 ι
478 3687 491 3714 a
505 3670 529 3719 O
543 3669 604 3736 piis·

68 3734 134 3786 sime
147 3734 223 3795 Jesu,
239 3736 306 3801 quid
322 3737 372 3787 tibi
388 3746 415 3788 et
433 3739 531 3790 morti?
549 3742 603 3791 Nos

66 3805 237 3866 peccavimus
261 3816 287 3856 et
310 3817 340 3857 tu
357 3807 419 3867 luis,
435 3825 486 3859 nos
508 3811 603 3862 debui-

9 3898 12 3955 Ξ
68 3888 129 3928 mus
149 3887 177 3928 et
199 3887 229 3928 tu
251 3878 342 3931 solvis.
358 3897 374 3927 n
390 3881 498 3932 Nullam
513 3883 604 3955 itaque¹

9 4108 14 4165 'i

146 3991 216 4042 Viri
237 3993 300 4044 Jasu
320 3994 441 4056 Caneri,
459 4013 546 4051 rouus
559 3999 603 4052 lV.

1121 260 1173 313 535

643 396 750 430 causam
764 380 860 431 mortis
877 379 949 430 ineo
963 379 1115 440 inveniens,
1131 380 1176 430 di-

643 454 682 503 xit
694 453 749 503 illis
761 469 768 503 2
781 452 933 519 Corripiam
947 467 1010 517 ergo
1025 451 1112 512 illum,
1123 451 1177 502 sci-

644 527 704 576 licet
722 525 889 592 flagellando,
911 534 941 575 ut
962 525 986 575 si
1010 540 1062 591 qua
1083 525 1112 575 in
1129 541 1177 576 ve-

644 597 707 646 stris
729 596 950 646 ceremonialibus
974 596 1120 659 commisit,
1136 595 1178 646 vel

644 668 671 717 in
697 666 788 732 aliquo
812 667 937 734 deliquit,
958 683 1007 734 pro
1027 667 1093 733 ipsis
1118 682 1179 717 cor-

644 751 735 805 reptus
754 740 920 800 emendetur,
942 751 968 790 et
989 740 1028 791 sic
1049 741 1179 791 emenda·

644 824 701 862 tum
726 823 752 863 et
779 812 980 878 disciplinatum
1005 814 1141 864 dimittam
1164 826 1180 865 a

645 898 730 935 morte
750 886 884 957 liberum3
905 886 996 952 flagris
1012 897 1037 937 et
1054 886 1180 938 ludibriis

644 971 706 1005 eum
727 955 841 1005 afficiam
870 968 1001 1022 quantum
1024 957 1076 1024 ipsi
1100 958 1180 1023 jube-

643 1028 687 1087 tis,
700 1027 850 1077 dummodo
864 1027 1007 1077 innoxium
1019 1030 1179 1095 sanguinem

645 1115 700 1147 uon
725 1097 822 1147 sitiatis
849 1098 891 1147 vel
919 1098 1047 1149 fundatis.
1077 1100 1180 1151 Videas

644 1169 718 1218 enim
733 1185 765 1218 ex
778 1169 893 1218 clamore
907 1185 1001 1219 eorum
1015 1171 1087 1235 quod
1103 1171 1179 1220 nullo

646 1240 727 1288 modo
744 1249 847 1305 poterat
862 1238 999 1303 dimittere
1010 1241 1103 1290 Jesum
1116 1257 1180 1290 om·

646 1311 711 1359 nino
726 1311 842 1360 liberum
856 1325 918 1359 cum
932 1325 994 1376 pace
1008 1310 1141 1376 ipsorum,
1153 1321 1181 1362 et

646 1398 677 1432 ex
693 1383 775 1431 altera
789 1393 862 1446 parte
875 1382 973 1432 durum
991 1381 1043 1432 sibi
1063 1393 1118 1432 erat
1134 1382 1180 1432 in-

646 1451 764 1502 terlicere
781 1451 959 1512 innocentem,
975 1453 1035 1501 ideo
1049 1453 1082 1502 ad
1099 1453 1181 1503 satis-

646 1525 801 1574 faciendum
825 1525 864 1575 eis
886 1523 948 1574 fecit
968 1523 1109 1574 Christum
1130 1524 1182 1576 fla·

647 1597 739 1662 gellari
760 1607 787 1647 et
808 1597 902 1659 illudi,
925 1606 956 1646 ut
976 1596 1099 1647 videntes
1119 1613 1182 1648 eum

648 1668 686 1717 sie
701 1667 829 1733 punitum
846 1677 872 1716 et
893 1667 1005 1717 illusum
1028 1668 1097 1716 ultra
1118 1684 1182 1718 con·

647 1739 771 1803 dignum,
792 1736 881 1802 poenis
903 1737 960 1802 ejus
981 1748 1006 1787 et
1029 1738 1184 1803 opprobriis

647 1807 790 1857 crudelitas
807 1823 902 1858 eorum
917 1808 1067 1868 satiaretur,
1085 1825 1114 1858 ac
1129 1809 1183 1858 mi·

647 1879 788 1943 tignretur3
807 1887 833 1927 et
849 1878 887 1928 sic
908 1877 1029 1928 sufficere
1042 1879 1094 1928 sibi
1108 1879 1183 1930 aesti·

649 1961 754 1999 mantes
774 1951 844 2001 ultra
865 1951 958 2001 saevire
976 1951 1143 2014 desisterent,
1157 1962 1184 2004 et

649 2033 763 2070 mortem
774 2022 831 2086 ejus
844 2037 899 2071 non
910 2021 1025 2072 sitirent.
1041 2023 1119 2072 Unde
1130 2025 1184 2073 Aa·

648 2091 775 2157 guatinas
791 2109 799 2142 .·
815 2109 828 2136 ι(
844 2092 905 2141 Non
923 2093 1108 2157 persequendo
1125 2094 1183 2142 Do-

649 2165 756 2212 minum
773 2162 925 2229 flagellavit,
943 2164 989 2214 sed
1009 2163 1118 2213 illorum
1137 2164 1183 2215 fu-

649 2234 703 2283 rori
728 2233 876 2283 satisfacere
898 2235 1004 2292 volens,
1029 2244 1059 2284 ut
1081 2235 1122 2284 vel
1144 2235 1184 2285 sic

649 2307 702 2369 iam
720 2305 900 2366 mitescerent,
921 2315 947 2355 et
961 2306 1080 2366 silerent,
1097 2316 1123 2356 et
1136 2307 1185 2357 de-

649 2378 768 2426 sinerent
785 2376 852 2426 velle
874 2375 992 2427 occidere
1016 2393 1078 2427 eum
1101 2393 1184 2444 quem

650 2447 814 2512 flagellatum
828 2445 949 2497 viderent
963 2463 970 2496 ε
984 2468 996 2495 n
1012 2447 1070 2499 haec
1084 2452 1184 2515 Augu-

650 2521 746 2569 stinus
763 2519 840 2570 Unde
853 2518 933 2570 etiam
951 2530 1059 2587 propter
1072 2522 1123 2572 hoc
1137 2538 1186 2572 co-

651 2592 758 2640 hortem
783 2605 860 2640 suam
880 2590 904 2641 ei
921 2591 1035 2643 illudere
1052 2593 1185 2659 permisit,

651 2674 696 2713 aut
706 2662 774 2713 forte
787 2663 876 2728 jussit,
889 2674 918 2716 ut
931 2680 1025 2716 eorum
1040 2667 1108 2716 iram
1122 2666 1187 2716 mol-

651 2739 721 2796 liret,
745 2748 771 2788 et
793 2753 810 2789 a
832 2749 918 2788 morte
941 2740 997 2805 ejus
1017 2741 1187 2792 desisterent.

653 2813 779 2862 Naturale
797 2812 870 2862 enim
886 2824 928 2864 est
951 2825 986 2864 ut·
998 2815 1037 2865 ira
1058 2814 1186 2878 quiescat,

652 2885 674 2934 si
696 2901 760 2935 eum
774 2894 866 2935 contra
888 2901 969 2951 quem
987 2886 1112 2936 irascitur
1133 2886 1188 2934 hu·

653 2959 789 3008 miliatum
808 2967 833 3007 et
850 2958 975 3024 punitum
992 2958 1088 3008 videat.
1109 2957 1188 3016 Quod

653 3029 764 3094 quidem
778 3043 873 3078 verum
890 3039 929 3078 est
944 3029 972 3078 in
988 3029 1036 3090 ira,
1051 3043 1187 3094 quaecum

654 3114 781 3149 mensura
795 3098 893 3164 quaerit
907 3099 1023 3164 proximi
1039 3113 1189 3149 nocumen-

653 3179 722 3232 tum,
743 3168 864 3218 sednon
889 3168 918 3218 in
937 3168 1009 3229 odio,
1026 3169 1099 3234 quod
1116 3179 1188 3219 tota-

655 3241 716 3291 liter
736 3240 835 3306 quaerit
853 3241 911 3306 ejus
926 3257 1008 3307 quem
1022 3241 1086 3291 odio
1107 3242 1189 3292 habet

655 3312 778 3364 exitium.
794 3313 840 3364 lsti
854 3325 944 3365 autem
961 3329 993 3364 ex
1009 3314 1072 3364 odio
1093 3330 1188 3366 move-

655 3389 753 3438 bantur
776 3398 868 3439 contra
893 3387 1046 3452 Christum;
1071 3399 1098 3440 et
1128 3389 1188 3439 ideo

656 3461 798 3526 flagellatio
818 3461 875 3527 ejus
891 3477 945 3513 non
961 3462 1119 3522 sufficiebat,
1135 3461 1189 3514 nisi

656 3532 778 3582 viderent
800 3541 825 3582 et
846 3533 903 3598 ejus
921 3533 1073 3585 interitum.
1097 3535 1121 3584 Ο
1144 3533 1191 3583 Pi·

656 3603 718 3660 late,
735 3601 827 3661 Pilate‚
842 3612 871 3654 tu
887 3604 928 3655 vis
944 3603 1093 3655 Dominum
1109 3602 1192 3654 casti·

656 3687 728 3737 gare.
746 3673 838 3723 Nescis
861 3673 927 3740 quid
950 3675 1008 3741 agis
1029 3674 1121 3740 :quia
1143 3686 1192 3723 nec

656 3744 762 3809 flagella
780 3756 908 3806 meretur,
927 3746 998 3796 sicut
1015 3761 1062 3795 nec
1084 3760 1191 3810 poenam

659 3813 764 3875 mortis,
777 3814 875 3864 rectius
887 3830 978 3881 ageres
992 3815 1015 3865 si
1028 3826 1054 3865 te
1066 3815 1098 3864 ad
1109 3829 1190 3863 suum

658 3894 756 3936 nutum
786 3884 941 3952 corrigeres.
969 3885 1047 3936 Unde
1076 3883 1191 3934 intentio

1068 3996 1087 4048 b
