2626 4328
132 285 182 335 742

133 385 179 436 siae
194 400 255 435 cum
278 383 366 448 primo
382 382 467 434 solius
482 382 557 433 Judae
569 381 666 430 termi-

133 456 176 506 nis
199 455 380 516 clauderetur;
405 455 480 504 adest
494 451 584 509 modo,
604 466 665 501 cutn

134 525 234 576 ludaeis
249 525 283 574 ob
306 525 411 589 culpam
433 522 553 590 perfidiae
567 520 666 572 dereli-

134 597 199 656 ctis,
226 594 429 660 transmigravit
451 609 481 644 ac
508 593 624 655 Gentes;
641 600 667 642 et

135 669 217 720 aderit
241 669 270 719 in
295 669 396 728 futuro,
423 682 484 717 curn
501 679 562 717 ante
583 665 666 716 finem

136 743 218 793 seculi
233 752 379 792 revertetur
400 742 572 801 adiudam,
588 750 613 790 et
627 741 667 790 si-

135 826 180 865 cut
204 816 350 879 Apostolus
376 813 422 872 ait,
456 813 572 863 intrante
600 813 668 863 Gen-

135 886 206 936 tium
222 884 403 950 plenitudine,
422 884 462 934 sic
480 884 565 934 omnis
579 882 668 933 Israel

135 956 227 1005 salvus
253 956 312 1005 erit.
337 954 491 1005 Novissime
511 955 566 1004 illis
582 969 666 1019 appa-

136 1027 190 1078 ruit
214 1028 360 1077 ascendens
387 1027 415 1076 in
440 1027 555 1091 coelum;
582 1026 667 1076 aderit

137 1109 163 1148 et
183 1099 262 1148 nobis
288 1109 318 1148 ut
343 1114 405 1148 eum
425 1108 612 1164 postmortem
635 1097 667 1146 ad

137 1171 219 1220 coelos
248 1169 324 1234 sequi
360 1184 530 1227 mereamur,
558 1167 581 1219 si
606 1177 668 1218 ante

137 1251 251 1289 mortem
275 1255 337 1290 eum
361 1239 389 1288 in
410 1239 570 1289 Bethaniam
596 1239 668 1288 unde

136 1311 264 1369 ascendit,
277 1311 304 1360 id
317 1320 358 1361 est
375 1311 403 1360 in
419 1311 525 1361 dantum
543 1311 668 1361 obedien-

136 1381 182 1430 tice
207 1380 283 1447 sequi
313 1395 447 1430 curamus.
476 1382 534 1444 lpse
566 1379 667 1430 etenim

135 1453 232 1503 coelum
261 1466 420 1502 ascensurus
438 1450 596 1500 Bethaniam
619 1464 667 1500 ve-

136 1523 184 1582 nit,
207 1522 272 1587 quin
293 1522 361 1571 sicut
382 1523 526 1586 Apostolus
540 1521 577 1571 ait
592 1537 598 1571 :
616 1521 669 1571 Fa·

135 1601 194 1644 ctus
208 1604 248 1642 est
263 1593 387 1642 obediens
398 1607 479 1658 usque
496 1593 533 1641 ad
547 1599 666 1654 mortem,

136 1670 245 1714 mortem
262 1669 349 1712 autent
364 1663 463 1721 cruciS,
472 1669 584 1729 propter
598 1664 669 1728 quod

136 1742 162 1785 et
177 1735 251 1785 Deus
277 1733 412 1783 exaltavit
428 1733 520 1795 illum‚·
545 1733 668 1784 venimus

135 1807 236 1856 ibidem
254 1816 279 1855 ct
295 1821 353 1866 nos,
375 1805 485 1871 siquod
510 1805 555 1855 ille
576 1818 669 1857 monet

135 1876 250 1942 agimus,
263 1877 335 1940 quod
353 1876 479 1942 promisit
490 1876 666 1928 intendimus.

137 1947 207 1997 Esto
222 1946 319 2008 idelis,
334 1947 381 2009 ait,
397 1947 529 2012 usquead
547 1953 665 2010 mortem,

136 2025 161 2069 et
188 2019 257 2068 dabo
295 2017 344 2066 tibi
371 2032 496 2068 coronam
525 2017 596 2068 uitae.
624 2018 668 2067 Fit

136 2104 244 2155 quoque
268 2087 354 2154 ipsius
379 2088 462 2154 gratia
486 2087 623 2153 largiente,
638 2098 668 2138 ut

136 2159 184 2225 qui
203 2160 344 2209 nobiscum
360 2158 493 2226 usquead
509 2160 571 2209 vitae
586 2159 668 2223 hujus

134 2229 282 2280 terminum
309 2240 412 2290 manet,
438 2239 497 2296 post
525 2231 595 2280 hanc
617 2247 667 2281 nos

135 2301 218 2351 vitam
242 2301 274 2350 ad
295 2300 409 2351 videnda
438 2316 528 2351 secum
553 2301 667 2352 coelestis

136 2371 198 2422 vitoe
234 2371 346 2437 praemia
381 2372 502 2422 sublevet
533 2387 540 2422 ι
570 2391 584 2420 »
610 2372 667 2423 haec

138 2443 225 2491 Beda.

168 2513 427 2572 5Qu1uounoas1ure
456 2529 577 2565 essenus
599 2530 667 2565 onu-

137 2599 202 2632 muu
230 2598 262 2631 ar
295 2599 419 2635 navorto.
449 2613 478 2623 -
501 2585 575 2635 Sicut
604 2601 667 2651 ergo

134 2652 378 2717 quadragesimam,
394 2653 431 2703 sic
455 2664 481 2704 et
499 2655 668 2721 quinquage-

136 2722 234 2772 simam
260 2722 388 2772 Christus
410 2724 490 2788 nobis
506 2725 627 2784 sacravit,
642 2736 669 2774 et

137 2810 187 2845 nos
215 2805 330 2861 utraque
357 2795 527 2845 solemnitate
555 2796 668 2861 mystice

136 2866 269 2931 instituit;
296 2866 329 2916 de
354 2865 454 2931 quibus
478 2865 561 2916 simul
591 2868 668 2919 Beda

137 2939 174 2990 sic
186 2939 223 2989 ait
239 2956 245 2989 :
264 2958 277 2985 u
294 2938 441 3004 Utramque
457 2953 522 2989 sane
543 2939 611 2991 hanc
623 2957 668 2991 so-

135 3011 310 3073 lemnitatem,
323 3009 374 3060 hoc
398 3021 440 3061 est·
458 3010 669 3076 quadragesimae

136 3092 162 3132 et
178 3081 419 3149 quinquagesima,
439 3099 494 3134 non
515 3085 668 3149 quorumli-

137 3155 182 3204 bet
207 3154 361 3217 hominurn,
382 3154 427 3204 secl
451 3153 537 3220 ipsius
557 3156 667 3206 Domini

137 3238 167 3273 ac
190 3223 336 3274 Salvatoris
360 3224 444 3274 nostri
474 3226 561 3291 prima
589 3227 669 3276 nobis

137 3296 224 3345 sanxit
259 3295 411 3346 auctoritas.
454 3298 669 3365 Quadragesimae

136 3363 260 3415 videlicet
274 3366 299 3415 in
316 3381 356 3426 eo,
372 3366 445 3432 quod
459 3366 554 3419 diebus
570 3383 600 3419 ac
617 3385 668 3419 no-

137 3433 226 3484 ctibus
241 3437 415 3502 quadraginti
430 3437 557 3502 jejunavit
573 3439 600 3488 in
621 3439 670 3490 de-

137 3518 224 3572 serto;
240 3511 362 3575 victaque
382 3510 499 3561 versutia
518 3512 668 3571 tentatoris,

137 3577 299 3630 ministeriis
319 3580 458 3632 fruebatur
472 3582 608 3648 angelicis,
621 3583 668 3634 ubi

137 3663 186 3698 suo
202 3664 252 3698 nos
271 3650 425 3702 informaret
444 3652 568 3718 exemplo
585 3653 669 3720 :quia

138 3735 185 3788 per
209 3723 415 3774 macerationem
453 3725 540 3775 carnis
573 3727 669 3777 adver-

138 3793 200 3846 sarii
240 3794 389 3861 spiritualis
414 3797 555 3849 machinas
584 3798 669 3850 evita-

133 3880 196 3928 re,
212 3876 237 3916 et
264 3866 297 3916 ad
322 3867 488 3932 Angelorum
525 3869 669 3920 debeamus

385 265 558 317 SECUNDAE
576 261 699 313 PARTlS
714 261 831 313 CAPUT
848 264 962 315 Lxxxt.

719 378 885 430 consortium
903 381 1052 446 pervenire.
1072 382 1155 433 Porro
1170 383 1256 449 quina

720 451 883 516 quagesimae
921 452 1000 502 nobis
1032 452 1129 519 gaudia
1164 453 1194 504 in
1224 470 1255 506 eo

720 522 849 572 servanda
885 523 1062 584 monstravit,
1093 524 1167 588 quod
1194 535 1257 590 post

720 592 954 643 Resurrectionem
981 594 1098 658 seipsum
1130 594 1255 660 discipu·

720 664 755 713 lis
776 665 873 727 vivum,
899 665 925 714 in
953 664 1043 714 multis
1071 667 1253 732 argumentis,

717 749 768 800 per
798 733 855 784 dies
894 735 1079 800 quadraginta
1113 738 1254 803 praebuit,

720 817 746 856 et
776 807 838 856 illos
876 822 932 856 suae
963 807 1113 874 frequentia
1154 809 1253 860 visita-

721 876 803 927 tionis
838 877 1022 928 laetabundum
1060 879 1112 928 hoc
1145 889 1255 946 tempus

720 949 819 998 habere
841 947 913 1011 fecit,
934 964 962 998 ac
984 949 1118 999 festivum.
1142 950 1171 999 ln
1199 966 1253 1016 quo

720 1035 774 1069 non
805 1020 893 1069 solum
919 1018 1002 1069 futuri
1031 1019 1113 1069 seculi
1146 1021 1253 1084 gaudia,

719 1104 780 1155 quae
795 1106 856 1140 curn
872 1089 919 1139 illo
935 1106 1030 1139 sumus
1050 1090 1168 1140 habituri
1191 1107 1255 1157 prae·

721 1159 845 1226 signavit,
861 1175 955 1209 verum
972 1171 998 1210 et
1024 1161 1192 1211 ineffabilem
1207 1162 1255 1212 cir·

721 1247 812 1281 canos
826 1246 881 1281 suae
897 1230 1005 1295 pietatis
1022 1230 1145 1281 affectum
1161 1242 1254 1283 osten·

720 1302 767 1364 dit,
790 1300 836 1368 qui
864 1301 986 1366 deposita
1016 1301 1069 1364 iam
1094 1301 1254 1354 infirmitate

720 1372 848 1437 corporis,
863 1383 888 1422 et
908 1387 952 1436 per
967 1373 1184 1423 Resurrectionis
1199 1374 1254 1424 vir-

721 1455 806 1496 tutem
829 1445 857 1495 in
878 1447 1010 1496 coelestem
1039 1445 1152 1511 gloriam
1177 1463 1254 1497 com·

721 1530 832 1578 mutata,
858 1518 983 1584 dignatur
1003 1530 1095 1569 tamen
1111 1520 1201 1571 adhuc
1215 1521 1256 1570 di·

720 1590 885 1654 scipulorum
901 1588 1028 1639 interesse
1050 1590 1175 1639 convivio
1197 1608 1204 1640 ι
1227 1601 1256 1641 ut

720 1660 807 1710 socios
826 1675 871 1709 cos
895 1659 994 1710 habere
1017 1660 1103 1724 possit
1125 1660 1154 1710 in
1176 1663 1255 1725 coelo,

720 1741 746 1781 et
761 1741 891 1796 praecepta
911 1731 1011 1796 quibus
1029 1732 1062 1780 ad
1076 1746 1193 1796 regnum
1208 1733 1254 1784 Dei

719 1803 874 1869 perveniant
889 1801 1009 1852 vivacius
1029 1803 1085 1868 ipsa
1110 1803 1255 1856 familiari-

719 1883 772 1923 tate
788 1874 965 1932 commendet,
979 1885 1060 1939 atque
1080 1875 1214 1926 memoria
1228 1876 1255 1926 il·

720 1945 773 1994 lius
791 1942 920 2008 temporis
941 1944 1056 2001 roboret.
1079 1945 1113 1995 de
1139 1962 1197 2010 quo
1216 1946 1254 1997 eis

698 2026 781 2067 rante
806 2017 960 2068 Passionem
975 2032 1052 2067 suam
1072 2019 1254 2082 promittendo

720 2087 877 2152 praedixerat
893 2103 899 2136 :
916 2087 955 2137 Er
970 2102 1022 2154 ego
1036 2088 1150 2154 dispono
1163 2089 1247 2153 vobis,

720 2159 789 2209 sicut
811 2158 943 2224 disposuit
972 2159 1036 2208 ntila'
1063 2161 1150 2210 Pater
1178 2175 1251 2211 meus

719 2245 842 2295 regnum,
868 2235 897 2279 ut
912 2230 1001 2280 edatis
1017 2235 1042 2279 et
1060 2230 1157 2280 bibatis
1173 2245 1253 2297 super

720 2316 836 2352 mensam
856 2315 939 2350 meam
961 2301 987 2350 in
1006 2316 1092 2367 regno
1115 2316 1173 2353 meo
1182 2319 1193 2366 ,·
1210 2302 1253 2353 sed

720 2384 745 2424 et
764 2373 792 2422 in
808 2372 904 2423 coslum
925 2374 1072 2423 ascendens
1083 2388 1253 2439 nequaquam

719 2444 758 2494 eis
774 2443 867 2510 priscae
888 2458 944 2492 suae
966 2444 1115 2508 praesentia:
1139 2443 1254 2494 dulcedi·

720 2530 782 2565 nem
797 2512 916 2573 abstulit,
932 2513 999 2579 quin
1018 2514 1140 2563 eamdem
1161 2514 1252 2579 potius

719 2587 853 2653 promisso
878 2585 995 2650 Spiritus
1032 2585 1124 2635 Sancti
1162 2585 1253 2636 chari·

720 2668 805 2708 smate
827 2655 982 2706 cumulavit.
996 2655 1120 2721 Denique
1134 2671 1200 2706 mox
1215 2656 1256 2706 illi

719 2727 842 2793 regressi
869 2732 931 2775 sunt
955 2726 982 2776 t'n
1007 2726 1170 2788 Jerusalem,
1195 2741 1252 2778 cum

720 2797 823 2864 gaudio
847 2811 955 2862 magno,
977 2803 1003 2845 et
1023 2803 1102 2846 erant
1122 2812 1205 2863 super
1229 2797 1254 2848 tit

722 2866 835 2933 templo,
860 2866 1001 2916 laudantes
1025 2873 1050 2917 et
1073 2868 1254 2919 benedicentes

720 2941 805 2990 Deum
813 2955 823 3001 ,·
846 2937 898 2987 hoc
919 2953 1027 3004 quoque
1043 2938 1124 2988 nobis
1146 2940 1253 3004 gaudio,

721 3027 750 3062 ac
773 3010 850 3061 laude
879 3019 904 3060 et
931 3010 1119 3061 benedictione
1141 3011 1253 3071 coelesti,

721 3098 774 3148 qua
789 3080 906 3147 Spiritus
923 3080 1013 3131 Sancti
1030 3083 1255 3146 praestolabantur

720 3156 881 3214 adventum,
904 3153 1040 3218 usquead
1067 3153 1139 3202 diem
1169 3154 1253 3220 quin·

722 3225 919 3290 quagesimum‚
956 3238 1037 3289 quem
1063 3223 1147 3273 Graeci
1181 3226 1253 3274 Pen-

721 3306 840 3346 tecosten
877 3295 1032 3360 appellant,
1069 3294 1255 3345 solemnitatis

721 3368 802 3430 huius
816 3364 937 3415 laetitiam
949 3365 1097 3415 docuerunt
1115 3381 1175 3416 esse
1193 3381 1256 3432 pro·

721 3431 862 3486 telandam.
882 3435 978 3485 Merito
994 3450 1057 3500 ergo
1080 3435 1257 3487 sacrosanctis

721 3507 817 3557 diebus
851 3507 894 3557 his
925 3521 974 3556 nos
999 3506 1147 3572 majoribus
1170 3505 1258 3574 epulis

721 3589 802 3644 atque
817 3576 928 3643 hymnis
942 3577 1096 3627 coelestibus
1107 3592 1256 3629 vacamus:

722 3651 757 3700 ob
786 3649 960 3700 reverentiam
984 3648 1133 3698 Dominicae
1159 3651 1259 3700 Resur-

722 3723 859 3787 rectionis,
882 3723 918 3773 ob
940 3723 1099 3773 memoriam
1119 3721 1258 3774 Dominici

722 3795 864 3847 convictus
877 3811 938 3846 cum
961 3795 1103 3861 discipulis
1125 3795 1221 3858 simul,
1232 3806 1259 3847 et

721 3869 757 3920 ob
772 3884 849 3936 spem
868 3867 966 3920 futurae
981 3879 1079 3920 nostrae
1096 3869 1208 3936 quietis,
1226 3883 1255 3919 ac
