2626 4328
143 322 193 371 512

136 435 199 506 {ati
217 436 326 502 suet-int
347 436 374 486 ln
397 441 430 497 te,
456 448 508 501 ego
540 449 673 501 nunquam

139 507 356 575 scandalizabor,
384 507 447 572 quis
471 507 540 556 alius
566 506 625 571 jure
640 506 673 555 de

139 595 168 628 sc
190 578 354 643 praesumat?
380 576 503 642 Denique
531 587 557 627 et
588 576 673 627 David

139 651 187 717 qui
200 651 304 702 dixerat
319 666 325 699 ε
343 650 408 716 Ego
424 649 486 699 dixi
499 650 526 699 in
539 649 674 700 abundan-

142 722 179 772 tia
201 735 268 783 mea,
293 736 345 771 non
358 721 481 772 movebor
494 721 521 770 in
534 727 671 781 aetemum,

140 807 199 843 eam
223 792 276 842 sibi
300 791 452 856 iactantiam
469 791 590 842 obfuisse
606 807 673 857 pro-

140 861 238 922 fitetur,
262 862 355 912 dicens
381 878 387 912 ε
416 863 551 913 Averlistt'
568 863 672 929 faciem

141 941 213 984 tumn
227 949 248 984 a
259 949 300 985 me
307 953 317 998 ,-
338 942 365 986 et
379 935 476 1000 sactus
491 950 550 986 sum
564 941 673 986 contur-

142 1006 228 1055 bcu‘us.
245 1024 259 1053 n
274 1035 304 1044 -
318 1006 441 1056 Tertium
468 1015 516 1066 est,
541 1007 614 1072 quod
643 1005 672 1055 in

140 1077 273 1144 principio
297 1079 461 1130 obstandum
481 1088 523 1129 est
547 1077 672 1145 peccatis,

140 1148 205 1213 quia
227 1165 313 1200 unum
344 1166 451 1217 semper
472 1149 556 1200 trahit
583 1149 616 1198 ad
645 1162 674 1198 se

140 1221 214 1272 aliud
240 1224 364 1288 gravius3
387 1226 457 1276 sicut
478 1225 507 1274 in
531 1222 673 1289 proposito

141 1291 229 1356 primo
245 1292 296 1343 fuit
313 1296 385 1345 nuda
411 1295 526 1360 negatio,
541 1293 672 1356 secundo,

141 1362 278 1428 negationi
307 1365 417 1416 accessit
436 1364 560 1431 periuria,
586 1363 673 1423 tertio,

139 1433 257 1497 poq'urio
288 1435 399 1484 accessit
422 1434 593 1498 maledicti03
621 1435 673 1493 vel,

141 1503 211 1552 sicut
245 1505 310 1554 dicit
339 1498 528 1572 Hieronymus
554 1523 564 1555 :
587 1506 675 1570 prima

140 1573 252 1634 ancilla,
281 1574 426 1640 titubati03
450 1576 585 1636 secunda,
614 1592 676 1625 con-

140 1644 248 1706 sensio;
265 1644 360 1694 tertius
373 1644 423 1705 vir,
443 1654 517 1696 actus
541 1656 590 1697 est.
610 1647 674 1696 llaec

140 1723 181 1763 est
193 1713 264 1764 trina
278 1717 394 1780 negatio,
412 1731 495 1782 quam
514 1718 602 1768 abluit
627 1733 674 1784 per

142 1785 221 1834 lletus
244 1786 317 1835 verbi
348 1787 450 1837 Christi
474 1790 631 1840 recordatio.
644 1817 675 1827 -

142 1856 275 1914 Quartum
289 1869 338 1918 est,
359 1860 433 1925 quod
449 1860 472 1910 si
487 1877 537 1911 nos
550 1862 675 1928 quando·

142 1938 196 1991 que
218 1943 251 1977 ex
265 1928 408 1994 fragilitate
428 1946 575 1996 peccemus,
599 1932 675 1982 nullo

133 1999 226 2049 ‘modo
255 2000 285 2050 in
311 2012 418 2066 peccato
443 2018 644 2067 perseveremus
667 2021 674 2054 ε

141 2069 215 2134 quia,
231 2073 382 2123 secundum
406 2073 542 2138 Glossam,
557 2090 676 2142 perseve-

140 2154 199 2190 rare
224 2142 253 2191 in
280 2153 406 2208 peccato,
439 2145 484 2194 dat
509 2145 675 2196 incrementa

140 2214 286 2278 scelerum,
311 2216 404 2282 etqui
428 2217 534 2281 spernit
551 2217 674 2278 minima,

139 2285 210 2334 cadit
224 2286 251 2335 in
266 2287 377 2352 majora.
390 2288 432 2349 Et,
446 2288 594 2338 secundum
609 2289 676 2339 Gee-

140 2356 258 2418 gorium,
275 2369 412 2419 peccatum
426 2359 500 2425 quod
516 2359 675 2424 poenitentia

140 2439 195 2474 non
218 2426 310 2488 diluit,
336 2445 400 2480 mox
425 2431 459 2480 ad
486 2430 560 2480 aliud
583 2430 674 2481 trahit.

141 2495 210 2546 Eece
223 2498 296 2547 enim
315 2501 424 2552 beatum
444 2502 555 2552 Petrum
577 2504 610 2555 ad
625 2504 675 2569 pri-

139 2580 212 2614 mam
227 2569 398 2634 negationem
419 2571 531 2637 impulit
550 2588 603 2624 una
619 2584 675 2623 tan-

139 2645 199 2684 tum
226 2639 337 2703 ancilla;
365 2642 398 2690 ad
427 2643 583 2703 secundam,
610 2644 674 2705 duo,

140 2707 240 2759 scilicet
265 2712 362 2763 ancilla
384 2723 411 2763 et
430 2714 489 2778 vir;
509 2716 541 2764 ad
557 2715 673 2776 tertiam,

139 2779 240 2844 plures.
250 2782 425 2841 -Quintum
436 2794 486 2844 est,
499 2786 572 2849 quod
584 2786 674 2835 nullus

138 2861 262 2914 peccator
290 2854 370 2905 debet
399 2856 553 2921 desperate,
585 2871 674 2922 quan—

141 2933 308 2994 tumcunque
322 2940 428 2995 peccata
441 2929 496 2979 sint
505 2929 610 2995 gravia3
625 2932 673 2980 sed

140 2994 672 3067 debetpropeccatissuisllere‚cxemplo

140 3068 210 3119 beati
227 3072 305 3134 Petri,
323 3074 370 3140 qui
394 3076 500 3141 culpam
522 3075 672 3141 negationis

139 3143 227 3221 abluit
241 3147 367 3212 lacrymis
379 3149 553 3215 poenitentiae.
573 3150 602 3199 ln
620 3150 672 3200 hoc

139 3225 213 3261 emm
236 3218 386 3267 remedium
404 3219 484 3269 nobis
506 3219 671 3284 poenitentiae

139 3288 299 3352 ostenditur,
323 3291 394 3341 etin
413 3292 540 3342 maximis
560 3293 673 3343 excessi-

138 3354 191 3405 bus
225 3360 331 3410 veniam
358 3377 464 3426 sperare
497 3362 670 3427 conceditur,

138 3440 200 3475 cum
220 3428 314 3480 Petrus
334 3442 395 3496 post
410 3441 514 3481 tantum
533 3442 670 3498 peceatum

137 3495 224 3547 factus
241 3500 276 3549 sit
295 3501 394 3565 janitor
407 3502 478 3565 coeli,
493 3518 524 3553 ac
542 3504 670 3554 omnibus

137 3582 234 3618 norma
247 3579 273 3619 et
286 3572 377 3636 regula
391 3572 547 3637 poenitendi.
560 3602 590 3612 -
602 3575 670 3624 Sex-

136 3648 195 3688 tum
220 3651 270 3705 est,
290 3643 364 3708 quod
390 3658 439 3694 nos
465 3660 606 3696 caveamus
636 3661 670 3696 ne

135 3720 257 3777 unquam
276 3713 417 3764 Christum
435 3730 572 3781 negemus.
588 3716 670 3767 Chri-

134 3791 207 3832 stum
230 3799 349 3850 namque
371 3797 452 3851 negat
467 3786 529 3852 quis
546 3786 573 3836 in
590 3787 667 3837 omni

135 3855 243 3905 mortali
266 3867 383 3922 peccato,
397 3857 461 3923 qula
475 3857 667 3908 consentiendo

133 3927 252 3990 diabolo,
277 3930 440 3996 abnegamus
464 3929 615 3992 Christum,
642 3941 668 3982 et

388 296 391 302 '
444 317 617 369 secunus
632 317 760 368 rnnrrs
774 312 895 368 carus
907 316 962 368 rx.

727 435 879 485 recedimus
898 435 933 485 ab
955 448 996 485 eo.
1014 435 1044 484 ln
1067 433 1267 488 conformando

728 519 756 555 se
766 506 831 556 huic
842 506 963 565 articulo,
976 505 1074 570 cogitet
1084 504 1169 555 homo
1180 520 1265 570 quam

727 577 771 645 pie
790 577 880 642 ipsum
899 577 971 625 Deus
992 575 1125 640 respiciet,
1149 584 1177 624 et
1199 584 1265 627 tunc

727 651 812 701 instar
827 649 897 699 beati
912 647 981 698 Petri
997 657 1194 699 rememoretur
1206 646 1280 714 pec·'

726 733 783 774 cata
806 736 854 772 sua
878 721 993 770 breviter
1011 729 1037 770 et
1059 719 1217 779 summarie,
1233 727 1260 769 et

726 809 757 844 ea
769 800 902 859 quantum
919 801 1008 857 potest
1021 791 1151 856 lacrymis
1162 790 1262 840 saltem

725 864 814 915 cordis
839 863 942 914 defleat.
968 864 1048 925 Jesu,
1072 862 1118 928 qui
1141 877 1159 912 a
1182 863 1259 912 beato

725 935 809 985 Petro
820 934 1010 1000 Apostolorum
1021 939 1125 983 tuorum
1135 932 1261 999 principe

727 1015 767 1058 ter
781 1009 880 1074 negari
894 1014 919 1057 te
929 1007 1076 1072 per-tulisti,
1092 1006 1189 1072 quique
1203 1018 1263 1056 cnm

727 1078 940 1130 misericorditer
973 1077 1120 1143 respiciens
1159 1081 1263 1126 reatum

727 1165 803 1200 suum
826 1163 919 1200 amare
933 1149 1006 1215 flere
1019 1148 1117 1210 fecisti,
1148 1146 1261 1212 respice,

727 1233 826 1287 quaeso,
847 1234 888 1270 mc
909 1220 985 1270 oculo
999 1217 1146 1269 clementiae
1160 1223 1224 1279 nea,
1237 1223 1264 1266 et

728 1295 840 1346 concede
870 1309 911 1344 me
936 1293 1026 1344 verbis
1053 1292 1096 1343 vel
1119 1290 1211 1357 sactis
1238 1296 1263 1340 te

728 1379 860 1432 nunquam
887 1378 996 1429 negare,
1022 1369 1048 1414 et
1067 1367 1183 1428 peccata
1204 1374 1262 1411 m
1284 1376 1288 1387 ¹

729 1437 813 1502 digne
826 1437 932 1505 deflere.

760 1522 794 1556 22
825 1508 960 1567 Quonooo
988 1521 1092 1555 nocrsn
1127 1503 1262 1552 Psssrortrs

728 1593 874 1628 rnanssorr
889 1579 1021 1627 Dournus.
1037 1603 1067 1613 -
1082 1573 1209 1623 Tandem
1222 1570 1261 1620 fu-

728 1649 803 1714 tigati
827 1648 961 1714 principes
982 1647 1146 1705 ludaeorum,
1169 1652 1198 1692 et
1212 1641 1262 1691 mi·

729 1721 807 1772 nistri
836 1721 996 1787 iniquitatis,
1027 1729 1053 1769 et
1071 1716 1153 1768 ceteri
1176 1714 1260 1766 Judaei

728 1802 895 1843 recesserunt
905 1799 1000 1841 euntes
1013 1790 1047 1839 ad
1060 1786 1260 1843 dormiendum,

729 1874 754 1914 et
780 1863 918 1913 mittentes
944 1860 1092 1910 Dorninum
1116 1857 1210 1907 lesum
1235 1854 1261 1904 in

728 1936 872 2003 quemdam
895 1948 1026 1984 carcerem
1046 1929 1084 1981 ibi
1104 1930 1202 1979 subtus
1216 1941 1261 1976 so·

728 2009 837 2068 larium,
860 2006 935 2071 cujus
958 2005 1045 2055 adhuc
1067 2001 1153 2052 sideri
1175 2005 1263 2065 potest

728 2079 891 2144 vestigium3
914 2077 1064 2142 ligaverunt
1082 2087 1146 2123 eum
1168 2070 1208 2120 ibi
1230 2068 1261 2119 ad

728 2151 873 2218 quamdam
888 2149 1043 2198 columnam
1056 2143 1201 2209 lapideam.
1214 2152 1262 2190 cm

728 2223 771 2287 jus
778 2237 839 2288 pars
851 2220 951 2269 ibidem
961 2226 1061 2267 mutata
1070 2214 1130 2272 fuit,
1138 2221 1165 2262 et
1176 2210 1262 2262 adhuc

728 2305 760 2358 ut
768 2294 868 2344 dicitur
878 2301 994 2358 apparet.
1005 2287 1176 2338 Dimiserunt
1188 2280 1261 2334 nibi-

728 2368 849 2418 lominus
872 2382 933 2416 cum
949 2380 989 2414 reo
1011 2363 1118 2427 aliquos
1144 2366 1261 2408 mitratos

728 2440 761 2490 ad
786 2438 913 2488 tutiorem
941 2433 1100 2490 custodiam,
1127 2429 1177 2496 qui
1200 2436 1261 2478 eum

728 2492 888 2561 iexaverunt
914 2521 961 2572 per
978 2515 1063 2555 totam
1088 2509 1195 2552 noctem
1218 2512 1262 2547 rc-

728 2582 844 2641 siduam,
868 2579 945 2645 quasi
970 2592 1025 2627 non
1048 2573 1183 2625 sufficeret
1206 2569 1262 2618 dies

728 2652 760 2702 ad
785 2650 975 2716 complendum
1006 2645 1137 2697 malitiam
1174 2654 1261 2698 suem,

728 2723 965 2787 derisionibusque
981 2729 1007 2770 et
1025 2713 1262 2768 maledictionibus

727 2806 849 2846 vacantes
872 2792 1095 2850 convitiabantur,
1120 2788 1146 2838 ei
1174 2786 1261 2836 dicen·

726 2877 767 2918 tes
782 2884 789 2918 ε
807 2867 920 2917 Putabas
937 2881 996 2915 esse
1009 2859 1169 2930 prudentior
1182 2857 1261 2924 prin·

726 2939 850 3005 cipibus,
880 2947 907 2987 et
932 2934 1090 2992 Pharnacis,
1114 2945 1187 2981 nunc
1215 2938 1281 2978 tna·

725 3009 840 3060 stultitia
857 3006 974 3074 apparet,
990 3006 1070 3054 modo
1085 3013 1139 3052 stas
1155 3008 1186 3050 ut
1202 3013 1261 3048 con·

725 3083 808 3145 venit,
832 3090 861 3131 et*
882 3088 969 3129 morte
991 3072 1177 3127 crudelissima
1207 3069 1260 3120 cito

725 3152 859 3204 morieris.
875 3151 978 3200 intuere
996 3148 1080 3212 igitur
1094 3143 1210 3210 qualiter
1221 3139 1260 3190 illi

724 3225 836 3274 audaces
869 3231 894 3271 et
928 3217 1039 3285 pessimi
1076 3213 1261 3265 convitiantur

724 3295 812 3346 eidem
831 3303 856 3343 et
872 3291 1002 3342 insultant
1017 3307 1024 3340 :
1039 3298 1066 3339 et
1082 3286 1165 3337 modo
1177 3298 1260 3341 unus,

725 3367 806 3415 modo
830 3365 899 3414 alius
924 3362 1014 3414 verbis
1037 3370 1065 3412 et
1087 3359 1155 3410 forte
1177 3357 1260 3407 etiam

724 3436 800 3486 factis
819 3445 910 3486 contra
924 3450 987 3484 eum
1001 3435 1156 3497 insurgunt.
1172 3430 1260 3479 Tanta

724 3507 798 3557 enim
821 3506 913 3556 dicunt
934 3516 961 3556 et
985 3503 1087 3554 iaciunt
1112 3501 1138 3552 ei
1160 3501 1260 3550 irreve-

724 3589 828 3641 renter,
856 3575 1014 3643 hujusmodi
1048 3569 1206 3623 mercenarii
1232 3577 1260 3618 et

722 3650 847 3702 vilissimi
881 3659 982 3717 quanta
1018 3653 1142 3711 possunt.
1182 3641 1259 3693 Unde

722 3722 864 3773 Anselmus
889 3737 898 3770 .·
922 3737 936 3766 <r
962 3717 1021 3767 Nox
1045 3715 1178 3766 insomnis
1204 3723 1260 3764 tota

723 3793 884 3854 ducebatur,
910 3790 983 3840 nulla
1012 3803 1122 3853 prorsus
1149 3784 1258 3852 requies

721 3862 783 3912 lesu
799 3862 990 3929 praestabatur3
1006 3858 1196 3908 ministrorum
1209 3857 1257 3907 im·

722 3933 766 4000 pia
789 3935 865 3999 plebs
884 3931 1035 3998 injuriatur,
1061 3929 1146 3995 alapis
1168 3937 1195 3978 et
1216 3941 1258 3978 cu-
