2626 4328
257 275 304 326 DE
320 275 424 326 POENA
435 274 629 326 tttFEttttnm
644 275 691 327 ET
702 275 838 348 uuoltin
850 277 1018 329 COELESTI.

82 389 156 440 fusio
180 401 348 456 peccatorum
370 391 499 446 omnibus
521 399 618 457 paten-

81 463 170 522 tium,
203 463 324 524 invidia,
345 479 460 527 rancor,
487 463 617 525 tristitia,

81 533 183 584 anlerio
205 534 262 599 spei
282 534 371 584 omnis
396 534 502 584 salutis.
524 535 640 614 ipsum:

80 605 164 654 etiam
192 621 258 665 esse,
284 607 360 686 quod
385 606 475 655 omnis
494 602 617 657 creatura

82 674 192 741 appetit,
212 691 291 741 poena
317 675 356 725 eis
377 676 442 738 erit;
454 675 524 742 quia
538 691 615 742 qnae-

82 755 144 797 rent
168 756 284 797 mortem
312 748 476 810 naturalem,
503 757 529 798 et
557 763 615 797 non

79 817 229 867 invenient.
243 819 313 868 Nam
333 819 401 884 ,quia
416 819 499 869 homo
518 819 547 869 in
560 834 615 870 suo

27 911 28 914 ¹
82 897 183 938 aeterno
202 889 339 954 peccavit,
364 890 391 938 id
414 899 459 940 est
478 891 614 956 ‘quamdiu

80 959 158 1019 vixit,
170 975 217 1010 net
235 961 359 1011 voluntas
374 963 432 1027 e'jus
452 961 535 1012 finem
548 977 615 1029 pec-

81 1033 160 1082 candi
179 1033 290 1095 habuit3
309 1034 369 1083 ideo
385 1035 455 1098 iuste
467 1034 497 1085 in
513 1046 613 1086 aetemo

79 1107 145 1172 trel,
159 1116 185 1156 et
195 1108 358 1157 'aeternaliter
376 1109 513 1173 punietur.
536 1110 614 1160 Unde

79 1179 237 1243 Gregorius
254 1197 264 1229 τ
282 1198 295 1226 (t
313 1180 355 1229 Ad
376 1180 492 1230 districti
520 1180 612 1246 judicii

80 1253 241 1302 sententiam
264 1254 395 1318 pertinet,
413 1264 444 1304 ut
473 1269 613 1320 nunquam

80 1336 186 1376 comant
199 1327 340 1392 supplicio,
355 1343 474 1393 quorum
489 1327 612 1378 mensio

81 1398 130 1447 ltac
149 1399 208 1449 uita
234 1417 379 1466 nunquam
408 1401 497 1452 noluit
524 1416 614 1451 carere

80 1477 212 1532 percat03
237 1479 263 1520 et
284 1472 376 1521 nullus
407 1473 485 1534 detor
517 1471 613 1538 iniquo

79 1539 212 1589 terminus
236 1540 367 1602 ultionis,
397 1542 448 1608 qni
478 1542 613 1608 quamdiu

80 1612 179 1672 naluit,
202 1613 304 1664 'habere
340 1615 428 1665 noluit
464 1615 611 1666 terminum

79 1682 208 1733 criminis.
228 1703 242 1731 >r
262 1685 297 1735 lit
322 1685 425 1736 iterum
450 1706 457 1736 :
485 1703 502 1732 >n
524 1686 612 1752 iniqui

78 1769 140 1804 cum
156 1755 207 1806 fine
218 1757 544 1823 deliquerunt‚quiacum
558 1757 612 1809 line

78 1825 215 1890 vixerunt3
241 1843 304 1877 narn
330 1828 480 1879 voluissent
504 1828 609 1895 utique,

78 1896 99 1945 si
120 1897 285 1961 potuissent,
309 1898 368 1948 sine
392 1897 446 1948 fine
467 1899 566 1960 vivere,
575 1907 611 1949 ut

78 1978 190 2032 possent
209 1968 272 2018 sine
293 1969 348 2019 fine
371 1985 488 2035 peccare.
510 1971 610 2022 Osten-

78 2039 147 2088 durtt
161 2040 244 2099 enim,
257 2040 321 2104 quia
335 2041 364 2090 in
377 2051 488 2106 peceato
500 2056 609 2108 semper

77 2109 165 2160 tinere
186 2111 308 2175 cupiunt,
321 2111 368 2176 qui
386 2129 528 2179 nunquam
538 2113 611 2164 desi-

78 2189 147 2230 nont
169 2196 277 2246 peccare
297 2183 361 2232 dum
372 2183 480 2233 vivunt.
500 2184 610 2234 lustum

77 2259 116 2300 est
144 2251 247 2316 igitur,
272 2261 307 2301 ut
330 2269 476 2319 nunquam
501 2261 611 2304 earoant

77 2322 219 2387 supplicio,
244 2323 291 2388 qui
307 2340 447 2389 nunquam
461 2326 611 2376 uoluerunt

76 2408 164 2443 carere
183 2405 294 2459 peceato
305 2412 314 2445 τ
327 2415 344 2443 r
364 2396 424 2446 ltaec
446 2396 609 2462 Gregorius.

77 2463 155 2513 Unde
169 2473 199 2513 et
218 2467 390 2532 Augustinus
403 2485 411 2517 .·
422 2484 440 2512 ·«
450 2467 549 2518 Factus
563 2476 610 2517 est

75 2546 166 2583 autern
184 2533 267 2585 homo
287 2537 358 2586 malo
379 2536 479 2602 dignus
495 2545 607 2597 teterno,

75 2603 122 2668 qui
130 2604 185 2654 ‘hoc
196 2605 226 2655 in
237 2622 266 2656 se
280 2607 395 2672 peremit
408 2608 608 2673 bonum,·quod

75 2689 133 2724 esse
154 2677 239 2741 possit
261 2688 400 2729 aeternum.
419 2697 438 2726 o
463 2678 610 2738 Etutait

73 2747 607 2816 Romamnejusteprofectosipeccat,
629 2771 631 2774 >

18 2884 21 2887 Ι
74 2819 175 2883 petitur
189 2823 262 2886 quod
274 2822 356 2883 nolit,
379 2822 427 2889 qui
442 2838 501 2872 non
516 2832 608 2890 peccat

73 2891 126 2943 nisi
156 2893 228 2944 velit.
254 2895 393 2944 Videbunt
418 2895 501 2945 etiam
527 2896 606 2947 dam-

74 2962 127 3012 nati
160 2979 192 3014 se
226 2965 344 3016 invicem
370 2983 376 3014 ε
398 2982 457 3016 non
480 2974 510 3016 ut
539 2965 608 3017 inde

71 3035 252 3096 consolentur,
277 3038 323 3086 sed
349 3037 439 3102 magis
465 3045 609 3104 torquean-

73 3112 125 3154 tur.
152 3106 231 3156 Unde
252 3107 409 3174 'Gregorius
423 3126 432 3158 .·
445 3125 458 3154 «
474 3108 608 3168 'Quamvis

72 3174 128 3225 illis
151 3175 226 3241 ignis
250 3179 283 3227 ad
311 3179 525 3230 consolationem
545 3195 604 3230 non

72 3246 153 3306 lucet,
163 3256 258 3298 tamen
275 3249 307 3299 ad
323 3249 435 3316 aliquid,
452 3248 556 3301 scilicet
576 3259 607 3301 ut

73 3316 160 3382 magis
177 3329 315 3386 torqueat,
331 3321 409 3371 lucet.
426 3322 478 3372 Eos
492 3321 605 3390 quippe,

72 3403 143 3453 quos
160 3392 270 3457 reprobi
293 3407 365 3441 nunc
385 3392 540 3444 inordinate
559 3392 606 3443 di-

71 3459 170 3524 ligunt,
181 3477 272 3512 secum
291 3471 356 3513 tunc
370 3464 398 3513 in
413 3463 606 3516 tormentisui-

71 3529 188 3597 debunt3
203 3542 237 3583 ut
253 3550 360 3600 poenam
387 3536 502 3602 proprie
516 3535 605 3618 putri·

70 3600 164 3666 tionis,
188 3616 328 3672 exaggeret
350 3606 464 3657 carnalis
480 3605 604 3674 cognatio

70 3675 172 3724 auctori
192 3677 343 3743 praeposira,
355 3679 412 3744 pari
432 3689 497 3730 aute
511 3678 605 3730 oculos

71 3745 177 3799 ultione
199 3749 365 3800 damnata.»
387 3751 466 3802 Unde
486 3759 518 3801 et
545 3751 604 3802 m·-

71 3818 179 3872 dorus:
197 3840 210 3870 (ι
224 3823 298 3888 Ignis
307 3823 438 3890 gehennae
446 3823 606 3875 llucebttuu

71 3889 139 3941 seris
161 3893 194 3943 ad
218 3894 334 3972 miseriae
358 3903 547 3959 augmentum,
575 3902 606 3945 ut

1146 281 1200 332 813

636 402 639 411 ’
666 392 779 442 rrideant
816 395 893 444 unde
931 395 1051 458 doleant3
1072 412 1131 446 uon
1165 399 1203 448 ad

668 463 899 525 consolationem,
924 475 958 514 ut
986 465 1095 516 videant
1124 467 1201 518 unde

665 537 810 603 gaudeant.
821 558 840 585 n
855 538 891 589 Et
903 539 1029 600 breviter,
1046 541 1200 591 :secundum

668 609 877 676 Hieronymum,
891 620 966 662 tanta
980 612 1044 662 erit
1042 611 1073 662 in
1092 612 1200 663 inferno

667 680 709 730 vis
730 681 842 743 doloris,
867 684 940 749 quod
963 700 1040 734 mens
1068 685 1100 734 ad
1124 685 1201 735 aliud

667 751 748 818 dirigi
758 769 818 802 non
826 762 926 818 potest,
942 753 995 804 nisi
1015 756 1049 805 ad
1068 755 1144 821 quod
1153 755 1201 805 'vis

667 822 769 872 doloris
777 822 903 888 impellit.
914 824 949 874 Et
959 826 987 875 si
1003 826 1119 892 singulis
1140 825 1201 878 die-

665 893 718 944 bus
732 894 833 960 quibus
854 904 932 944 erunt
958 896 1076 946 damnati
1102 896 1131 946 in
1146 896 1199 946 in—

664 963 742 1014 ferno
758 980 852 1014 unam·
863 966 1010 1031 lacrymam
1030 967 1197 1017 materialem

666 1039 835 1102 emitterent,
860 1040 921 1105 plus
946 1040 1030 1090 exiret
1053 1056 1131 1108 aquae
1154 1057 1201 1107 per

664 1123 821 1175 processum
834 1111 968 1176 temporis
989 1111 1024 1160 ab
1046 1127 1102 1161 uno
1120 1113 1200 1162 dam-

665 1191 747 1244 nato,
774 1199 856 1250 quam
890 1184 983 1234 ornnia
1014 1193 1079 1234 vasa
1114 1185 1198 1249 hujus

664 1254 759 1304 muntii
788 1264 927 1320 caperent,
950 1255 1006 1304 imo
1033 1256 1199 1321 plusquam

665 1323 757 1375 omnia
770 1326 859 1375 maria
891 1340 968 1391 aqnae
992 1324 1155 1375 contineant.
1165 1325 1196 1375 ’Θ

664 1395 710 1463 pia
733 1397 822 1457 corda,
851 1397 919 1447 iilud
945 1396 1149 1448 intenninabile
1168 1406 1199 1448 :et

664 1467 780 1529 crudele,
792 1469 862 1519 illud
880 1478 1011 1519 aeternum
1031 1468 1198 1534 supplicium

663 1539 798 1604 respicite,
811 1540 901 1606 lugete
912 1550 941 1590 et
954 1537 1113 1590 fiete.‘Heu'l
1127 1538 1196 1589 heu!

664 1625 779 1660 curnon
793 1610 851 1660 haec
866 1610 984 1660 maxima
1001 1609 1094 1660 futura
1111 1610 1198 1661 ¹nobis

664 1680 735 1731 mula
747 1681 938 1745 praevenimus,
951 1696 1012 1730 cum
1022 1680 1197 1744 roburadest,

664 1761 690 1802 et
709 1761 821 1818 tempus
851 1750 1056 1817 opportunum?
1081 1750 1197 1802 'Utinam

664 1831 689 1873 et
703 1823 736 1873 de
749 1832 870 1889 tempore
882 1832 940 1872 toto
956 1821 1088 1872 inutiliter
1098 1837 1199 1888 *expen-

661 1909 703 1954 so,
721 1903 873 1960 superesset
882 1903 951 1944 tunc
978 1892 1114 1943 nobisrel
1139 1907 1198 1942 una

644 1995 647 2000 ·
662 1964 761 2015 horula
781 1975 863 2015 tautae
883 1980 973 2030 poenae
985 1964 1019 2014 ‘in
1036 1963 1195 2014 remedium

629 2037 632 2044 '
663 2051 789 2087 concessa
796 2054 806 2102 3
832 2037 882 2086 sed
915 2035 996 2086 heu!
1022 2034 1199 2085 sententiante

662 2108 755 2160 divina
774 2109 890 2176 justitia,
914 2108 1092 2174 praecluditur
1118 2107 1197 2159 nobis

662 2180 758 2231 salutis
777 2180 834 2240 via,
858 2190 970 2246 negatur
1002 2178 1195 2238 misericordia,

662 2265 725 2318 spes
747 2251 837 2301 omnis
858 2260 898 2300 est
924 2250 1022 2299 ablata.
1036 2249 1066 2298 ι(Ἰ
1091 2248 1196 2298 dolores

664 2321 790 2383 miserie,
807 2321 883 2372 etin
909 2332 1041 2371 aeterrtum
1062 2334 1196 2385 perman-

662 2407 732 2444 snrae
753 2392 885 2460 angustiae
900 2392 932 2441 in
952 2401 1026 2441 terra
1046 2391 1100 2440 hac
1123 2389 1198 2440 o'bli-

661 2464 774 2527 vionis.
762 2480 774 2492 ²
784 2463 934 2514 olinitius
947 2463 1023 2525 ordo,
1040 2461 1088 2512 sed
1099 2461 1199 2526 sempi-

663 2542 755 2588 ternuc
796 2534 896 2585 horror
935 2533 1095 2588 intrabitur!
1119 2531 1197 2592 Quid

660 2605 758 2672 plura?
775 2606 831 2656 Nos
860 2605 952 2655 miseri
972 2613 1002 2655 et
1022 2603 1194 2656 miserabiles

660 2687 843 2736 tantomtunc
857 2668 1014 2744 affligimur,
1030 2686 1056 2728 et
1071 2677 1117 2727 dol
1117 2691 1196 2729 emus

661 2751 707 2801 de
702 2751 925 2811 illorvaeaetemm
940 2760 968 2801 ut
984 2751 1195 2816 qualiscumque

660 2821 794 2872 terminus
821 2822 1006 2887 excogitatus,
1038 2819 1190 2870 dummodo

659 2891 763 2952 finitus,
773 2902 847 2942 esset
859 2892 938 2941 nobis
948 2891 1106 2952 solatiosus3
1123 2889 1196 2941 unde

660 2962 759 3028 posito,
776 2977 826 3028 per
842 2962 1022 3026 impossibile,
1037 2961 1110 3027 quod
1123 2968 1195 3010 esset

659 3032 841 3098 aliquislapis
860 3031 970 3081 molaris
978 3031 1049 3081 adeo
1066 3045 1194 3096 magnus,

659 3103 745 3170 quod
743 3101 990 3152 circumferentiam
1008 3102 1069 3152 coeli
1077 3101 1195 3152 contin-

659 3184 741 3243 geret,
759 3176 869 3258 etquod
890 3176 984 3242 aliqua
999 3175 1118 3238 micula,
1133 3173 1194 3223 mi-

659 3249 741 3299 nimae
772 3248 947 3316 quantitatis,
974 3259 1043 3314 post
1081 3256 1193 3298 centum

658 3319 745 3370 miliia
753 3335 841 3370 annos
850 3319 977 3380 veniens,
985 3320 1018 3370 de
1026 3319 1117 3384 lapide
1127 3332 1194 3384 prae·

658 3391 739 3454 dicto,
772 3392 951 3442 solummodo
985 3407 1035 3457 per
1068 3388 1192 3441 nostrum

658 3479 739 3515 suurn
745 3465 881 3525 evelleret,
894 3472 1026 3531 quantum
1035 3473 1076 3515 est
1088 3464 1192 3514 decima

657 3551 719 3600 pers
740 3534 860 3599 m‘ilir,-et
876 3535 978 3585 iterum
998 3545 1059 3600 post
1080 3543 1190 3586 centum

658 3606 886 3658 mnliaannomm
896 3606 1108 3658 curriculas'icut
1114 3605 1192 3672 prius

657 3688 755 3747 ageret,
768 3679 872 3730 scilicet
886 3694 970 3729 unam
982 3680 1146 3747 particulam
1159 3678 1191 3729 de

657 3750 758 3814 decem,
778 3751 858 3817 etsie
879 3765 926 3818 per
946 3752 1192 3816 partes.evelleret;

656 3821 694 3872 ita
704 3822 818 3890 ‘quodin
830 3821 921 3872 decies
935 3823 1054 3874 centenis
1069 3821 1191 3872 millibus

657 3895 735 3962 antiis
747 3912 800 3946 non
823 3896 884 3962 plus
896 3895 1095 3947 diminueretur
1109 3907 1193 3960 quan-
