2626 4328
335 135 383 191 DE
400 137 541 198 TERTrn,
558 136 594 186 ΙΝ
613 138 783 190 Passtollt:
799 142 935 193 DOMINI.
1141 144 1191 211 545

62 253 99 308 ad
112 251 292 317 omniaque
303 261 486 316 persecutores
503 252 603 303 libuis—

66 334 109 374 set
124 323 224 381 iacere,
254 321 423 388 perferenda3
444 323 483 374 sic
497 324 601 388 paulis-

66 409 113 459 per
138 392 274 443 occultata
302 395 440 444 tremenda
462 393 603 459 potentia,

66 468 276 518 commendatur
299 467 375 532 prius
403 467 535 518 imitanda
552 482 601 532 pa-

65 538 177 601 tientia;
200 538 240 588 sic
253 553 379 603 regnunt,
398 540 471 604 quod
497 540 529 589 de
549 539 601 589 h'oc

66 613 171 662 mundo
192 629 248 662 nou
273 623 337 673 erat,
357 614 504 678 superbum
518 630 602 664 num-

64 684 130 734 dum
146 697 207 733 non
229 683 365 733 atrocitate
389 684 537 750 pugnandi,
553 685 602 734 sed

66 753 185 819 patiendi
199 754 353 804 humilitate
366 753 504 818 vincebat;
519 756 559 805 sic
570 755 601 804 il·

65 824 111 874 lud
123 839 243 890 granum
263 825 497 890 multiplicandum
514 825 601 876 semi·

65 896 180 946 nabatur
208 895 335 945 horribili
367 897 546 958 contumelia,
570 906 602 947 ut

65 965 186 1017 mirabili
197 966 343 1031 pullularet
357 966 385 1016 in
398 966 483 1030 gloria
496 984 503 1016 ι
517 987 532 1015 a
544 968 601 1017 haec

64 1040 247 1104 Augustinus.
271 1040 316 1089 Vae
336 1039 420 1104 igitur
439 1042 534 1099 semcl,
560 1055 600 1090 νε

65 1126 104 1162 ιι·
116 1111 169 1172 bis,
191 1121 219 1161 et
235 1127 276 1161 vae
290 1112 388 1161 iterum
412 1112 464 1172 his,
479 1113 527 1178 qui
539 1124 601 1179 post

65 1194 119 1234 tam
140 1185 302 1250 praclarum
318 1184 482 1236 humilitatis
501 1200 599 1249 specu-

64 1257 122 1307 lum
145 1256 278 1322 superbia
300 1258 433 1307 tolluntur
450 1257 478 1307 in
505 1258 599 1317 altum,

64 1328 213 1393 opprobria
227 1327 372 1393 refugiunt,
393 1340 419 1377 et
435 1329 466 1377 ad
482 1329 600 1379 honores

64 1401 216 1466 aspirant:
237 1417 330 1452 rursus
353 1401 521 1466 contemptui
548 1401 600 1451 ha-

65 1474 161 1524 bentes
175 1473 226 1523 Doi
246 1473 357 1534 Filium,
374 1489 457 1540 quem
477 1484 552 1524 tanto
565 1475 599 1524 ab

65 1543 228 1594 horninibus
254 1544 373 1609 amplius
393 1544 467 1594 omni
497 1554 601 1595 constat

64 1614 273 1665 honorificentia
286 1615 415 1680 dignum,
435 1625 536 1680 quanto
551 1631 600 1680 pro

64 1684 228 1736 honrinibus
264 1685 414 1751 indigniora
453 1686 597 1737 sustinuit!

65 1756 143 1806 Unde
158 1757 372 1823 Clnysostomar
387 1776 395 1808 :
413 1760 493 1808 «Tot
509 1768 599 1808 antem

65 1827 168 1877 talibus
186 1826 264 1877 tactis
285 1828 345 1893 ipse
370 1829 486 1878 instabat
506 1829 598 1890 silens,

65 1908 95 1948 tu
106 1913 172 1949 reto
185 1899 301 1948 audiens
315 1899 373 1950 baec
393 1899 423 1948 in
440 1909 529 1949 mente
548 1900 599 1950 lra-

65 1969 251 2033 besontinus,
270 1980 298 2019 et
310 1971 409 2037 Regem
424 1970 500 2019 orbis
514 1981 599 2021 terra-

65 2055 125 2090 rum
149 2049 176 2090 et
192 2041 361 2106 Angelorum
385 2041 535 2090 Dominum
555 2041 599 2092 vi-

65 2114 131 2164 dens
159 2113 352 2163 conmmeliam
384 2114 549 2179 patientem,
573 2126 600 2164 ct

65 2184 160 2234 omnia
177 2185 311 2235 ferentem
326 2186 435 2236 silentio
456 2186 570 2237 imitare.
585 2205 598 2234 u

66 2256 98 2305 Et
108 2256 211 2306 iterum
224 2272 233 2305 ε
247 2275 261 2301 «
274 2256 342 2314 Qus:
357 2256 441 2322 igitur
457 2258 508 2307 erit
520 2257 600 2307 nobis

66 2340 127 2376 cura
153 2327 188 2377 de
210 2337 309 2386 cetero,
325 2327 349 2376 si
371 2328 547 2378 contumelias
567 2328 600 2377 ab

66 2398 157 2463 aliquo
178 2399 330 2464 patiamur,
361 2410 505 2466 postquam
543 2400 600 2450 haec

66 2467 193 2519 Christus
233 2484 328 2534 passos
373 2470 429 2520 est?
454 2470 600 2520 »Etenim

65 2539 138 2604 quod
167 2538 250 2590 fiebat
277 2541 307 2589 in
330 2540 462 2600 Christo,
486 2541 601 2591 ultimus

65 2611 237 2661 contumeliae
249 2612 381 2662 terminus
398 2623 469 2674 erat;
484 2628 533 2662 nec
546 2629 601 2663 una

66 2681 197 2746 panicula
222 2692 341 2743 tantum,
370 2683 417 2732 sed
446 2682 600 2734 universum

65 2767 162 2818 corpus
188 2751 341 2816 patiebatur
366 2753 477 2817 injurias
494 2765 601 2820 :caput

65 2837 113 2886 per
126 2838 269 2882 coronam,
283 2832 309 2873 et
323 2823 496 2881 arundinem,
513 2835 540 2874 et
553 2840 600 2874 co-

65 2892 176 2958 lapiton
195 2893 289 2953 facies⁷
310 2895 374 2960 quia
387 2895 599 2960 conspuebatur;

64 2978 148 3028 gena,
162 2965 229 3030 quia
242 2965 327 3029 alapis
342 2966 525 3028 caedebantur3
541 2981 601 3015 cor-

63 3043 225 3098 postorum,
238 3049 285 3099 per
298 3034 414 3101 flagella,
430 3045 457 3085 et
471 3036 536 3100 quia
549 3036 601 3086 de-

64 3105 200 3156 nudatum
217 3116 268 3165 est,
292 3116 318 3156 et
344 3122 391 3172 per
408 3106 601 3156 circumdatio-

64 3190 127 3224 nem
163 3175 341 3241 chlamydis,
371 3186 397 3226 et
430 3192 478 3241 per
513 3175 600 3226 fictam

63 3249 268 3313 adorationem
292 3266 401 3311 manus,
421 3267 469 3317 per
487 3252 601 3302 arundi-

64 3337 128 3372 nem
137 3338 222 3388 quam
235 3323 369 3374 dedernnt
377 3324 401 3374 ei
415 3340 463 3389 pro
477 3334 600 3390 sceptro:

64 3406 92 3443 tc
105 3392 130 3442 si
153 3393 286 3443 timerent
309 3408 341 3444 ne
366 3395 602 3460 praetermitterent

65 3463 168 3530 aliquid
186 3464 356 3528 gratissimae
371 3465 600 3530 praesumptionis.

67 3534 143 3585 Unde
162 3534 308 3585 Auream
320 3553 327 3586 :
341 3552 355 3581 a
370 3536 463 3601 Regali
481 3549 601 3601 purpura

67 3605 207 3668 induim13
224 3607 271 3656 sed
285 3608 347 3673 plus
360 3608 433 3658 ineo
445 3609 601 3673 despicitur,

68 3691 149 3742 quarn
161 3678 322 3728 honoratur.
340 3680 484 3744 sceptrum
496 3679 526 3728 in
540 3694 601 3728 ma-

70 3762 104 3796 nu
120 3757 222 3813 gestan
243 3749 337 3799 sedeo
352 3750 411 3816 ipso
424 3750 601 3800 reverendum

661 265 741 320 capot
756 256 813 320 eius
838 257 943 307 feritur.
964 257 1085 308 Adorant
1098 274 1189 311 coram

660 326 719 392 ipso
732 330 829 393 positis
845 331 960 396 genibus
975 331 1095 393 interra,
1111 342 1137 383 et
1145 349 1191 384 re-

661 415 722 464 gem
735 403 917 467 conclamant3
939 403 984 452 sed
1008 403 1139 453 continuo
1157 407 1190 456 ad

660 473 863 536 conspuendrun
886 473 1016 523 amabiles
1030 475 1088 538 ejus
1109 490 1192 539 genas

660 541 816 603 subsiliunt,
838 545 964 594 maxillas
978 545 1075 609 palmis
1096 561 1192 596 concu-

659 613 741 674 tiunt,
756 624 783 664 et
803 616 959 667 honorabile
980 617 1080 666 collum
1103 618 1191 668 exho-

661 695 785 736 norant:
807 706 821 734 ι
835 687 891 738 haec
914 689 1064 738 Anselmus.
1087 688 1191 741 Omnes

659 774 723 810 vero
747 759 803 824 istae
840 761 981 812 illusiones
1009 761 1139 821 militum,
1163 773 1190 813 et

658 830 828 880 contumeliae
839 831 994 881 ludaeorum
1012 832 1121 881 Christo
1136 834 1192 883 illa-

659 910 693 950 tae
715 901 794 950 nobis
822 901 946 952 tribuunt
970 903 1104 968 mysteria,
1129 903 1191 953 licet

658 969 710 1019 alia
732 970 880 1020 intentione
903 972 936 1020 ab
962 971 1001 1020 eis
1030 973 1082 1021 sint
1104 971 1190 1032 facta,

658 1052 739 1105 prout
765 1040 866 1106 saepius
898 1051 997 1091 tactum
1032 1052 1073 1092 est
1100 1058 1189 1107 supra.

659 1112 721 1161 litet
754 1122 843 1162 autem
880 1113 1028 1161 secundum
1058 1113 1189 1162 loannem

657 1191 720 1231 ante
734 1182 892 1231 adruentiam
920 1181 999 1230 Pilati
1022 1181 1090 1230 facta
1108 1193 1186 1246 sunt3
1247 1212 1249 1216 ι

657 1253 705 1301 sed
719 1253 863 1302 Matthaeus
888 1263 914 1302 et
928 1254 1041 1314 Marcus,
1055 1261 1116 1316 post
1130 1267 1189 1301 scn-

658 1325 768 1374 tentiam
788 1341 818 1375 ea
845 1341 906 1391 qnae
931 1323 1076 1375 omiserant
1098 1339 1189 1374 recur-

658 1395 747 1444 dando
762 1408 876 1460 ponunt.
892 1397 937 1446 Sic
960 1411 1032 1461 erg0‚
1047 1396 1189 1445 utdictum

658 1477 707 1526 est,
742 1467 870 1532 Martyres
909 1465 1123 1516 informabantur
1155 1465 1189 1514 ad

657 1539 813 1604 perferenda
834 1541 933 1599 omnia,
956 1554 1016 1604 quae
1033 1554 1048 1588 a
1063 1553 1189 1603 persecu·

658 1613 763 1662 toribus
786 1611 978 1662 inferebantur.
1007 1612 1087 1671 Quod
1114 1610 1188 1660 enim

657 1684 684 1733 in
696 1693 770 1734 veste
783 1683 893 1748 duplici,
908 1683 1010 1733 scilicet
1023 1683 1083 1732 alba
1099 1691 1126 1731 et
1139 1696 1188 1730 ru-

659 1757 705 1806 bea
720 1755 845 1806 Christus
864 1757 961 1805 illusus
983 1770 1041 1805 csse
1057 1754 1185 1819 perhibe-

658 1837 701 1876 tur
716 1843 724 1876 :
739 1827 769 1876 in
782 1842 838 1876 uno
859 1826 961 1892 puritas
981 1841 1035 1875 suae
1059 1823 1189 1873 humani·

657 1900 732 1963 tatis3
763 1900 791 1950 in
811 1901 895 1950 altero
926 1899 1024 1949 veritas
1049 1896 1187 1948 Passionis

656 1971 825 2037 exprimitur.
857 1972 913 2020 Hoc
947 1970 1026 2020 etiam
1054 1967 1188 2034 significat

656 2043 757 2109 duplex
768 2043 889 2108 martyrii
904 2058 999 2107 genus,
1012 2057 1067 2107 quo
1085 2042 1113 2090 in
1130 2055 1190 2106 pas

657 2113 781 2164 sionibus
802 2112 918 2162 Ecclesia
933 2114 1089 2171 adornatur,
1105 2121 1136 2160 ut
1154 2111 1189 2160 sit

657 2186 770 2237 candida
796 2185 957 2251 virginitate,
986 2195 1013 2234 et
1038 2185 1188 2234 rubicunda

657 2256 803 2322 sanguine3
831 2266 856 2305 et
882 2256 939 2320 ipsa
965 2255 1085 2305 Ecclesia
1105 2253 1189 2303 vari-is

657 2328 843 2377 membrorum
859 2341 972 2376 suorum
990 2325 1109 2375 flosculis
1125 2339 1187 2374 ver·

659 2417 725 2450 nans
747 2401 776 2449 in
797 2416 859 2464 pace
880 2400 937 2450 lilia
956 2399 1049 2466 gignit,
1066 2399 1095 2448 in
1119 2399 1189 2448 bello

658 2486 742 2530 rosas,
759 2471 832 2520 unde
847 2470 911 2520 dicit
933 2471 1092 2520 admirando
1110 2487 1116 2520 ε
1135 2469 1188 2519 Dt-

658 2544 743 2592 lectus
761 2556 836 2591 incur
861 2541 992 2592 condidus
1014 2548 1041 2592 et
1060 2541 1190 2591 rubicun-

659 2616 709 2665 dus
724 2632 733 2665 .·
746 2615 886 2676 condidus,
909 2615 1010 2666 scilicet
1025 2616 1139 2677 actione,
1164 2623 1190 2663 et

658 2687 687 2734 in
705 2701 769 2750 pace
784 2685 873 2734 lilium
897 2685 1049 2751 virginum3
1064 2699 1098 2735 ac
1113 2683 1190 2734 rubi-

658 2757 762 2806 cuadus
786 2757 917 2821 sanguine
936 2768 964 2807 et
982 2759 1011 2807 in
1035 2758 1106 2806 bello
1128 2769 1190 2804 rosa

659 2837 816 2892 martyrum.
837 2830 865 2876 ln
884 2837 998 2892 utroque
1015 2842 1079 2892 ergo
1094 2823 1188 2874 habito

659 2898 767 2949 Domini
804 2909 894 2964 potest
921 2900 1012 2948 omnis
1042 2897 1189 2946 multitudo

658 2970 804 3019 electorum
814 2969 928 3034 intelligi
943 2986 950 3018 :
966 2969 1026 3018 alba
1035 2968 1108 3018 enim
1118 2975 1190 3016 veste

658 3039 807 3088 induuntur
827 3039 952 3104 Virgines
966 3049 992 3088 et
1006 3037 1190 3096 Confessum,

658 3120 687 3160 et
707 3110 791 3158 rubea
807 3109 953 3174 Martyres3
966 3109 1039 3159 unde
1053 3119 1079 3160 et
1092 3107 1190 3158 Domi-

659 3196 712 3231 nus
725 3181 785 3229 alba
800 3190 873 3230 veste
886 3180 1020 3241 induitur,
1033 3196 1095 3230 cum
1108 3194 1191 3229 mun-

660 3252 693 3300 :la
714 3251 845 3315 justorum
875 3250 1047 3301 confessione
1072 3251 1190 3300 circum-

659 3321 749 3383 daton
786 3320 869 3370 rubea
902 3322 1029 3381 vestitur,
1065 3336 1128 3371 cum
1159 3320 1188 3369 in

660 3388 807 3455 triumphis
821 3390 1028 3441 victoriosorum
1043 3391 1190 3456 Martyrum

659 3461 798 3526 gloriatur.
813 3461 841 3510 Si
853 3473 943 3512 autem
964 3473 989 3512 te
1011 3463 1114 3512 nudum
1127 3461 1191 3511 abn-

660 3549 714 3600 que
735 3532 780 3582 his
798 3535 918 3584 ventibus
940 3533 1089 3593 inveneris,
1119 3541 1192 3583 veste

660 3603 762 3654 Christi
786 3605 870 3654 rubea
905 3604 1038 3668 induere,
1067 3613 1094 3653 et
1120 3612 1193 3653 totus

660 3677 765 3729 Christi
778 3677 949 3742 passionibus
965 3678 1104 3727 adornare.

693 3765 727 3799 22
748 3749 885 3799 Crmsrus
907 3763 1117 3798 consummo
1141 3760 1192 3796 to-
