2626 4328
361 314 407 364 DE
423 313 565 373 TERTIA,
581 312 615 362 IN
635 313 802 364 PASSIONE
818 316 954 369 DOMINI.

93 427 204 489 «Vide,
225 428 317 478 anima
338 445 408 489 mea,
427 428 564 495 quomodo
584 444 631 494 per

93 501 185 552 omnia
211 501 253 552 vir
271 503 321 553 iste
339 512 487 552 coarctatur
507 512 533 552 et
554 518 630 568 sper-

93 572 178 622 nitur.
193 573 251 623 Sub
270 574 355 624 crucis
370 589 450 624 onere
461 574 572 623 dorsum
585 574 629 623 in-

91 660 204 695 curvare
221 646 336 710 jubetur,
352 655 378 696 et
399 645 440 696 sui
461 646 546 713 ipsius
567 661 629 712 por-

93 726 150 765 tare
173 715 364 781 ignominiam.
389 716 413 767 0
439 718 629 782 spectaculum,

93 785 223 836 videsne?
242 787 309 836 Ecce
318 787 491 854 principatus
506 788 564 854 ejus
585 803 632 839 su-

89 871 142 922 per
156 857 295 907 humerum
316 858 374 923 ejus
380 875 391 920 ,·
415 857 472 908 haec
494 867 534 909 est
556 859 630 924 virga

92 927 240 993 aequitatis,
261 927 336 993 virga
356 928 431 994 regni
453 929 504 980 sui.
522 947 535 976 s
554 929 630 979 Unde

92 1008 120 1049 et
146 999 337 1066 Hieronymus
360 1016 368 1048 .·
394 1017 407 1047 n
434 999 485 1050 Hic
508 1000 630 1050 educitur

93 1072 161 1122 Abel
175 1071 205 1121 in
224 1087 320 1138 agrum
334 1088 349 1122 a
363 1072 451 1136 fratre,
467 1083 498 1122 ut
512 1074 630 1139 perima-

94 1153 153 1206 tur;
172 1143 218 1192 hic
238 1145 312 1194 adest
328 1146 399 1196 lsaac
415 1161 477 1195 cum
499 1145 588 1211 lignis,
604 1157 630 1196 et

93 1215 232 1265 Abraham
253 1231 314 1265 cum
328 1217 409 1266 ariete
426 1216 555 1282 vepribus
569 1218 629 1267 hae-

94 1297 184 1351 rente;
210 1287 255 1337 hic
277 1288 350 1338 adest
371 1289 472 1355 Joseph
490 1305 551 1339 cum
570 1305 631 1356 gra·

95 1357 186 1407 mineo
201 1357 271 1407 fasce
287 1358 429 1417 somniate,
444 1370 470 1408 et
484 1359 574 1409 tunica
588 1369 630 1409 ta-

94 1428 141 1478 lari
159 1429 292 1494 sanguine
306 1431 367 1494 lita3
383 1430 428 1480 hic
439 1430 513 1480 adest
525 1433 630 1498 Moyses

93 1517 157 1551 cum
171 1500 248 1566 virga
262 1512 287 1551 et
304 1514 427 1568 serpente
450 1518 580 1568 suspenso
601 1504 629 1554 in

93 1571 183 1636 ligno,
197 1568 242 1620 hic'
257 1572 331 1621 adest
341 1573 434 1622 botrus
449 1573 476 1622 in
489 1573 562 1639 ligno
573 1590 632 1640 por-

94 1650 180 1705 tatus;
197 1641 242 1690 hic
257 1643 330 1692 adest
345 1643 457 1694 Elisaeus
472 1659 531 1694 cum
545 1645 629 1710 ligne,

92 1713 125 1760 ad
150 1713 327 1776 quaerendum
351 1714 484 1773 securim,
512 1731 572 1781 quae
601 1716 629 1765 in

93 1780 152 1837 imo
165 1781 288 1847 demersa
304 1794 368 1843 erat,
383 1795 408 1834 et
427 1785 526 1835 natavit
540 1787 572 1836 ad
593 1786 629 1836 li-

93 1867 190 1916 gnum,
218 1851 245 1900 id
272 1862 312 1902 cst
335 1869 420 1918 genus
446 1855 596 1905 humanum
622 1872 628 1905 :

94 1921 168 1986 quod
182 1936 198 1969 a
212 1921 286 1986 ligno
301 1923 383 1974 vetito
398 1925 426 1974 in
438 1924 573 1975 infernum
588 1925 630 1976 de·

93 1991 171 2049 cidit,
183 2005 230 2055 per
239 1990 348 2057 signum
359 2004 448 2045 autem
460 1995 545 2045 crucis
555 1995 631 2045 Chri-

94 2061 141 2120 sti,
164 2071 189 2111 et
210 2063 378 2126 Baptismum
403 2080 479 2129 aquae
497 2066 529 2114 ad
553 2080 630 2130 para-

94 2132 188 2182 disum
212 2133 324 2197 natavit;
342 2134 385 2184 hic
405 2135 478 2185 adest
499 2136 578 2186 lonas
598 2136 631 2185 de

94 2203 171 2268 ligno
184 2202 247 2254 forti
263 2206 291 2253 in
307 2220 379 2255 mare
392 2215 567 2272 ventremque
580 2207 630 2256 ceti

93 2273 188 2324 triduo
203 2275 313 2326 missus.
328 2295 342 2322 s
357 2277 432 2327 Unde
446 2277 527 2328 etiam
539 2281 631 2344 Augu-

95 2345 207 2395 stinus:
223 2363 236 2391 a
250 2347 357 2396 Grande
368 2349 563 2412 spectaculum!
579 2351 630 2399 Sed

94 2415 118 2463 si
144 2425 245 2478 spectet
269 2417 406 2481 impietas,
429 2419 529 2484 grande
557 2419 630 2468 ludi-

96 2484 201 2547 brium;
213 2486 236 2535 si
247 2486 339 2550 pietas,
347 2488 447 2553 grande
456 2489 629 2554 mysterium3

94 2555 119 2604 si
143 2558 245 2620 spectet
268 2557 405 2622 impietas,
426 2560 525 2623 grande
549 2560 629 2625 igno-

94 2627 190 2677 miniae
200 2628 405 2692 documentum3
418 2630 440 2678 si
452 2629 544 2694 pietas,
555 2646 631 2695 gran-

94 2701 129 2750 de
152 2699 214 2750 fidei
235 2701 454 2763 munimentum;
481 2703 504 2752 si
529 2713 630 2768 spectet

95 2769 230 2835 impietas,
247 2771 320 2822 videt
333 2788 423 2837 regem
437 2789 485 2839 pro
497 2773 571 2839 virga
584 2789 628 2824 re-

95 2842 142 2908 gni
157 2841 262 2908 lignum
276 2843 318 2892 sui
333 2853 436 2907 portare
450 2844 588 2909 supplicii;
606 2844 629 2894 si

95 2915 191 2981 pietas,
208 2916 281 2965 videt
301 2930 390 2982 regem
411 2917 570 2979 bajulantem
593 2916 629 2966 li-

94 3001 182 3051 gnum
203 2986 236 3036 ad
260 2986 381 3051 seipsum
395 2985 541 3051 figendum,
556 2987 629 3052 quod

95 3054 201 3106 fixurus
223 3055 311 3106 fuerat
336 3056 415 3106 etiam
442 3055 470 3105 in
496 3055 630 3108 frontibus

95 3139 190 3190 regum
216 3142 223 3174 :
250 3125 279 3174 in
303 3141 335 3175 eo
357 3126 524 3190 spernendus
545 3127 630 3176 oculis

95 3197 265 3262 impiorum,
277 3197 306 3246 in
327 3213 381 3262 quo
403 3207 479 3247 erant
498 3198 629 3263 gloriatu-

95 3283 125 3318 ra
141 3269 222 3318 corda
238 3269 405 3318 Sanctorum.
429 3267 537 3318 Dicturo
556 3268 629 3319 enim

96 3340 180 3389 Paulo
196 3356 203 3389 :
218 3338 292 3389 Mihi
307 3346 395 3390 autem
408 3341 479 3390 absit
499 3341 643 3406 gloriari„

96 3412 152 3462 nisi
172 3413 199 3462 iu
220 3427 299 3463 cruce
318 3413 427 3463 Domini
454 3415 541 3465 nostri
562 3415 629 3466 Jesu

96 3484 210 3547 Ctaisti,
224 3484 311 3550 ipsam
328 3501 432 3535 crucem
451 3486 508 3536 suis
523 3497 629 3551 gestans

95 3555 220 3606 humeris
236 3556 454 3618 commendabat3
471 3566 497 3607 et
516 3558 629 3607 lucernae

94 3642 209 3689 arsurae,
233 3643 294 3694 quae
318 3630 369 3679 sub
393 3630 483 3679 modio
507 3631 629 3694 ponenda

96 3714 151 3748 non
173 3710 239 3762 erat,
255 3701 444 3750 candelabrum
466 3700 566 3751 ferebat
586 3718 593 3751 ι
614 3720 628 3748 n

96 3769 153 3822 haec
162 3772 342 3837 Augustinus.
352 3774 441 3823 Portat
449 3783 541 3823 autem
552 3773 628 3825 Chri·

97 3850 154 3892 stus
176 3858 296 3901 crucem,
322 3853 352 3894 ut
374 3859 419 3894 rex
441 3853 575 3908 sceptrum
600 3844 628 3894 in

98 3915 208 3980 signum
223 3916 326 3983 gloriae,
341 3927 456 3983 quaeest
478 3917 629 3968 universale

1164 321 1214 373 555

686 445 775 480 rerum
798 432 932 482 omnium·
950 433 1101 485 dominium
1145 437 1219 500 item,

684 511 714 551 ut
727 502 812 553 victor
825 504 987 568 trophaeum,
1001 515 1028 557 et
1039 507 1147 573 signum
1164 525 1218 560 suae

683 571 809 632 victoriae,
833 590 888 640 quo
911 576 1076 642 principatus
1095 590 1121 628 et
1141 590 1221 644 pote--
1303 614 1306 625 ι

684 652 763 693 states
774 645 923 709 spoliando,
935 647 1125 713 triumphavit3
1142 651 1217 714 item,

682 722 713 763 ut
739 714 832 765 doctor
852 726 940 782 portat
962 719 1162 782 candelabrum,
1189 722 1218 771 in

683 801 738 850 quo
756 788 881 851 ponenda
899 799 953 839 erat
974 791 1082 840 lucerna
1098 807 1152 842 suae
1166 792 1218 843 do-

683 857 791 917 ctrinae,
826 859 888 923 quia
916 859 1027 926 signum
1059 861 1144 911 crucis
1178 863 1217 912 fr-

684 928 788 979 delibus
817 941 858 981 est
884 931 970 982 virtus
998 933 1056 984 Dei.
1088 935 1122 984 Et
1150 933 1218 984 sicut

683 1015 805 1058 summus
827 1004 959 1064 sacerdos,
981 1006 1088 1070 quando
1110 1007 1166 1056 ibat
1185 1007 1216 1056 ad

684 1071 883 1123 tabernaculum
896 1083 926 1123 ut
936 1074 1045 1125 intraret
1054 1086 1146 1125 sancta
1159 1091 1218 1126 san·

683 1150 796 1205 ctorum,
814 1143 935 1208 portabat
950 1145 1051 1195 clavem
1068 1161 1150 1210 super
1163 1146 1217 1196 hu·

684 1227 787 1262 merum
812 1229 905 1274 suum;
922 1213 960 1264 sic
976 1214 1102 1265 Christus
1119 1217 1218 1267 vadens

682 1281 714 1330 ad
731 1284 929 1334 tabernaculum
945 1286 1030 1335 sancti
1053 1296 1218 1350 sanctorum,

682 1361 708 1400 et
721 1352 812 1402 volens
825 1353 903 1404 nobis
917 1355 1028 1420 aperire,
1043 1356 1157 1421 portavit
1169 1358 1220 1407 cla·

682 1438 751 1482 vem,
767 1424 866 1475 scilicet
880 1442 997 1489 crucem,
1017 1442 1097 1491 super
1118 1428 1218 1478 hume-

681 1509 751 1543 rum.
777 1497 907 1559 Bajulatio
938 1498 1023 1548 crucis
1049 1497 1216 1563 praefigurata

681 1565 731 1616 fuit
754 1567 782 1617 in
810 1570 881 1619 Isaac
907 1568 963 1620 filio
993 1569 1115 1620 Abrahae.
1144 1571 1213 1620 Isaac

681 1637 755 1687 enim
769 1638 842 1704 ligna
860 1639 977 1705 propriis
1000 1640 1122 1690 humeris
1144 1640 1215 1691 fere-

682 1708 735 1764 bat,
756 1708 783 1757 in
800 1710 976 1775 quibuscum
992 1722 1067 1776 pater
1083 1727 1149 1760 suus
1168 1711 1217 1760 im·

682 1780 781 1830 molare
803 1783 923 1845 volebat3
948 1782 986 1832 sic
1006 1782 1131 1832 Christus
1151 1798 1215 1848 pro·

683 1850 749 1916 priis
772 1851 893 1902 humeris
909 1846 1017 1903 crucem
1033 1854 1173 1918 bajulabat,
1188 1854 1215 1902 in

682 1936 735 1986 qua
749 1920 839 1987 ipsum
854 1937 920 1988 gens
935 1924 1088 1973 Judaeorum
1106 1938 1216 1988 suspen-

682 1991 744 2040 dere
764 1990 909 2042 affectabat.
932 1993 1005 2043 Isaac
1028 1994 1060 2042 ad
1084 1993 1215 2043 obedien-

682 2062 748 2110 dum
775 2062 843 2127 patri
871 2077 900 2112 se
926 2063 1107 2130 voluntarium
1132 2063 1215 2114 exhi-

684 2131 755 2196 buit;
766 2132 804 2181 sic
814 2133 898 2183 Filius
909 2133 957 2183 Dei
971 2134 1039 2184 Patri
1054 2150 1103 2184 suo
1115 2134 1216 2184 coelesti

683 2216 769 2267 usque
784 2202 816 2250 ad
831 2213 946 2253 mortem
962 2204 1088 2253 obedivit.
1102 2205 1161 2253 Duo
1173 2219 1217 2254 au-

683 2285 737 2324 tem
767 2277 858 2340 populi
879 2278 969 2326 Jesum
998 2277 1031 2326 ad
1056 2275 1217 2326 interficien-

683 2347 748 2396 dum
763 2348 921 2408 eduxerunt,
935 2347 1058 2398 videlicet
1070 2347 1156 2397 ludaei
1169 2349 1216 2412 qui

682 2418 774 2477 corde,
799 2429 824 2468 ct
850 2420 971 2469 Gentiles
995 2419 1042 2484 qui
1067 2435 1146 2484 opere
1166 2419 1218 2468 hoc

682 2486 813 2548 fecerunt;
843 2487 887 2537 isti
916 2489 982 2539 olim
1010 2504 1057 2554 per
1077 2490 1146 2539 duos
1172 2504 1219 2537 ex-

684 2557 830 2622 ploratores
858 2558 1019 2624 praefigurati
1051 2570 1145 2619 erant,
1171 2557 1218 2624 qui

684 2628 792 2676 botrum
807 2628 839 2678 de
849 2639 919 2678 terra
929 2630 1118 2695 promissionis
1132 2630 1164 2679 ad
1177 2630 1220 2678 de-

683 2708 784 2748 sertum
794 2697 937 2749 afferebant
950 2717 956 2749 :
972 2717 1018 2767 per
1031 2701 1138 2750 botrum
1153 2713 1217 2764 prae-

682 2769 846 2834 figurabatur
869 2772 954 2821 Filius
969 2772 1017 2822 Dei
1040 2773 1118 2822 lesus
1133 2771 1217 2821 Chri·
1246 2778 1264 2823 ὸ

681 2851 748 2899 stus,
763 2841 810 2905 qui
826 2855 873 2906 per
894 2841 944 2890 hos
957 2842 1026 2891 duos
1042 2841 1167 2907 populos,
1183 2842 1216 2889 de

681 2913 828 2962 Jerusalem
855 2913 883 2962 in
913 2915 1003 2963 locum
1023 2912 1151 2963 Calvariae
1177 2921 1217 2961 est

681 2985 791 3045 ductus;
818 2998 864 3048 per
888 2985 994 3033 botrum
1016 2984 1093 3033 illum
1115 2982 1216 3046 proba·

682 3057 747 3106 bant
762 3054 812 3105 filii
833 3057 911 3105 lsrael
929 3066 1005 3106 terrae
1027 3054 1216 3120 promissionis

682 3127 846 3184 bonitatem,
875 3141 922 3190 per
950 3125 1100 3175 doctrinam
1126 3136 1215 3175 autem

682 3198 783 3249 Christi
807 3213 951 3263 possumus
970 3198 1140 3248 considerare
1168 3213 1217 3263 pa-

681 3269 739 3318 triae
754 3268 867 3319 coelestis
882 3269 1052 3320 suavitatem.

714 3339 743 3390 31
774 3336 907 3391 Cnars‘rus
930 3357 963 3390 ao
985 3356 1142 3390 surrtrcrun
1165 3357 1214 3390 ux-

681 3431 734 3464 rrt
755 3429 895 3464 ervrrarmt
918 3429 1071 3470 ruiturus,
1103 3428 1217 3463 rautrcr

680 3501 768 3535 rusus
782 3499 836 3534 run
852 3499 996 3542 ssQururr.
1014 3512 1044 3521 -
1059 3485 1217 3534 Eduxerunt

681 3564 770 3605 autem
792 3569 854 3604 eum
878 3567 952 3605 extra
976 3555 1119 3618 civitatem,
1144 3570 1215 3620 quo-

680 3644 740 3677 rum
756 3629 830 3677 enim
844 3628 1003 3678 animalium
1024 3627 1135 3693 sanguis
1151 3626 1216 3675 infe-

681 3701 788 3750 rebatur
798 3700 826 3749 in
839 3711 1102 3758 sanctasanctorum,
1116 3699 1215 3748 horum

681 3785 790 3843 corpora
812 3772 992 3821 educebantur
1016 3779 1088 3821 extra
1113 3778 1213 3829 castra,

680 3859 742 3894 cum
754 3844 940 3894 cremabantur
952 3853 978 3893 et
993 3842 1212 3892 immolabantur.

681 3916 805 3981 Bajulans
818 3931 881 3966 vero
899 3930 1015 3976 crucem,
1031 3929 1077 3979 per
1097 3913 1147 3961 hoc
1163 3925 1213 3960 nos
