2626 4328
107 265 159 333 646

106 400 137 436 eo
160 385 231 450 quod
257 383 309 433 mei
331 398 408 434 causa
427 381 576 448 perdidisti,
593 381 636 431 de·

105 455 176 505 bitor
194 469 265 504 sum.
285 453 318 504 Et
332 469 380 519 pro
396 453 484 504 anima
498 469 557 504 mea
580 453 638 519 qui·

105 526 166 575 dem
183 525 224 574 bis
244 524 313 574 mihi
335 534 393 574 ate
412 523 481 587 data,
502 524 586 574 semel
608 524 636 572 in

105 595 252 655 creatione,
279 594 361 644 semel
387 594 416 644 in
443 595 636 660 redemptione,

105 666 171 732 quid
210 665 296 730 magis
332 663 382 714 tibi
419 665 488 730 juste
527 665 636 715 reddam

105 751 187 803 quarn
207 736 302 801 ipsam,
325 751 380 784 non
400 736 496 786 habeo.
522 735 572 784 Pro
592 745 637 785 tua

103 819 193 859 autem
210 808 327 873 pretiosa
341 807 432 858 anima
446 808 482 858 ita
499 807 635 870 tribulata,

103 880 170 946 quid
191 880 224 929 ab
238 879 349 928 homine
360 879 441 944 digne
453 879 562 945 rependi
578 894 636 944 pos·

104 949 147 1009 sit,
161 965 216 998 non
234 948 350 999 invenio.
365 950 433 998 Nam
453 950 476 998 si
492 951 589 1000 coelum
609 959 635 1000 et

103 1034 210 1083 terram,
225 1033 251 1073 et
265 1039 376 1073 ornnem
394 1034 520 1074 ornatum
540 1040 634 1074 eorum

103 1110 209 1160 possem
235 1095 392 1158 rependere,
426 1104 496 1144 certe
523 1110 571 1144 nec
596 1094 634 1144 sic

102 1163 240 1229 usquead
262 1177 415 1212 mensuram
436 1162 518 1213 debiti
537 1163 634 1212 ullate-

103 1251 154 1286 nus
166 1234 334 1299 attingerem.
348 1236 380 1284 Et
393 1234 415 1285 si
429 1234 547 1300 idipsum
560 1234 633 1300 quod

101 1318 128 1359 et
150 1309 243 1367 debeo,
258 1317 284 1357 et
298 1309 427 1372 possibile
444 1309 512 1358 mihi
530 1317 579 1368 est,
595 1307 633 1357 ti-

102 1380 138 1439 bi,
158 1379 284 1442 Domine,
307 1380 462 1442 retribuam,
476 1389 568 1439 tuum,
584 1379 633 1428 Do·

101 1449 184 1511 mine,
207 1460 293 1499 toturn
309 1459 358 1500 est.
375 1449 535 1514 Diligendus
549 1448 633 1515 igitur

101 1521 169 1571 mihi
188 1537 220 1571 ex
233 1531 290 1571 toto
303 1522 389 1582 corde,
404 1531 459 1571 tota
478 1522 577 1582 anima,
590 1531 633 1571 to-

100 1601 126 1641 ta
151 1601 248 1650 mente,
278 1602 303 1641 et
326 1602 372 1641 tua
400 1591 469 1642 mihi
497 1592 633 1658 sequenda

99 1663 222 1728 vestigia,
240 1664 287 1729 qui
307 1664 375 1714 mori
390 1664 514 1729 dignatus
535 1680 563 1714 cs
584 1680 632 1729 pro

100 1750 152 1784 me.
178 1735 211 1784 Et
228 1735 365 1799 quomodo
386 1733 431 1784 fiet
453 1734 552 1785 hocin
578 1749 630 1795 me,

100 1806 153 1856 nisi
177 1806 280 1872 perte?
297 1806 438 1856 Adhaereat
462 1808 552 1857 anima
572 1822 632 1857 mea

100 1889 160 1945 post
171 1889 206 1938 te,
220 1880 284 1945 quia
296 1890 351 1930 tota
362 1880 448 1930 virtus
462 1881 519 1945 eius
534 1882 630 1946 pendet

99 1968 131 2002 ex
146 1962 180 2002 te.
193 1953 226 2001 Et
240 1967 322 2012 nunc,
336 1952 454 2003 Domine
469 1954 632 2018 Redemptor

100 2036 185 2085 meus,
203 2031 233 2071 ut
250 2033 275 2072 te
286 2037 379 2073 verum
395 2023 481 2072 Deum
496 2024 588 2083 adoro,
603 2023 630 2073 in

101 2104 126 2143 te
140 2093 229 2153 credo,
243 2094 272 2144 in
286 2103 312 2144 te
324 2109 411 2157 spero,
424 2103 449 2144 et
460 2094 559 2160 quibus
571 2111 632 2160 pos·

100 2177 161 2212 sum
179 2162 318 2213 desideriis
337 2163 369 2213 ad
396 2173 423 2213 te
445 2164 561 2229 suspiro.
580 2166 632 2214 Ad-

99 2237 160 2300 iuva
174 2237 401 2303 imperfectionem
414 2253 511 2290 meam.
525 2239 566 2288 Ad
578 2249 631 2291 tuae

98 2307 235 2357 Passionis
249 2307 365 2373 gloriosa
384 2307 510 2374 insignia,
526 2309 553 2359 in
572 2310 631 2376 qui-

97 2378 148 2428 bus
161 2379 275 2429 salutem
296 2394 383 2429 meam
398 2391 522 2445 operatus
536 2396 574 2442 es,
587 2397 631 2432 me

96 2459 183 2499 toturn
205 2450 314 2501 inclino.
328 2451 395 2502 Tuae
409 2452 557 2505 victoriosae
575 2470 631 2505 cru·

95 2520 133 2570 cis
155 2523 242 2587 regale
259 2523 388 2573 vexillum
409 2523 437 2574 in
453 2527 564 2576 nomine
582 2537 629 2578 tuo

96 2590 212 2650 Christe,
226 2592 317 2642 adoro.
332 2593 423 2643 Tuum
439 2595 562 2660 spineum
577 2597 630 2647 dia-

96 2661 182 2723 dema,
198 2670 259 2710 tuos
276 2662 403 2712 rubentes
421 2666 554 2729 sanguine
574 2667 628 2717 cla·

95 2747 163 2794 vos,
193 2743 239 2784 tuo
267 2748 340 2784 sacro
366 2736 441 2786 lateri
472 2737 627 2790 immersam

24 2857 28 2866 ,
96 2806 222 2867 lanceam,
248 2814 294 2855 tua
317 2805 440 2869 vulnera,
462 2817 540 2858 tuum
562 2824 627 2859 san-

96 2874 223 2940 guinem,
258 2884 331 2924 tuam
374 2887 508 2940 mortem,
552 2888 627 2930 tuam

93 2945 268 3010 sepulturam,
291 2954 365 2996 tuam
386 2948 556 2999 victoriosam
575 2951 628 3002 Re-

95 3016 306 3077 surrectionem,
334 3026 359 3068 et
387 3019 626 3085 glorificationem,

95 3086 210 3148 Christe,
223 3089 306 3139 adoro
329 3091 441 3155 supplex
455 3102 482 3143 et
497 3092 625 3158 glorifico.

95 3157 199 3207 Horum
237 3157 342 3210 vivifico
378 3162 460 3212 odore
499 3163 626 3229 spiritum

95 3240 185 3275 meum
215 3244 228 3277 a
254 3229 351 3293 peccati
378 3242 464 3282 morte
488 3235 625 3297 resuscita,

94 3295 191 3347 horum
214 3299 312 3350 virtute
335 3301 369 3351 ab
393 3304 501 3355 astutiis
524 3307 626 3359 Satanae

94 3380 138 3416 me
159 3369 271 3430 custodi,
287 3386 385 3437 meque
405 3373 534 3439 conforta,
549 3387 579 3427 ut
600 3390 625 3429 et

92 3436 187 3502 jugum
211 3441 397 3492 mandatorum
415 3452 524 3496 tuorum
544 3462 626 3499 suave

93 3508 162 3558 mihi
183 3509 236 3572 fiat,
250 3523 275 3562 et
293 3530 363 3565 onus
380 3515 466 3566 crucis
480 3519 553 3584 quod
575 3520 624 3572 ba·

92 3579 176 3643 iulare
200 3597 243 3631 me
268 3584 344 3647 jubes
367 3595 428 3652 post
451 3598 486 3648 te,
502 3588 623 3642 humeris

91 3648 188 3700 animae
210 3667 276 3703 meae
297 3654 355 3706 leve
370 3656 406 3706 sit
429 3666 508 3723 atque
530 3671 623 3725 porta·

92 3721 155 3772 bile.
171 3722 237 3781 Quae
253 3725 327 3775 enim
347 3726 477 3779 fortitudo
501 3745 573 3794 mea,
592 3742 622 3783 ut

91 3795 163 3860 juxta
198 3806 360 3862 praeceptum
399 3809 495 3863 tuum,
524 3804 620 3856 mundi

91 3869 227 3931 pressuras
253 3876 309 3918 tam
332 3870 494 3936 multiplices
519 3873 620 3928 invicto

376 265 550 318 SECUNDAE
573 263 697 314 PARTIS
712 261 836 312 CAPUT·
846 261 950 313 LXVII.

695 377 787 428 animo
811 377 979 429 sustineam?
992 378 1043 428 Sed
1059 378 1132 439 audi,
1146 394 1225 445 quae-

691 463 731 511 so,
755 463 847 498 vocem
863 464 959 513 meam,
979 459 1004 499 et
1023 448 1124 499 inclina
1145 464 1226 515 snper

691 535 799 570 servum
822 530 901 570 tuum
924 536 1032 571 suavem
1057 536 1163 570 crucem
1188 521 1225 570 il-

691 591 754 651 lam,
767 606 827 657 quae
846 592 951 657 lignum
971 591 1033 643 vitae
1055 601 1095 641 est
1113 591 1157 641 his
1176 592 1224 658 qui

689 664 917 730 apprehenderint
944 665 1033 728 illam;
1061 664 1151 725 istam,
1180 665 1225 715 in-

689 748 782 799 quam,
810 733 1009 784 divinissimam
1035 750 1141 784 crucem
1169 735 1224 786 hu-

690 804 771 855 meris
790 805 859 855 meis
882 805 1000 871 impone,
1020 805 1096 869 cujus
1110 804 1223 856 latitudo

688 887 729 927 cst
745 877 839 928 caritas
853 893 933 944 super
946 893 1055 928 ornnem
1075 888 1223 929 creaturam

688 964 717 999 se
730 950 886 1010 extendens,
901 951 976 1014 cujus
990 950 1129 1016 longitudo
1150 960 1223 1000 aeter·

690 1020 769 1081 nitas,
787 1022 862 1086 cujus
879 1021 1034 1072 sublimitas
1048 1021 1223 1086 omnipoten-
1248 1047 1253 1057 ·

686 1091 732 1152 tia,
757 1092 831 1157 cujus
857 1092 1020 1158 profundum
1048 1093 1223 1144 inscrutabile

687 1175 728 1216 est
752 1165 891 1232 sapientia.
919 1165 1031 1232 Confige
1056 1166 1096 1216 illi
1124 1182 1222 1217 manus

687 1252 768 1296 meas,
784 1247 810 1287 et
824 1238 903 1303 pedes
921 1253 1005 1296 meos,
1021 1246 1144 1287 ettotam
1162 1239 1222 1288 Pas-

686 1309 772 1359 sionis
787 1319 839 1360 tuae
853 1309 968 1359 formam
984 1310 1090 1359 servulo
1102 1319 1149 1361 tuo
1166 1311 1222 1360 irn-

685 1382 780 1447 prime.
796 1382 844 1443 Da,
861 1382 981 1445 obsecro,
1000 1382 1068 1431 mihi
1083 1383 1221 1434 continere

685 1453 717 1502 ab
743 1453 870 1519 operibns
895 1452 983 1503 carnis
1005 1469 1065 1519 quae
1089 1453 1179 1517 odisti,
1194 1465 1221 1505 et

686 1523 769 1574 facere
788 1524 918 1589 justitiam
933 1539 994 1590 quae
1008 1525 1134 1587 dilexisti,
1150 1525 1220 1576 etin

685 1603 801 1659 utroque
832 1604 905 1645 tuam
932 1609 1052 1660 quaerere
1076 1595 1190 1660 gloriam
1212 1613 1219 1646 :

685 1675 712 1714 et
733 1665 871 1716 sinistram
890 1666 1001 1732 quidem
1027 1681 1124 1728 meam,
1146 1667 1220 1719 clavo

685 1736 887 1801 temperantiae;
906 1737 1038 1786 dexteram
1054 1751 1126 1798 vero,
1144 1739 1219 1789 clavo

684 1805 792 1869 justitiae
818 1807 846 1856 in
874 1807 919 1857 illa
945 1807 1056 1858 sublimi
1081 1823 1157 1858 cruce
1179 1809 1220 1860 af·

684 1874 763 1927 fixam
784 1878 906 1929 arbitror.
921 1878 961 1928 Da
982 1878 1067 1929 menti
1088 1893 1155 1929 meae
1174 1879 1219 1945 ju-

684 1950 752 2014 giter
766 1949 888 2001 meditari
903 1950 931 1999 in
943 1952 1000 2017 lege
1013 1961 1068 2015 tua,
1083 1961 1109 2002 et
1121 1952 1220 2003 deinde

684 2021 830 2087 cogitatum
852 2022 947 2087 jactare
968 2023 996 2072 in
1022 2033 1060 2086 te;
1076 2034 1102 2074 et
1124 2024 1219 2076 dexte-

684 2107 745 2142 rum
760 2093 854 2158 pedem
871 2108 962 2142 meum
976 2093 1063 2144 eidem
1081 2094 1155 2160 ligno
1169 2094 1215 2145 vi·

683 2172 717 2212 tae
738 2162 820 2212 clavis
845 2163 992 2228 prudentiae
1016 2163 1098 2229 affigi.
1123 2165 1162 2215 Da
1188 2176 1219 2216 ut

684 2231 835 2283 ministram
853 2232 963 2298 spiritus
984 2233 1037 2283 mei
1055 2235 1218 2286 sensualita-

684 2315 739 2356 tem
762 2323 815 2356 non
836 2316 944 2357 enervet
961 2307 1075 2357 labentis
1094 2308 1156 2358 vitas
1178 2308 1218 2359 in·

683 2374 746 2425 felix
760 2375 883 2435 felicitas,
898 2391 945 2426 nec
960 2377 1102 2427 conturbet
1117 2392 1217 2444 peren-

683 2449 727 2499 nis
740 2448 802 2500 vitae
822 2448 919 2514 praevia
942 2448 1005 2499 felix
1019 2448 1176 2501 infelicitas:
1191 2461 1217 2502 et

682 2521 790 2572 sinister
818 2537 926 2588 quoque
959 2536 1006 2588 pes
1034 2536 1111 2572 meus
1142 2524 1216 2574 clavo

681 2591 849 2644 fortitudinis
871 2593 899 2643 in
918 2609 995 2643 cruce
1016 2593 1162 2644 tenebitur.
1180 2594 1216 2645 Ut

681 2675 770 2716 autem
788 2675 815 2715 et
833 2665 972 2730 spinarum
989 2664 1028 2715 tui
1051 2665 1149 2730 capitis
1163 2665 1216 2716 ali·

681 2750 734 2800 qua
749 2735 778 2784 in
798 2735 1006 2785 me'similitudo
1019 2744 1152 2800 appareat,
1165 2736 1215 2786 de-

681 2817 733 2868 tur,
756 2808 876 2868 obsecro,
896 2808 979 2858 menti
1000 2824 1076 2870 meae,
1093 2817 1119 2859 et
1134 2809 1214 2860 saluti

681 2876 843 2942 poenitentiae
867 2878 1051 2943 compunctio,
1072 2888 1098 2929 et
1120 2878 1215 2930 alienae

680 2947 797 3000 miseriae
822 2949 992 3014 compassio,
1021 2958 1048 2999 et
1081 2948 1215 3000 stimulus

679 3018 728 3069 zeli
748 3018 901 3069 aemulantis
925 3017 992 3068 illud
1015 3017 1089 3084 quod
1110 3027 1214 3068 rectum

679 3099 719 3140 est
734 3105 825 3140 coram
846 3100 882 3151 te,
897 3098 923 3140 et
944 3088 977 3139 ad
999 3099 1024 3139 te
1047 3099 1216 3140 reconvertar

680 3159 708 3210 in
730 3174 850 3212 aerumna
865 3173 931 3220 mea,
945 3160 1011 3210 dum
1025 3158 1123 3225 triplex
1141 3158 1211 3209 mihi

679 3233 821 3300 configitur
834 3233 920 3298 spina.
940 3232 1018 3283 Libet
1037 3241 1067 3282 ut
1087 3242 1113 3283 et
1127 3246 1213 3297 spon-

679 3306 750 3371 giam
770 3318 817 3369 per
830 3303 991 3354 arundinem
1004 3301 1045 3353 ori
1065 3317 1125 3353 meo
1148 3317 1213 3368 por-

679 3379 759 3445 rigas,
775 3388 802 3428 et
815 3376 881 3427 aceti
898 3376 1104 3427 amaritudinem
1120 3376 1211 3442 gustui

679 3465 739 3499 meo
766 3447 909 3506 adhibeas,
934 3457 965 3497 ut
990 3462 1037 3512 per
1061 3445 1212 3512 Scripturas

676 3530 736 3571 tuas
753 3517 849 3569 rationi
871 3533 937 3569 meae
957 3517 1080 3568 conferas
1101 3525 1210 3583 gustare

676 3605 702 3646 et
728 3593 841 3653 videre,
877 3592 1008 3659 quoniam
1036 3591 1137 3642 florens
1165 3589 1212 3641 hic

676 3664 795 3715 mundus
821 3673 949 3730 tanquam
977 3661 1090 3728 spongia
1121 3659 1211 3721 inanis

674 3744 723 3797 est,
748 3744 775 3786 et
793 3733 884 3784 omnis
906 3730 1121 3799 concupiscentia
1151 3731 1209 3796 ejus
1294 3763 1296 3767 -

673 3814 747 3858 aceto
768 3803 891 3863 amarior.
905 3803 951 3866 lta,
968 3803 1052 3862 Pater,
1065 3801 1092 3851 in
1105 3815 1149 3852 me
1163 3799 1210 3851 fiat

678 3885 708 3929 ut
725 3875 793 3929 calix
810 3874 861 3926 iste
873 3887 970 3929 numus
984 3871 1131 3939 Babylonis
1146 3868 1209 3922 ine-
