2626 4328
88 187 268 284 QUOMODO
279 225 366 275 DOM.
379 221 556 277 APPARUIT
573 218 704 270 UNDEC.
720 219 839 270 DISCIP·
848 217 883 268 IN
894 219 1018 280 GALtL,
1029 219 1107 269 ETC.
1127 217 1180 286 737

58 339 159 405 pignus
182 348 222 388 est
238 340 380 404 praesentia
399 356 466 392 meae
487 341 595 393 deitatis

57 423 85 463 et
95 412 189 479 gratiae
200 413 281 462 etiarn
297 414 323 463 in
340 415 475 478 praesenti.
489 416 528 465 Ex
540 431 596 482 quo

57 493 132 548 patet
152 494 255 548 quanta
270 499 372 534 merces
387 485 437 549 piae
452 500 596 537 mataru-

57 553 142 603 tionis
159 555 272 619 qualeve
293 555 392 620 pignus
410 554 508 606 futura
530 557 596 608 baa·

57 623 186 672 titudinis
211 625 293 674 etiam
313 626 340 673 in
360 627 484 690 prasenti
500 627 596 678 fideles

58 704 184 758 maneat;
209 706 236 746 et
259 697 332 762 quod
356 713 441 763 usque
464 697 596 749 adsonem

60 765 168 826 mundi,
195 766 262 816 fides
287 784 345 816 uon
368 767 482 829 deficiat,
503 784 596 835 quan·

57 848 226 903 tumcunque
239 839 460 891 tribulationibus
471 841 596 906 agitetur.

57 911 97 958 Ac
114 908 232 968 sidicat,
254 920 284 958 ut
307 909 344 960 ait
361 911 595 976 Chrysostomus:

59 998 73 1025 a
90 979 152 1028 Non
175 981 308 1030 excusetis
329 998 385 1039 vos,
401 998 449 1032 nec
463 982 534 1032 mihi
551 983 596 1033 di·-

59 1050 129 1100 catis
143 1049 327 1101 difficultatem
345 1053 528 1122 injunctorum
544 1069 596 1104 ne·

59 1120 206 1185 gotiorum,
224 1121 288 1186 quia
307 1137 366 1172 ecce
388 1138 441 1190 ego
459 1124 595 1174 vobiscum

58 1206 118 1241 sum
131 1191 179 1257 qui
194 1193 286 1242 omnia
300 1193 396 1243 faciam
406 1195 494 1245 levia:
509 1215 523 1242 n
539 1195 595 1245 hoec

57 1263 280 1329 Chrysostomus.
309 1268 405 1332 Magna
433 1268 594 1332 promissio,

58 1350 175 1399 magnus
205 1346 231 1385 et
267 1337 457 1403 insuperabilis
485 1341 595 1406 clypeus

58 1408 227 1458 securitatis!
251 1410 324 1474 Ego,
344 1411 442 1476 inquit,
461 1413 595 1462 vobiscum

57 1493 118 1529 sum
132 1495 141 1528 .·
157 1478 185 1527 in
199 1479 276 1548 vobis
291 1497 392 1546 pugno,
408 1499 455 1532 vos
470 1483 594 1548 defendo,

58 1548 131 1598 nihil
153 1550 281 1612 timeatis,
306 1552 342 1601 ite
362 1553 458 1603 securi.
474 1553 507 1603 Si
520 1554 595 1604 enim

57 1621 134 1670 Deus
152 1637 207 1687 pro
231 1624 306 1673 nobis
327 1625 387 1688 quis
405 1631 498 1674 contra
520 1625 595 1675 nos?

56 1692 188 1742 Dicamus
212 1710 302 1759 ergo:
324 1697 355 1746 ln
379 1697 437 1746 Deo
458 1696 595 1761 faciemus

57 1763 191 1825 virtutem,
207 1771 232 1814 et
252 1766 309 1831 ipse
324 1765 362 1815 ad
380 1767 490 1816 nibilum
509 1767 595 1818 dedu·

57 1841 101 1885 cet
112 1836 272 1886 tribulantes
288 1849 346 1900 nos,
363 1849 388 1888 et
402 1838 529 1888 inimicos
543 1854 595 1889 no-

58 1918 139 1959 stros.
154 1908 187 1958 Et
197 1910 349 1974 specialiter
372 1911 595 1977 praedicatoribus

58 1981 198 2048 Evangelii
237 1983 408 2048 promittitur
443 1982 596 2034 assistentia

59 2052 172 2101 Domini
186 2069 248 2102 cum
268 2053 367 2102 dicitur
381 2071 388 2104 ε
404 2053 443 2104 Et
464 2068 522 2106 ecce
542 2069 594 2120 ego

58 2123 194 2178 vobiscum
219 2139 294 2185 suin,
325 2124 426 2174 scilicet
453 2125 594 2192 dirigendo

58 2210 199 2244 sermones
221 2196 256 2244 ad
285 2197 400 2245 salutem
426 2197 595 2249 audientium

59 2274 86 2313 et
98 2264 226 2313 meritum
240 2277 368 2316 vestrum.
381 2268 466 2317 ‹t'Non
481 2276 594 2332 tantum,

59 2337 98 2386 ait
124 2336 354 2403 ChrysostomuS,
391 2340 513 2404 loquitur
541 2339 595 2389 illis

60 2406 109 2472 qui
124 2416 189 2456 tunc
209 2418 300 2467 erant3
327 2424 375 2457 nec
393 2425 454 2458 cum
477 2408 531 2459 illis
548 2425 595 2459 so-

59 2481 119 2528 lum
135 2479 202 2528 dixit
215 2496 245 2542 se
260 2480 382 2530 futurum
406 2497 473 2541 esse,
497 2483 543 2531 sed
570 2491 596 2532 et

60 2566 109 2616 per
123 2551 197 2615 ipsos
207 2552 329 2617 loquitur
343 2553 472 2602 omnibus
486 2552 595 2613 futuris,

59 2623 108 2688 qui
126 2632 187 2688 post
201 2624 263 2674 illos
278 2625 398 2683 credent,
416 2640 478 2674 cum
494 2625 602 2691 quibus·

58 2694 141 2744 etiam
157 2711 262 2761 semper
279 2696 337 2745 erit.
354 2697 412 2747 Non
427 2696 500 2746 enim
513 2711 597 2764 nsque

58 2769 96 2818 ad
114 2771 366 2820 consummationem
390 2768 492 2833 seculi,
519 2771 596 2836 Apo-

58 2841 123 2890 stoli
145 2842 315 2906 permansuri
340 2852 425 2901 erant,
451 2843 496 2892 sed
525 2843 597 2893 sicut

62 2912 112 2961 uni
154 2913 260 2976 corpori
296 2914 418 2978 loquitur
451 2913 596 2975 fidelibus,

58 2982 161 3048 quibus
182 2984 356 3050 conjungitur
372 2995 401 3034 ut
419 2993 498 3050 caput
513 3000 597 3035 mem-

59 3052 117 3102 bris
133 3069 139 3101 :
157 3072 170 3100 n
186 3054 242 3102 haec
258 3053 480 3119 Chrysostomus.
498 3054 597 3114 Quam·

59 3123 102 3171 vis
117 3122 191 3172 enirn
206 3124 347 3182 Dominus,
370 3124 459 3190 quoad
474 3138 598 3189 praeseri-

58 3194 127 3243 tiam
144 3197 308 3258 corporalem
332 3196 502 3245 abscessurus
527 3206 596 3246 esset

58 3279 75 3313 a
89 3263 239 3328 discipulis,
254 3276 342 3319 tamen
363 3281 410 3330 per
424 3266 595 3330 praesentiam

57 3333 216 3394 divinitatis,
234 3347 259 3384 ct
274 3337 441 3401 spiritualem
460 3336 596 3386 influxum

57 3420 173 3456 suorum
199 3407 332 3457 donorum
362 3418 389 3458 et
414 3424 470 3459 suae
495 3409 595 3475 gratim,

56 3493 179 3545 praesens
193 3495 299 3545 semper
315 3491 414 3539 manet,
429 3492 456 3532 et
476 3480 597 3532 manebit

57 3565 123 3601 cum
145 3549 272 3600 fidelibus
288 3566 375 3616 usque
392 3552 426 3601 ad
446 3551 530 3602 finem
550 3566 596 3602 se·

59 3624 124 3674 culi.
143 3625 257 3690 Sapiens
272 3624 344 3673 anim
360 3634 386 3674 et
405 3624 491 3675 fidelis
502 3635 594 3686 nauta,

58 3708 156 3743 navam
172 3711 227 3744 non
243 3694 356 3744 dimittit
369 3695 455 3744 donec
466 3694 550 3745 luerit
559 3695 595 3746 ad

56 3775 168 3835 portum
180 3767 329 3831 applicata3
347 3765 463 3816 Ecclesia
478 3780 541 3816 vero
554 3775 596 3817 est

57 3835 145 3902 navis,
161 3848 188 3887 et
208 3838 336 3888 Christus
350 3849 391 3888 est
404 3848 486 3888 nauta
500 3853 595 3905 regens

648 340 746 406 ipsam,
765 336 832 404 quia
849 351 910 387 eam
931 351 987 386 non
1002 333 1119 394 dimisit,
1131 349 1185 384 nec

647 413 774 472 dimittet,
794 411 881 462 donec
892 412 927 460 ad
941 417 1051 475 portum
1065 407 1187 473 paradisi

648 485 793 554 parveniat.
815 485 881 534 diac
896 481 1016 533 Ecclesia
1033 481 1064 530 in
1076 482 1185 546 Apoca-
1244 548 1245 552 Ἰ

648 559 719 624 lypsi
744 559 779 608 de
803 558 871 608 coelo
892 555 1053 606 descendere
1073 553 1182 611 dicitur,

648 632 722 699 quia,
736 631 888 682 sanandum
899 627 1090 693 Augustam,
1110 625 1186 676 emta

648 702 699 753 stis
712 711 753 753 ast
767 701 861 767 gratia
875 715 929 765 qua
942 699 1015 748 Deus
1030 712 1090 746 earn
1104 694 1177 746 facit.

649 766 1183 825 UbiRadanusraEaliocautamin·

649 844 788 911 telligitur,
805 844 878 909 quod
893 856 982 906 usque
995 840 1028 889 ad
1040 839 1125 889 iioern
1134 851 1183 888 se-

648 915 702 965 culi
726 930 782 964 non
805 923 868 962 sunt
891 909 1009 960 defuturi
1025 909 1054 958 in
1070 907 1182 966 mundo,

649 985 776 1035 homines
801 984 848 1049 qui
874 981 968 1032 divina
988 979 1135 1029 'ramsione
1153 987 1183 1026 et

648 1055 847 1105 inhabitatione
873 1061 937 1102 sunt
960 1050 1044 1116 digni.
1064 1056 1078 1096 l
1102 1047 1182 1108 Quod

647 1139 737 1180 autem
761 1129 826 1178 dicit
842 1140 946 1192 :usqae
964 1126 1001 1175 ad
1015 1137 1183 1175 consumma·

648 1200 744 1250 tionem
764 1198 857 1258 seculi,
885 1195 1039 1246 secundum
1063 1193 1182 1255 Mam,

647 1269 756 1319 finitum
775 1283 826 1333 pro
848 1266 954 1316 infinito
971 1263 1091 1329 ponitur.
1111 1262 1182 1311 Nam

647 1340 737 1406 quiin
754 1338 878 1405 praesenti
903 1337 992 1386 seculo
1016 1343 1107 1383 manet
1120 1347 1182 1381 cum

647 1413 746 1473 electis,
771 1428 817 1463 eos
836 1409 1009 1478 protegendo,
1032 1418 1058 1457 et
1071 1422 1118 1471 per
1133 1421 1181 1455 oc-

647 1487 732 1536 cultos
762 1485 904 1535 instinctus
942 1481 1058 1546 Spiritus
1094 1477 1181 1528 Sancti

642 1557 806 1624 dirigend03
822 1557 880 1622 ipse
897 1553 1010 1605 cumeis
1026 1563 1086 1618 post
1100 1549 1181 1600 finem

647 1631 729 1681 seculi
752 1629 880 1692 manebit,
903 1644 949 1688 eos
974 1624 1181 1683 remunerando,

624 1748 626 1752 .
647 1712 673 1752 et
684 1702 744 1751 sine
757 1700 811 1750 fine
825 1715 873 1750 sua
889 1697 1030 1764 praesentia
1050 1695 1182 1744 satiando.

633 1773 724 1824 ¹Unde
746 1781 773 1822 et
797 1773 851 1822 Leo
875 1768 945 1836 Papa
966 1786 973 1817 ι
998 1766 1082 1827 «Qui
1107 1765 1179 1815 enim

646 1844 766 1895 ascendit
778 1844 808 1894 in
825 1845 917 1903 coelos,
933 1857 988 1891 non
1003 1838 1100 1890 deserit
1114 1836 1181 1886 ado·
1244 1905 1245 1910 1

647 1924 744 1982 ptatos,
767 1925 793 1965 et
818 1915 876 1980 ipse
899 1914 1026 1962 deorsum
1050 1907 1182 1960 confortat

646 1987 679 2037 ad
699 1986 866 2053 patientiam,
888 1983 935 2051 qui
958 1996 1064 2033 sursum
1087 1979 1183 2031 invitat

646 2058 851 2124 adglorians
872 2054 990 2106 Manebit
1012 2053 1094 2103 etiam
1119 2065 1181 2100 cum

647 2129 771 2180 fidelibus
796 2129 825 2178 in
849 2126 973 2193 praesenti
1000 2125 1099 2183 seculo,
1125 2135 1181 2171 noa

647 2202 736 2250 solum
761 2198 920 2257 virtualiter,
948 2196 995 2246 sed
1026 2194 1107 2244 etiarn
1134 2206 1183 2257 par

647 2272 815 2337 praesentiam
833 2269 1000 2333 corporalem
1023 2267 1051 2315 in
1075 2264 1183 2314 Eucha-
1265 2271 1267 2278 '

647 2342 730 2393 ristiae
744 2351 919 2400 sacramento,
939 2339 987 2388 ubi
1002 2347 1042 2387 est
1058 2334 1184 2386 Christus

647 2425 722 2465 totus
731 2429 739 2477 ;
757 2424 783 2464 et
800 2419 861 2478 post
878 2412 959 2462 finem
973 2409 1106 2461 videbunt
1121 2421 1183 2456 eum

641 2485 720 2551 jacie
736 2485 773 2534 ad
783 2484 886 2549 sociem
903 2484 962 2532 luce
976 2480 1083 2530 clarius.
1099 2496 1112 2524 α
1128 2478 1183 2527 Re-

649 2564 780 2606 memorat
804 2564 893 2604 autem
914 2553 962 2613 cis,
979 2562 1008 2601 ut
1031 2550 1068 2600 ait
1091 2549 1184 2614 Chry-

647 2633 788 2687 sostomns‚
814 2635 840 2675 et
862 2623 1114 2676 consummationem
1139 2632 1182 2670 se-

648 2698 711 2760 culi,
726 2707 757 2748 ut
780 2712 826 2748 eos
850 2697 936 2762 magis
956 2694 1079 2752 attrahat,
1103 2702 1129 2741 et
1150 2704 1184 2739 ne

647 2767 791 2833 praesentia
831 2766 1005 2834 singulariter
1038 2761 1184 2839 inspiciant

648 2839 748 2898 solum,
776 2854 836 2904 quae
864 2837 946 2887 simul
973 2852 1034 2886 curn
1058 2839 1184 2898 praesentt

648 2908 702 2958 vita
719 2909 917 2969 dissolvuntur3
934 2905 1019 2955 sedet
1037 2903 1127 2951 futura
1142 2899 1186 2979 bo·-

647 2993 694 3042 ua,
716 2987 742 3028 et
765 2978 824 3029 sine
850 2976 906 3026 fine
932 2988 1067 3025 mansura.
1097 2971 1183 3030 Quasi

648 3047 747 3097 diceret
771 3065 777 3096 ι
801 3046 902 3096 Tristia
928 3060 987 3112 quae
1015 3038 1185 3093 sustinebitis

647 3117 731 3170 siriaul
746 3133 808 3168 cum
822 3116 947 3182 praesenti
961 3114 1016 3166 vita
1029 3111 1183 3162 dissolven-

648 3201 701 3253 tur,
714 3205 776 3240 cum
791 3199 817 3239 et
836 3200 924 3239 totum
937 3189 1057 3239 seculum
1073 3185 1102 3234 in
1115 3199 1183 3233 con-

647 3261 857 3311 summationem
878 3258 1018 3320 deveniat3
1040 3258 1111 3307 bona
1131 3270 1182 3305 au·
1244 3288 1246 3294 t

648 3343 703 3383 tem
738 3334 839 3400 quibus
875 3331 1018 3399 potiemini
1055 3338 1120 3380 sunt
1153 3328 1183 3378 in

648 3417 780 3458 aeternum
802 3421 930 3457 mansura
949 3422 957 3456 :
975 3424 989 3453 n
1010 3405 1069 3454 hac
1085 3403 1183 3470 Chry-

648 3486 792 3531 sostomut.

678 3549 696 3602 6
726 3551 888 3602 iucuuorras
918 3552 1126 3601 Arosroconun.
1153 3574 1182 3585 —
1253 3590 1257 3599 .

648 3623 796 3675 Considera
815 3640 888 3675 nunc
902 3623 971 3675 bene
985 3622 1142 3688 discipulos,
1157 3630 1185 3671 et

647 3710 678 3746 aa
702 3710 764 3762 qum
790 3696 871 3746 modo
892 3706 957 3746 sunt
973 3697 1012 3746 eis
1028 3695 1107 3754 dicta,
1119 3690 1184 3758 quia

648 3776 712 3817 sunt
730 3767 807 3817 valde
821 3766 974 3834 magnifica.
987 3769 1066 3818 Stant
1080 3766 1109 3814 in
1127 3776 1184 3812 ma·

649 3855 701 3906 gna
733 3839 902 3904 jucunditate
935 3855 996 3890 cum
1028 3834 1149 3889 Domino
1174 3849 1181 3883 ε
