2626 4328
146 284 199 334 606

146 400 292 464 Apostolus
315 419 332 453 :1
347 403 381 453 Si
407 403 563 468 commurtui
588 415 680 452 sumus

147 484 205 520 cum
228 471 345 535 Christo,
365 479 391 523 et
406 478 582 524 convivemus.
599 473 633 522 Et
647 473 680 522 de

147 540 247 591 talibus
268 541 341 592 idem
355 544 501 608 Apostolus
524 543 581 593 ait:
597 541 679 593 Mor-

149 612 188 661 tui
204 614 271 663 euim
285 615 359 676 estis,
375 615 475 666 scilicet
497 615 642 665 mundanis
656 624 681 664 et

149 685 262 745 caducis,
286 692 312 736 et
331 687 386 736 vita
411 695 501 738 vestra
524 687 680 738 abscondita

149 760 189 804 est
212 769 269 805 curn
296 757 420 820 Christo,
447 761 474 808 in
495 759 562 809 Deo.
584 786 613 795 —
633 758 682 806 Se-

150 827 269 877 cundum
290 839 339 888 est,
353 832 426 896 quod
442 831 565 882 Christus
589 831 617 880 in
630 845 681 880 an-

149 899 238 964 gustia
255 902 350 951 mortis
362 918 425 952 voce
446 905 498 952 alta
512 903 630 953 clamans
648 901 681 952 ad

151 968 270 1028 Patrem,
294 980 319 1020 et
341 974 532 1023 commendans
553 973 576 1023 ei
600 972 682 1038 spiri-

149 1052 208 1091 tum
231 1060 326 1106 suum,
354 1047 463 1113 reliquit
486 1047 565 1098 nobis
588 1062 681 1097 exem-

149 1116 225 1181 plum
236 1117 340 1170 intimae
350 1120 511 1180 devotionis,
522 1120 620 1170 docens
632 1118 682 1170 no's

150 1187 178 1236 in
201 1187 252 1239 hoc
268 1189 327 1256 ipse
346 1192 433 1242 bonus
456 1192 591 1258 Magister,
615 1192 681 1258 quid

148 1273 198 1308 nos
212 1259 241 1309 in
256 1261 368 1312 articulo
390 1262 557 1324 tentationis,
574 1273 600 1313 et
621 1278 682 1328 spe-

148 1330 252 1381 cialiter
272 1332 299 1382 in
321 1350 407 1400 agone
428 1335 523 1386 mortis
543 1334 623 1401 positi
640 1334 682 1384 fa-

148 1417 207 1453 cere
227 1404 380 1457 debeamus.
401 1408 512 1472 Semper
536 1407 608 1457 enim
633 1407 682 1456 de-

149 1475 245 1526 bemus
259 1478 391 1528 auxilium
413 1493 537 1529 nostrum
551 1481 579 1529 in
595 1480 681 1530 Deum

150 1549 257 1609 ponere,
277 1558 303 1596 et
323 1563 386 1598 eum
405 1549 537 1609 invocare,
552 1565 581 1600 ac
600 1550 682 1615 spiri-

149 1627 192 1666 tus
216 1628 323 1669 nostros
343 1621 366 1670 ei
388 1623 589 1684 commendare,
611 1638 682 1688 quo-

150 1701 211 1735 rum
236 1704 348 1755 corpora
370 1691 492 1756 quotidie
514 1694 627 1742 tendunt
650 1693 682 1743 ad

151 1768 275 1819 mortem,
299 1761 374 1825 cujus
396 1761 503 1827 penitus
527 1762 683 1827 ignoramus

150 1828 221 1877 diem
247 1839 274 1878 et
295 1830 399 1882 horam.
424 1833 459 1882 Et
480 1832 631 1897 specialiter
654 1832 682 1882 in

152 1897 219 1948 hora
244 1910 270 1949 et
294 1901 406 1951 articulo
431 1904 527 1952 mortis
554 1904 683 1954 debemus

152 1968 204 2017 hoc
219 1968 312 2031 facere,
334 1972 399 2036 quia
421 1974 538 2023 maxime
559 1983 622 2024 tunc
644 1985 684 2025 est

152 2054 258 2091 necesse
275 2057 282 2090 τ
302 2052 328 2092 et
348 2055 457 2109 propter
473 2045 559 2095 hostis
579 2045 683 2112 impor-

151 2121 294 2162 tunitatem
309 2116 446 2180 majorem,
465 2127 491 2166 et
509 2127 617 2182 propter
632 2133 683 2167 no-

152 2194 213 2234 strae
236 2185 344 2235 virtutis
367 2187 591 2239 debilitationem.
607 2189 683 2238 Reli-

150 2255 211 2320 quit
219 2255 299 2306 etiam
307 2257 390 2329 nobis
399 2260 553 2324 exemplum
564 2259 683 2324 perfectae

150 2327 254 2378 fiducioe
283 2341 400 2395 paternae
424 2333 606 2397 defensionis;
637 2349 684 2400 per

150 2400 202 2450 hoc
224 2401 299 2450 enim
326 2405 397 2469 quod
422 2405 449 2454 in
478 2422 573 2457 manus
599 2406 684 2456 Patris

150 2471 265 2521 coelestis
280 2474 363 2523 homo
378 2475 503 2540 spiritum
518 2493 598 2526 suum
612 2493 684 2527 com·

151 2541 268 2600 mendat‚
296 2559 405 2595 securus
431 2561 489 2596 esse
509 2547 588 2597 debet
610 2548 683 2613 quod

150 2610 241 2662 divina
256 2613 354 2665 virtute
370 2617 403 2665 ab
422 2617 531 2667 incursu
547 2618 683 2683 maligno-

79 2708 81 2712 ·
150 2696 211 2730 rum
233 2684 359 2748 spiritum
379 2685 541 2737 defensatur.
564 2716 593 2724 —
614 2689 637 2736 T
639 2703 683 2737 er·

151 2753 220 2802 tium
245 2756 448 2817 documentum,
464 2758 614 2824 specialiter
635 2774 683 2824 pro

152 2827 302 2893 religiosis,
330 2831 377 2895 qui
406 2832 560 2881 moriuntur
582 2833 683 2882 mundo

152 2901 181 2949 in
196 2900 334 2967 religionis
348 2903 472 2970 ingressu
482 2913 531 2960 est.
543 2904 615 2969 quod
630 2904 682 2969 ipsi

152 2969 250 3019 debent
262 2971 399 3035 spiritum,
417 2973 443 3023 id
462 2984 502 3023 est
517 2976 683 3024 voluntatem

152 3052 177 3091 et
200 3058 311 3093 sensum
338 3061 419 3097 suurn
445 3048 548 3098 tradere
575 3047 603 3097 in
626 3062 684 3096 ma-

153 3128 205 3161 nus
220 3114 366 3179 spiritualis
389 3118 481 3184 patriS,
496 3118 596 3168 scilicet
616 3133 684 3183 prae-

151 3183 208 3242 lati,
232 3185 270 3234 sic
292 3189 365 3252 quod
385 3189 502 3255 amplius
525 3204 579 3238 non
607 3203 684 3238 resu-

151 3266 225 3306 mant
235 3262 362 3324 usquead
377 3261 449 3312 diem
460 3260 684 3321 ResurrectioniS,

150 3331 273 3394 exemplo
284 3330 385 3381 Christi
396 3333 444 3397 qui
454 3332 582 3398 spiritum
593 3347 684 3393 suum,

150 3415 232 3465 quem
243 3403 361 3454 moriens
371 3405 400 3454 in
410 3421 509 3456 manus
521 3406 605 3455 Patris
615 3421 685 3455 com-

149 3474 329 3536 mendaverat,
340 3475 453 3526 ulterius
463 3493 520 3525 non
534 3475 586 3525 nisi
596 3475 624 3525 in
637 3477 685 3525 Re-

148 3544 314 3594 surrectione
342 3561 390 3595 sua
418 3545 574 3612 resumpsit.
601 3545 685 3595 Com-

148 3615 279 3666 mendans
294 3618 367 3668 enim
385 3618 513 3684 spiritum
533 3619 588 3668 Deo
604 3617 685 3677 Patri,

150 3687 304 3751 exemplum
328 3688 449 3754 perfectae
474 3687 635 3738 obedieutiae
661 3698 687 3737 et

150 3759 324 3823 subjectionis
347 3762 469 3828 reliquit,
494 3777 547 3828 qua
571 3760 687 3827 quilibet

151 3831 275 3884 subditus
285 3847 334 3882 suo
344 3834 452 3898 praelato
464 3832 591 3897 spiritum
604 3846 686 3880 suum

151 3904 357 3970 gubernandum
372 3912 398 3953 et
412 3902 586 3969 dirigendum
604 3917 688 3951 com-

363 297 366 306 ·
415 287 589 339 SECUNDAE
612 286 737 336 PARTIS
759 286 876 340 CAPUT
900 280 990 341 LXIV.

734 403 827 455 mittit.
840 407 918 457 Unde
928 407 1043 474 quilibet
1054 408 1188 470 subditus,
1200 419 1250 460 voto

734 474 894 528 obedientiae
910 478 1041 543 superiori
1063 479 1198 539 astrictus,
1209 480 1251 530 hu-

735 543 834 594 militer
854 547 934 597 habet
954 548 1043 598 dicere
1061 563 1113 598 suo
1135 550 1251 614 praelato:

734 615 836 678 Pater,
861 618 888 666 iu
912 633 1006 668 manus
1029 626 1091 669 tuas
1114 621 1253 672 commendo

735 687 858 752 spiritum
879 704 972 742 meum.
993 692 1034 742 llli
1055 708 1119 759 ergo
1139 692 1254 759 religiosi,

735 757 781 822 qui
794 775 934 826 nunquam
949 763 1130 828 deposuerunt
1143 764 1255 832 spiritum

735 843 824 889 suum,
839 831 880 880 vel
902 841 961 882 ante
982 835 1205 886 resurrectionem
1219 850 1255 885 rc·

735 910 856 959 sumunt,
881 913 944 966 puta
971 903 1018 969 qui
1032 905 1194 959 ‚secundum
1214 921 1255 956 vo-

735 970 865 1021 luntatem
894 989 971 1022 suam
1000 974 1086 1025 facere
1107 986 1135 1026 et
1159 991 1257 1027 sensum

735 1058 814 1093 suum
830 1046 906 1110 sequi
921 1047 1023 1107 volunt,
1039 1049 1179 1099 mendaces
1194 1060 1257 1107 sunt,

735 1123 761 1162 et
787 1117 1007 1167 resurrectionem
1035 1119 1216 1183 proeveniunt,
1236 1131 1258 1169 ct

736 1183 796 1233 ideo
820 1185 970 1238 antichristi
993 1199 1064 1238 sunt.
1085 1217 1116 1226 -
1137 1190 1258 1250 Quartum

736 1258 927 1309 documentum
951 1271 1000 1319 est,
1016 1262 1090 1327 quod
1112 1263 1190 1313 valde
1203 1262 1260 1313 utile

737 1339 762 1379 et
782 1330 886 1381 salubre
911 1343 951 1382 est
977 1335 1064 1398 legere
1092 1333 1155 1384 illos
1178 1334 1260 1384 decem

736 1402 869 1466 psalmos,
893 1419 962 1469 quos
984 1403 1110 1454 Christus
1132 1404 1216 1456 orarit
1236 1405 1261 1454 in

736 1487 824 1531 cruce,
839 1474 902 1538 quia
916 1473 984 1522 nulli
999 1473 1115 1523 dubium
1134 1474 1202 1541 quin
1218 1473 1261 1524 dc·
1305 1484 1308 1489 '

736 1543 853 1593 votionis
867 1542 990 1594 effectum
1007 1544 1107 1609 legenti
1133 1560 1180 1596 eos
1201 1560 1261 1594 con-

737 1614 823 1665 ferant
842 1615 996 1666 salutarem.
1022 1615 1058 1665 Et
1079 1615 1181 1667 dicitur
1197 1616 1261 1682 quod

737 1685 886 1750 specialiter
907 1688 1010 1738 valeant
1034 1688 1065 1737 ad
1091 1687 1262 1754 expiationem

737 1758 958 1824 negligentiarum
985 1760 1014 1810 in
1037 1759 1113 1811 horis
1135 1761 1263 1812 canonicis

739 1830 904 1896 negligenter
920 1832 1007 1882 dictis.
1024 1861 1053 1870 -
1071 1832 1207 1892 Quintum
1221 1833 1264 1882 do-

737 1913 896 1952 cumentum
914 1913 954 1954 est
974 1904 1046 1970 quod
1070 1914 1265 1972 quantumcun-

738 1989 790 2039 que
805 1974 888 2039 aliqui
903 1974 958 2023 sint
971 1975 1034 2038 justi
1051 1985 1078 2025 et
1096 1975 1192 2036 sancti,
1207 1990 1266 2025 nun·

738 2059 820 2110 quam
836 2055 925 2094 tamen
948 2060 976 2094 se
1000 2055 1095 2111 putent
1107 2060 1216 2096 securos
1237 2045 1265 2094 de

737 2115 854 2174 diabolo,
870 2130 931 2165 cum
949 2116 1005 2180 ipse
1023 2132 1072 2166 nec
1088 2116 1227 2168 Christum
1240 2116 1265 2165 in

738 2201 815 2236 cruce
837 2186 979 2246 dimiserit,
1000 2186 1066 2252 quin
1088 2195 1154 2237 eum·
1177 2187 1265 2255 obser-

736 2267 817 2309 varet.
834 2258 905 2318 Quid
921 2274 984 2323 ergo
1006 2274 1172 2324 praesumere
1193 2269 1266 2326 pote-

738 2329 772 2378 rit
792 2329 876 2378 homo
902 2328 984 2378 miser
1003 2339 1029 2379 et
1051 2328 1175 2395 fragilis?
1194 2328 1267 2379 Certe

738 2400 771 2449 de
786 2399 861 2448 nullo
875 2398 928 2448 nisi
945 2400 1034 2448 solum
1049 2400 1083 2448 de
1097 2404 1186 2450 morte
1199 2398 1268 2450 Chri·

738 2471 781 2521 sti.
797 2471 876 2520 Unde
892 2471 1086 2535 Augustinus:
1102 2488 1116 2517 u
1131 2471 1200 2522 Tota
1212 2484 1267 2536 spes

738 2558 798 2592 mea
812 2551 852 2592 est
866 2542 895 2591 in
906 2553 992 2591 morte
1002 2541 1113 2591 Domini
1127 2540 1190 2592 mei.
1200 2543 1267 2592 Mors

738 2615 804 2679 ejus,
820 2624 860 2663 est
883 2613 1009 2662 meritum
1032 2627 1135 2673 meum,
1157 2621 1184 2663 et
1198 2612 1267 2663 reiu-

738 2685 813 2749 gium
838 2699 945 2741 meum,
972 2683 1058 2742 salus,
1085 2683 1159 2744 vita,
1181 2693 1208 2734 et
1229 2697 1267 2732 re·

738 2753 869 2804 surrectio
884 2768 952 2804 mea.
971 2753 1031 2803 Non
1049 2769 1164 2819 possum
1180 2752 1267 2805 terreri

738 2825 910 2875 multitudine
921 2835 1091 2890 peccatorum
1101 2840 1234 2884 meorum,
1246 2822 1267 2874 si

738 2911 812 2946 mors
835 2895 944 2944 Domini
968 2895 997 2944 in
1019 2905 1139 2946 mentem
1162 2894 1267 2953 venerit,

738 2966 802 3033 quia
816 2975 920 3031 peccata
935 2980 993 3016 mea
1006 2963 1081 3014 illam
1098 2964 1204 3016 vincere
1217 2980 1268 3014 nou

739 3046 861 3103 possunt.
889 3056 901 3082 u
930 3065 960 3074 -
983 3035 1269 3091 Sextumdocumen-

739 3119 798 3158 tum
820 3116 868 3166 est,
891 3107 964 3171 quod
986 3123 1035 3156 nos
1057 3106 1178 3156 multum
1198 3116 1269 3156 tene-

739 3194 800 3229 mur
819 3192 908 3227 amare
923 3176 1075 3236 Christum,
1096 3175 1144 3242 qui
1162 3191 1210 3242 pro
1224 3190 1270 3224 no-

739 3251 781 3301 bis
803 3250 922 3299 animam
942 3263 1018 3299 suam
1038 3248 1140 3314 posuit,
1155 3259 1181 3298 et
1195 3257 1270 3313 caput

738 3339 819 3374 suum
839 3324 872 3372 ad
898 3337 947 3372 nos
970 3321 998 3370 in
1022 3331 1110 3372 morte
1125 3318 1270 3370 inclinavit.

739 3396 817 3446 Unde
830 3395 902 3444 idem
918 3395 1089 3461 Augustinus
1111 3411 1120 3444 .·
1143 3411 1158 3441 u
1181 3394 1270 3443 Salva-

739 3477 781 3518 tor
798 3477 888 3518 noster
901 3477 979 3534 caput
995 3483 1076 3517 suum
1091 3465 1229 3517 inclinavit
1244 3465 1271 3514 in

741 3551 835 3605 morte,
850 3551 880 3591 ut
895 3540 987 3591 oscula
1000 3539 1075 3590 daret
1088 3539 1194 3591 dilectis
1208 3538 1271 3589 suis.

741 3613 774 3661 Et
789 3626 839 3661 nos
852 3612 931 3660 toties
948 3609 1096 3659 Dominum
1110 3611 1273 3666 osculamur,

741 3681 847 3748 quoties
871 3681 899 3731 in
921 3680 977 3744 eius
996 3694 1087 3730 amore
1111 3677 1274 3746 compungi-

742 3771 813 3807 mur.
834 3776 847 3803 »
864 3785 895 3792 -
912 3755 1062 3820 Septimum
1079 3755 1273 3805 documentum

742 3838 792 3888 est,
807 3828 880 3893 quod
895 3825 1009 3891 quilibet
1022 3824 1195 3875 Christianus
1212 3837 1274 3873 mo·

739 3899 812 3951 riens
829 3898 908 3948 debet
924 3896 969 3946 illa
982 3895 1106 3962 quinque
1121 3894 1275 3961 supradicta
