2626 4328
422 253 469 304 DE
486 247 668 303 MENDACLO
686 248 898 302 CUSTODUM.v

82 371 200 431 fudisti,
232 381 260 420 tu
297 368 461 434 discipulum
490 365 617 416 comitem

82 444 184 495 Christi
207 443 241 492 ab
264 443 415 507 apostolatu
440 436 617 505 praecipitasti,

82 516 232 567 tumilites
254 515 442 565 custodientesv
451 510 553 562 Christi
574 525 618 561 se.-

84 589 230 655 pulchrum
247 581 619 651 captivasti,!.Numquid'Be

84 678 118 714 ne
128 662 236 710 dictum
259 671 298 709 est
323 676 340 708 :s
357 656 483 709 Pecuniae
495 655 619 706 obediunt

83 732 202 786 omma?
218 733 275 782 haec
293 729 621 795 Rudanasstquatsm

84 807 142 858 cios
157 817 183 856 et
197 806 314 856 heredes.
323 803 417 854 Judaei
426 811 459 852 et.
468 801 577 852 milites„
590 798 618 851 in

83 880 144 929 hoc.
154 877 263 937 scelere,
278 875 359 927 etiam
374 873 454 939 apud.
463 886 581 938 magnos
593 878 619 921 et

38 998 42 1004 .
84 947 419 1016 potentesreliquerunt,
434 944 481 1010 qui
506 940 619 1010 pecunia

86 1028 304 1083 corrumpuntur¹
326 1025 352 1066 et
375 1023 620 1079 corrumpunt„ac

85 1105 135 1155 pro
170 1087 365 1152 temporalibus
401 1095 427 1137 et
456 1081 620 1135 transitoriis

84 1170 191 1226 agentes
216 1159 319 1225 inique,
344 1158 456 1210 credunt
475 1152 620 1206 nihilomi-

86 1247 148 1291 nus,
173 1231 221 1281 sed
249 1245 343 1289 vane„
358 1228 440 1294 quod.
461 1227 506 1277 sic.
523 1224 619 1276 animae

86 1319 180 1352 eorum
202 1302 373 1367 requiescant
392 1299 419 1348 in
434 1311 502 1364 pace.
513 1306 544 1346 etv
558 1311 620 1361 par„-

87 1383 141 1424 tem
155 1372 271 1423 habeant
285 1386 347 1422 cum
361 1367 468 1419 Christo
484 1366 513 1418 iii
528 1380 619 1416 resur-

88 1443 216 1495 rectione.

118 1515 252 1578 qRunoa
272 1525 377 1561 nannai
400 1525 432 1560 na
454 1513 620 1558 'susam-rone

87 1600 215 1636 CORPORIS
235 1584 345 1633 Cnnrsrr
361 1597 432 1630 arun
448 1581 555 1630 Junnos
578 1594 620 1628 ur-

86 1674 222 1709 vanasmr.
236 1686 266 1694 -
279 1655 411 1707 Custodes
426 1669 488 1704 vero
511 1657 620 1719 accepta

85 1731 200 1796 pecunia
230 1725 373 1792 corrupti,
395 1725 523 1791 fecerunt
552 1723 622 1773 siem

87 1806 175 1851 erent·
193 1798 288 1848 edocti
305 1806 331 1847 et
358 1795 495 1845 dixerunt·
507 1810 523 1845 :.
534 1791 621 1843 Nobis

88 1869 289 1932 dormientibus,
307 1866 410 1934 sinoti¹
420 1871 481 1916 sunt
495 1861 622 1929 discipuli

88 1945 154 1994 J‘esu
176 1957 274 2007 corpus
296 1942 355 2008 ejus
364 1959 374 2005 ‚-
398 1939 444 1989 sed
457 1937 567 1988 mentita
582 1941 623 1986 est

89 2015 217 2079 iniquitas
239 2012 300 2074 sibi,
323 2021 349 2062 et
369 2010 493 2074 avaritia3
513 2008 582 2059 si'cut
596 2016 622 2057 et

88 2083 191 2134 Christi
220 2082 389 2148 discipulus,
419 2090 483 2130 sunt
508 2077 620 2144 decepti.

88 2159 153 2207 Haec
176 2167 265 2206 autern
294 2155 404 2214 irrisio,
431 2152 499 2203 heu!
528 2151 629 2201 multis,

88 2231 171 2280 hodie
200 2229 325 2293 congruit
355 2227 459 2294 pigris,
486 2226 529 2276 illa
553 2226 622 2275 hora

87 2301 236 2351 Dominicae
261 2297 474 2349 Resurrectionis
488 2297 622 2362 torpenti-

89 2373 151 2423 bns.
166 2371 243 2424 Unde
257 2370 567 2422 PetrusDamianuseas
577 2368 632 2421 Cae·
654 2382 662 2421 ’.

89 2441 207 2492 rendum
230 2451 277 2491 est·
291 2450 381 2491 autem
399 2436 630 2503 nessomnoquiss

89 2513 132 2563 vel
144 2512 176 2561 ad
190 2525 362 2562 momentum
376 2509 633 2576 quidem,.in-corn.--

90 2581 245 2648 petentibus
262 2581 349 2632 horis.
362 2579 504 2639 aasentias,
521 2587 554 2630 et.
564 2592 629 2628 ma-

90 2655 164 2705 xime
183 2655 263 2720 juxta
274 2655 441 2716 diluculum,;
459 2650 633 2717 unquentim

91 2726 189 2776 delicet
217 2734 341 2790 tempore
365 2724 484 2790 gravius
493 2721 634 2775 incumbis

1151 248 1205 320 693.

671 380 769 425 errore,
797 365 870 414 unde
899 364 1069 430 divulgatum
1093 371 1149 429 est,
1179 378 1205 417 et

673 436 772 486 mansit
785 437 893 486 uerbum
908 436 994 500 iilud,
1007 437 1109 487 scilicet
1131 440 1204 504 quod

672 507 797 559 Christus
822 507 929 559 furatus
946 504 1060 564 fuisset..
1072 524 1126 557 non
1149 525 1206 560 sur»

672 578 784 630 rexisset
801 618 817 643 „
837 591 973 647 tanquam
990 597 1082 632 verum
1095 619 1112 644 ,¹
1129 583 1205 649 quod

672 660 762 702 tamen
790 662 866 703 erant
896 653 1016 715 saltum,
1048 655 1129 720 apud:
1151 655 1205 704 lit-s

671 723 746 773 daeos
767 738 849 792 usque
863 726 995 782 moduet
1008 725 1035 774 in
1050 725 1207 777 hodiernum

672 795 749 858 diem
770 805 802 844 et2
820 810 909 862 usque
933 794 1014 845 hodie
1040 811 1121 845 suum
1145 801 1205 847 non

672 864 764 914 vident
798 866 847 916 vel'
881 865 1037 933 intelligunt
1077 881 1205 916 errorem.

672 937 749 987 Unde
775 938 907 989 Rabanus
929 955 938 988 .·
966 957 977 983 a
1008 938 1089 988 Error
1121 936 1206 1004 empti

672 1008 876 1074 mendacii„per
896 1007 970 1073 quod
992 1007 1208 1058 Resurmctionis

672 1079 975 1146 denegantveritatem,
1003 1088 1152 1144 perseverat
1178 1078 1207 1129 i'n

672 1149 787 1211 iudaeis,
807 1165 842 1200 ne
862 1149 890 1199 in
917 1148 1057 1200 Christum
1083 1149 1204 1212 credant}
1285 1207 1287 1210 Α

673 1229 698 1271 et
712 1231 786 1272 reatu
799 1236 849 1272 eos
859 1219 1021 1289 constringit
1035 1231 1173 1287 perpetuo.
1193 1240 1207 1270 u

672 1293 836 1359 Ad'tempus
851 1303 940 1343 autem
956 1292 1128 1343 mendacium
1142 1307 1208 1360 praee

672 1371 1023 1438 valuirsednonsemper.

705 1444 728 1496 5(
743 1445 1012 1508 ulimmerianum.
1030 1445 1153 1506 Douruo,
1174 1459 1209 1495 ar

672 1535 735 1570 nair.
750 1520 961 1571 summanum?
975 1547 1007 1557 -
1021 1517 1097 1568 Nam.
1116 1525 1210 1568 cantra

672 1588 766 1642 rictum
777 1588 949 1641 mendacium
971 1587 1143 1649 iudeorum,
1160 1601 1209 1639 re·
1247 1642 1252 1651 ,

673 1660 758 1729 fulget
772 1659 864 1712 efficax
884 1668 910 1709 et
930 1657 1112 1725 irrefragabile
1130 1656 1209 1709 tasti-

674 1729 799 1782 monium
809 1728 1010 1795 resurgentium
1020 1737 1191 1777 mortuorum
1201 1743 1208 1775 :

674 1802 739 1868 quia
755 1801 843 1853 multa
855 1814 980 1866 corpora·
988 1801 1152 1853 Sanctorum
1164 1799 1210 1867 qui

674 1874 846 1927 dormierant
863 1888 960 1924 somno
984 1872 1097 1931 mortis,
1113 1876 1211 1921 suri-e-

673 1952 774 1999 xerunt
798 1951 869 2011 posti
888 1945 1122 1997 Resurrectionem
1143 1941 1209 2011 ejus,

674 2029 802 2086 tanquam
813 2027 893 2069 testes
907 2033 963 2069 suae
982 2015 1208 2074 Resurrectioni's‚

674 2097 699 2140 et
709 2096 837 2140 exeuntes
851 2088 883 2138 de
899 2087 1073 2138 monumentis
1083 2091 1211 2135 venerunt

655 2202 660 2215 i
675 2163 702 2215 in
711 2168 831 2212 sanctam
840 2160 974 2210 civitatem
984 2160 1140 2216 Jerusalem,
1149 2173 1210 2223 quae

656 2228 774 2290 'dicitur
801 2242 916 2282 sancta:
937 2241 1045 2296 propter
1072 2228 1206 2293 templum

674 2305 767 2354 divino
781 2302 865 2354 cultui
881 2301 1049 2366 deputatum,
1064 2308 1091 2348 et
1101 2306 1210 2363 propter

675 2387 773 2429 saneta
794 2385 973 2436 sanctorum,¹
992 2383 1020 2425 et
1047 2371 1088 2421 ob
1109 2369 1210 2439 distin-

675 2442 1058 2502 etunematiammurhtum,
1070 2439 1213 2506 iniquibus

657 2516 936 2577 :idirla-:eolebantur3
956 2513 998 2565 vel
1025 2528 1081 2578 pro·
1096 2511 1212 2577 antiqua

655 2620 659 2639 ι.
677 2591 808 2650 nomine„
825 2587 1034 2640 millarinam-1
1050 2584 1213 2651 publicanus

658 2663 843 2725 adicitunretr
852 2656 1161 2726 repraesentamus„
1176 2663 1214 2706 ta.

661 2759 665 2779 =
678 2730 1084 2789 stifieameetdecilesnrrectione
1094 2725 1213 2784 hominii

92 2796 202 2855 accidia,
224 2795 362 2846 canonicis
380 2793 625 2847 nosinveaietoc-
660 2807 785 2864 ,acirim
806 2803 913 2857 idoneis
938 2801 978 2854 ads
1006 2797 1213 2852 deaurationem

91 2864 204 2933 eupatos
227 2866 340 2917 officiis.»
364 2865 635 2918 narranaam

91 2950 156 2990 tunc
174 2955 270 3004 sopore
280 2940 321 2989 vel
335 2939 445 3005 ignaviae
457 2939 564 2998 taedere,
573 2954 627 3004 qua

92 3012 216 3063 videlicet
239 3012 307 3061 hora
329 3020 434 3061 constat
462 3011 627 3076 Redempto-

92 3099 149 3133 rem
181 3092 328 3142 nostrum,
361 3082 495 3131 destructo
532 3081 627 3130 mortis

93 3153 218 3218 imperio,
232 3153 395 3216 surrexisse;
411 3168 444 3202 ne
455 3153 478 3202 si
493 3161 557 3202 tunc
571 3153 629 3202 dor·

77 3227 222 3287 ‘miamus,
246 3236 347 3292 quanto
370 3226 473 3276 oriente
495 3226 551 3276 sole
567 3242 628 3276 cor-

94 3312 188 3362 poree,
206 3298 286 3347 etiam
308 3297 422 3348 interior
438 3307 528 3348 noster
546 3297 629 3346 horno

92 3368 182 3417 lucem
203 3368 298 3418 debeat
312 3368 482 3418 inocciduam
499 3377 631 3433 exspectes

93 3456 132 3500 re,
162 3441 234 3506 quod
267 3441 351 3501 absit,
378 3450 408 3491 ut
432 3441 522 3491 irrisio
550 3441 637 3491 nobis

93 3511 217 3562 videatur
231 3512 277 3562 illa
292 3527 439 3576 congruere
461 3528 468 3561 ι
494 3511 631 3578 Discipuli

94 3582 154 3648 ejus
169 3588 244 3631 nocte
259 3587 392 3644 venerunt,
408 3587 441 3645 et,
465 3581 541 3632 nobis
563 3583 630 3631 dor·

94 3653 247 3715 mentibus,
260 3653 353 3719 furati
367 3658 429 3702 sunt
442 3667 501 3703 eum
520 3669 530 3702 .·
545 3671 558 3701 n
573 3652 630 3703 haec

95 3728 199 3778 Petrus
230 3727 391 3778 Damianus.
428 3725 501 3776 Istud
540 3735 630 3777 autern

96 3798 269 3848 mendacium
296 3796 415 3847 militum
448 3795 533 3846 Judaei
556 3811 631 3847 eme-

97 3877 163 3919 runt
181 3883 248 3931 care,
265 3867 338 3933 quod
357 3867 445 3917 adhuc
460 3881 505 3917 eos
517 3875 590 3917 tenet
601 3867 630 3917 in

657 2894 665 2922 -r
679 2874 904 2930 assurrectione,
918 2866 1146 2928 Dominieaerhisc
1159 2864 1214 2919 sci.-

679 2951 742 2999 licet
755 2948 802 3014 qui
814 2947 905 2997 videre
918 2949 1215 2999 meruerunt,.etrmsun

680 3031 787 3087 gentem
800 3024 991 3081 susceperunt3
1004 3012 1050 3062 sed
1062 3027 1117 3060 non
1128 3008 1216 3059 omni-

681 3094 741 3152 bus,
774 3090 839 3156 quia
873 3103 926 3137 non
955 3094 1012 3136 erat
1051 3079 1211 3133 resurrectio

682 3160 821 3228 generalis,
843 3172 903 3224 quae
925 3153 1065 3221 apparebit
1085 3151 1215 3202 omnibus

681 3244 708 3283 et
725 3231 804 3281 bonis
816 3237 843 3279 et
859 3226 947 3277 malis.
961 3226 994 3276 Et
1014 3224 1065 3274 hoc
1086 3220 1215 3272 divinitus

681 3306 782 3356 factum
797 3311 837 3352 est
846 3309 938 3350 contra
948 3298 1056 3349 Judaeos
1068 3306 1094 3346 et
1103 3293 1215 3356 milites

660 3361 667 3430 i
682 3377 720 3429 i'm
751 3371 940 3424 testimonium
978 3368 1051 3434 quod
1091 3365 1217 3416 Christus

663 3447 665 3451 ⁴
682 3445 817 3498 Dominus
822 3441 954 3511 primitia·
960 3437 1147 3489 dormientium
1155 3450 1216 3486 vere

682 3514 828 3567 resurrexit
840 3529 855 3563 a
866 3508 1070 3561 mortuis.Unde
1083 3507 1217 3572 Chryses·

684 3593 770 3637 tomus
786 3603 793 3635 :
809 3602 823 3631 n
838 3583 936 3647 Aperta
948 3588 1012 3630 sunt
1032 3585 1217 3634 monumenta,

684 3670 710 3711 et
731 3664 936 3709 resurrexerunt
950 3652 1061 3712 mortui,
1084 3660 1110 3701 et
1131 3650 1217 3699 intra·

683 3740 780 3785 verunt
804 3731 833 3780 in
856 3737 979 3778 sanctam
1011 3724 1173 3783 Civitatem
1187 3728 1218 3770 ut

685 3800 897 3854 inexcusabilem
932 3796 1115 3862 relinquerent
1148 3805 1217 3849 eam,

684 3885 710 3926 et
724 3872 834 3925 Domini
845 3867 1014 3922 Resurrectio
1026 3865 1193 3916 firmaretur:
1203 3878 1217 3906 n
