2626 4328
131 283 187 347 584

131 396 200 446 latus
228 395 265 446 ibi
297 397 475 448 audiebantur
508 388 543 448 eb
572 396 667 448 amicis

131 467 205 518 suis!
230 468 308 528 Quod
343 480 433 520 sutem
458 469 575 520 loannes
599 468 667 519 dixit

123 539 212 604 juxta
230 553 343 603 crucem,
368 539 460 589 etalii
488 540 666 606 Evangelistae

130 611 226 662 dicunt
250 626 268 662 a
294 611 374 679 longe
401 611 529 662 mulieres
548 612 664 673 stetisse,

130 685 336 750 intelligendum
361 695 411 742 est,
433 686 581 735 secundum
603 687 664 736 Au-

130 755 277 819 gustinum‚
298 755 373 820 quod
391 770 422 805 eo
437 755 576 806 intervallo
591 765 665 805 erant
694 764 697 775 '

131 834 160 874 ut
174 841 181 874 :
194 833 220 874 et
235 825 324 890 juxta
350 825 402 875 dici
421 836 541 891 possent,
556 824 621 890 quia
634 825 664 875 in

129 905 272 959 conspectu
295 896 353 960 ejus
377 907 475 961 praesto
499 897 617 955 aderant,
638 906 664 947 et

129 965 168 1015 sic
181 980 265 1031 prope
274 967 346 1031 quod
362 967 443 1017 verba
453 966 556 1018 Christi
571 966 664 1017 audire

130 1047 261 1102 poterant3
287 1048 314 1088 et
331 1053 350 1088 a
369 1039 450 1106 longe
473 1039 502 1089 in
530 1054 664 1105 compara-

128 1107 202 1158 tione
237 1109 324 1159 turbae
356 1109 581 1175 comprimentis,
605 1126 665 1175 pro-

128 1179 259 1246 pinquius
286 1180 502 1244 circumstantis,
519 1197 582 1232 cum
596 1182 664 1232 Cen·

129 1253 234 1304 turione
259 1264 286 1305 et
319 1254 462 1305 militibus.
488 1255 561 1315 Vel,
589 1264 664 1305 erant

130 1327 229 1393 longe,
266 1338 388 1394 respectu
420 1328 539 1379 militum
588 1329 665 1379 Chri-

127 1408 200 1449 stum
228 1401 443 1468 crucifigentium
463 1412 489 1451 et
514 1401 664 1452 custodien-

128 1469 217 1531 tium,
244 1472 291 1520 sed
318 1485 403 1536 prope
440 1481 561 1536 respectu
600 1471 664 1521 ulio·

128 1555 189 1590 rum
202 1541 350 1590 astantium
365 1551 391 1590 et
406 1540 609 1607 aspicientium,
624 1542 663 1592 sic

128 1628 192 1676 ergo
212 1623 326 1678 possunt
342 1613 395 1662 dici
420 1614 501 1679 longe
530 1625 556 1664 et
580 1629 663 1679 prope

127 1684 250 1744 stetisse,
275 1684 389 1735 diversis
410 1685 586 1751 respectibus.
600 1687 662 1749 Vel,

128 1754 217 1820 primo
243 1767 318 1807 erant
353 1773 437 1823 prope
475 1773 607 1819 crucem,
637 1769 663 1809 et

129 1836 190 1892 post
210 1830 471 1880 commendationem
487 1830 579 1881 Matris
593 1831 663 1882 sbie

127 1911 210 1963 runt,
237 1911 269 1951 ut
294 1917 309 1952 a
339 1903 469 1953 densitate
511 1905 596 1955 turbae
634 1920 663 1954 se

126 1980 250 2021 eruerent
271 1980 298 2022 et
319 1983 404 2022 cetera
428 1989 489 2040 quae
506 1974 573 2025 facta
599 1985 663 2025 sunt

125 2041 235 2108 longius
247 2042 425 2101 intuerentur,
436 2054 467 2094 ut
477 2045 662 2112 Evangelistre,

126 2115 174 2181 qui
195 2125 385 2181 postmortem
400 2117 510 2168 Domini
526 2134 570 2169 eas
585 2134 662 2169 cont-

126 2199 361 2250 memoraverunt,
390 2199 417 2240 et
445 2191 526 2257 longe
561 2200 662 2242 stantes

125 2271 376 2311 commemorarent.
393 2260 471 2320 Quod
492 2270 582 2311 autem
597 2278 661 2312 mu-

124 2328 204 2380 lieres
217 2331 326 2381 stabant
337 2331 426 2397 juxta
446 2347 560 2396 cruam,
578 2332 662 2383 disci-

124 2400 196 2464 pulis
220 2399 395 2466 fugientibus,
422 2403 593 2454 commendat
613 2404 662 2453 de-

124 2480 215 2519 votam
234 2472 410 2522 constantiam
435 2472 464 2521 in
489 2473 660 2524 mulieribus.

125 2540 203 2589 Unde
227 2541 439 2607 chrysostomus
463 2561 472 2594 .·
499 2563 513 2590 a
534 2545 660 2596 Mulieres

123 2610 264 2660 astiterunt
282 2613 364 2675 cruci,
385 2613 551 2679 fugientibus
575 2615 660 2666 disci-

124 2679 205 2745 pulis,
219 2690 245 2729 et
259 2682 331 2746 quod
343 2682 505 2734 imbecillius
515 2700 600 2751 genus
609 2696 659 2746 est,

122 2751 229 2802 virilius
250 2763 316 2802 tunc
339 2754 476 2818 apparuit;
506 2770 569 2820 ergo
591 2756 660 2807 sicut

124 2837 171 2872 nec
193 2838 208 2872 a
232 2824 332 2883 salute,
356 2824 392 2874 ita
418 2840 502 2875 neca
530 2827 659 2891 mysterio

124 2894 221 2954 crucis,
238 2909 319 2946 neca
341 2895 454 2946 scientia
472 2897 659 2946 Resurrectio-

123 2965 166 3015 nis
182 2967 361 3017 excluduntur
376 2976 403 3016 et
418 2967 587 3032 repelluntur
601 2985 659 3018 mu-

124 3036 212 3088 lieres.
229 3058 244 3086 o
256 3039 289 3089 Et
310 3049 381 3099 nota,
396 3040 469 3106 quod
485 3040 559 3090 beata
576 3040 659 3108 Virgo

123 3124 177 3159 non
192 3111 265 3161 stetit
275 3112 326 3162 sub
337 3128 424 3173 cruce,
438 3113 470 3162 ad
482 3114 658 3180 Aquilonem,

124 3190 155 3228 ut
175 3180 286 3246 quidam
309 3181 472 3242 fabulantur,
497 3192 524 3233 et
547 3183 616 3233 sicut
630 3184 659 3234 in

124 3251 236 3314 picturis
249 3253 362 3317 ponitur
368 3248 381 3316 ;'
391 3255 437 3304 sed
455 3266 547 3305 contra
564 3255 660 3306 faciem

124 3321 186 3370 Filii
202 3324 254 3383 sui,
268 3323 301 3373 ad
320 3324 496 3376 Occidentem
510 3325 677 3393 aliquantu·'

124 3391 193 3451 lum,
209 3393 347 3444 declinans
364 3405 454 3445 tamen
468 3396 501 3445 ad
518 3399 658 3447 Austrum.

126 3463 290 3513 Monstratur
302 3465 375 3514 enirn
386 3466 459 3529 juxta
471 3477 591 3517 montem
604 3466 661 3517 eat-

123 3533 202 3583 variae
224 3535 336 3599 quidem
360 3536 443 3600 locus,
466 3547 492 3587 et
505 3552 521 3587 a
534 3537 660 3588 fidelibus

123 3614 273 3668 veneratur,
288 3606 336 3655 ubi
360 3606 419 3671 ipsa
436 3623 498 3657 cum
514 3608 575 3658 aliis
597 3624 660 3658 mu·

123 3675 235 3726 lienibus
254 3677 327 3741 juxtn
345 3693 450 3728 crucem
468 3680 530 3730 Filii
550 3681 592 3731 sui
609 3690 661 3731 sto·

124 3746 166 3806 tit,
188 3748 297 3812 plorans
318 3758 344 3798 et
360 3748 508 3800 lamentans
527 3766 608 3816 eum3
632 3750 660 3800 in

123 3833 178 3883 quo
203 3818 263 3868 loco
282 3828 322 3868 est
336 3833 391 3868 una
413 3821 513 3885 capella
527 3832 601 3873 extra
613 3836 660 3872 ec-

124 3890 233 3940 clesiam
251 3891 342 3941 Sancti
358 3892 511 3957 Sepulchri,
526 3894 572 3944 sed
592 3909 660 3944 con-

405 284 579 335 SECUNDAE
598 281 723 333 PARTlS
743 285 867 338 CAPUT
882 286 971 337 LXlll.

715 398 804 463 juncta
818 417 897 452 muro
910 402 1029 467 ejusdem
1043 400 1172 453 ecclesie.

748 472 782 522 26
807 475 893 526 lurra
915 491 1018 526 cnucsrt
1039 491 1073 525 nr
1098 491 1149 526 tros
1168 491 1254 527 nrm

716 559 843 596 usserius.
859 575 889 586 -
905 548 951 597 Sta
971 557 998 596 et
1012 555 1040 596 tu
1055 546 1130 611 iuxta
1145 562 1254 598 crucem

716 632 779 667 cnm
802 633 847 679 ea,
873 630 900 669 et
931 620 1079 668 lamentare
1103 618 1254 671 Dominum

715 704 765 754 pro
790 699 816 739 te
836 702 983 741 mortuum.
1000 690 1080 741 Juxta
1096 704 1204 741 crucem
1218 692 1255 742 li-

716 761 810 812 benter
840 762 970 812 debemus
996 772 1078 821 stare,
1110 772 1137 812 et
1163 763 1256 829 potius

716 844 807 882 mente
821 848 903 900 quam
916 848 1035 898 corpore,
1051 832 1179 884 habendo
1194 849 1254 885 me·

718 902 832 953 moriam
852 903 1007 964 salvatoris,
1028 903 1177 954 secundum
1198 914 1256 957 sll-

716 987 776 1027 tum
800 977 828 1027 in
855 992 910 1041 quo
937 976 989 1027 fuit
1010 976 1037 1026 in
1063 991 1151 1027 cruce.
1173 976 1255 1028 utitis

717 1047 790 1098 enim
819 1048 895 1097 valde
929 1059 970 1098 est
1003 1046 1083 1097 nobis
1122 1047 1256 1099 muneris

716 1117 786 1168 talis.
807 1118 847 1167 lbi
871 1128 911 1168 est
932 1118 1012 1168 nobis
1036 1117 1173 1183 refugium
1194 1133 1255 1169 con·

716 1199 757 1239 tra
789 1190 857 1238 mals
889 1190 990 1254 culpae,
1026 1199 1054 1239 et
1084 1187 1254 1255 refrigerium

715 1272 807 1312 contra
827 1263 897 1312 mala
921 1277 1020 1328 poenae;
1048 1261 1085 1312 ibi
1112 1262 1254 1314 erudimur

716 1332 785 1382 circa
807 1333 877 1382 bona
906 1333 1010 1398 gratiae,
1039 1331 1077 1381 ibi
1101 1332 1255 1384 ostenditur

716 1404 796 1454 nobis
815 1405 857 1454 via
875 1405 908 1453 ad
928 1405 997 1453 bona
1012 1403 1115 1469 gloriae.
1137 1404 1216 1454 Bona
1229 1414 1255 1455 et

715 1475 901 1526 desiderabilis
928 1486 968 1526 est
995 1477 1094 1525 umbra
1120 1476 1173 1526 sub
1207 1476 1256 1527 alis

715 1547 787 1605 Jesu,
805 1546 850 1595 ubi
867 1556 954 1596 tutum
969 1556 1010 1596 est
1023 1544 1195 1612 fugientibus
1211 1562 1255 1597 re-

715 1617 831 1682 fugium,
848 1628 953 1682 gratum
978 1616 1056 1666 fessis
1076 1616 1254 1683 refrigerium.

716 1689 777 1739 Una
805 1688 846 1737 ala
870 1697 957 1753 potest
980 1687 1095 1752 intelligi
1123 1688 1255 1753 protectio

715 1759 744 1808 in
768 1758 961 1824 prosperitate,
990 1758 1042 1808 alia
1067 1758 1199 1823 protectio
1225 1758 1252 1809 is

715 1827 888 1890 adversitate;
914 1844 968 1878 una
988 1829 1029 1878 ala
1054 1828 1137 1878 etiam
1160 1838 1254 1880 contra

715 1899 785 1947 mala
797 1898 890 1963 culpae,
904 1899 955 1948 alia
967 1908 1060 1948 contra
1074 1899 1145 1949 mala
1157 1914 1252 1966 portu.

715 1971 794 2022 Unde
808 1971 976 2035 Bernartius,
992 1969 1043 2020 hec
1064 1971 1197 2022 memoria
1210 1972 1255 2023 sb·

715 2051 832 2107 sorptus,
856 2041 893 2091 ait
917 2059 924 2091 :
947 2042 1004 2093 «Ο
1030 2042 1157 2106 Domine,
1182 2059 1253 2110 quo·

715 2127 822 2178 cunque
845 2111 910 2173 iere,
934 2127 1041 2177 semper
1066 2122 1092 2162 te
1117 2112 1147 2162 in
1176 2128 1255 2164 cruce

714 2181 803 2232 video.
829 2200 842 2226 r
867 2180 1015 2231 Considera
1041 2197 1113 2232 nunc
1139 2182 1255 2247 qusbter

716 2254 773 2320 ipse
797 2264 837 2303 est
860 2255 1000 2313 exaltatus,
1017 2264 1098 2318 prout
1114 2254 1252 2319 prtedixe-

715 2336 755 2376 ret
771 2342 779 2375 ι
794 2325 873 2376 Sicut
887 2324 1004 2390 Moyses
1019 2324 1164 2388 exaltarit,
1179 2324 1256 2375 scili-

714 2407 756 2448 cet
775 2412 856 2462 super
878 2399 970 2462 palum
993 2402 1142 2460 serpentem
1158 2396 1189 2448 itt
1207 2397 1254 2447 dc·

715 2475 796 2529 serto,
812 2469 851 2517 ita
863 2467 994 2528 exaltari,
1008 2465 1109 2517 scilicet
1126 2466 1154 2515 in
1167 2480 1253 2527 cruce,

714 2546 819 2606 oportet
842 2539 944 2589 Filium
963 2536 1087 2588 hortinis.
1111 2536 1160 2587 llle
1178 2537 1253 2589 enin

714 2626 826 2676 serpens
841 2625 931 2660 teneus
945 2609 973 2658 in
994 2609 1100 2658 deserto
1123 2609 1256 2659 exslmtus

713 2681 800 2747 figura
813 2681 865 2730 fuit
879 2681 960 2743 hujus
980 2678 1159 2730 exalntionis.
1174 2680 1251 2731 Sicut

711 2752 786 2802 enim
796 2752 842 2801 ille
855 2750 987 2815 serpentis
996 2749 1108 2815 quidem
1121 2749 1257 2803 similitu..

712 2822 803 2871 dinem
813 2819 1071 2885 habebat‚serpentis
1080 2829 1172 2872 autem
1179 2834 1256 2872 vene

713 2910 781 2945 num
798 2909 854 2942 non
867 2894 990 2952 habebat,
1002 2892 1067 2958 quia
1080 2907 1174 2944 oenerm
1183 2902 1254 2959 erst;

713 2967 752 3018 sic
768 2965 895 3016 Christus
909 2979 969 3014 cum
982 2963 1082 3030 iniquis
1096 2964 1252 3029 deputam,

712 3049 740 3088 et
754 3037 825 3086 inter
849 3038 964 3085 latrones
985 3049 1146 3098 suspensus,
1160 3035 1251 3086 carnis

714 3107 812 3174 peccati
836 3107 948 3173 quidem
968 3104 1183 3155 similitudinem
1200 3104 1253 3155 hs-

713 3181 802 3240 bebat,
819 3190 955 3244 peccatum
970 3187 1059 3228 autem
1075 3176 1185 3227 nullum
1198 3176 1250 3226 lu-

714 3253 800 3302 bebat.
816 3252 852 3301 Et
874 3251 945 3301 sicut
965 3250 1013 3316 qui
1030 3249 1254 3300 mordebsnmrs

712 3324 894 3390 serpentibus,
917 3322 1087 3388 inspiciendo
1099 3330 1252 3388 serpentem

712 3397 742 3446 in
763 3396 824 3460 palo
840 3395 986 3444 exaltatum
1009 3393 1196 3458 sanabantur3
1214 3392 1252 3443 sic

712 3476 805 3517 contra
820 3481 941 3515 morsum
956 3475 983 3515 et
996 3463 1177 3514 tentationem
1193 3463 1253 3513 dis-

712 3536 768 3587 boli
785 3553 839 3586 non
850 3546 891 3586 est
900 3536 997 3586 melior
1011 3534 1158 3594 medicina,
1169 3547 1252 3600 qim

713 3609 743 3660 in
757 3624 834 3659 cruce
849 3624 897 3674 pro
917 3607 997 3657 nobis
1008 3621 1120 3672 pessum
1135 3604 1254 3671 espieere

713 3682 886 3732 Salva-torem
904 3680 932 3730 Si
947 3679 1021 3729 enim
1036 3686 1161 3743 aspectus
1176 3675 1253 3727 illius

714 3751 847 3817 serpentis
859 3749 926 3800 aenei
941 3747 1080 3798 salvavita
1094 3756 1184 3797 morte
1195 3759 1254 3796 cor-

713 3822 835 3888 porali,
833 3821 921 3871 multo
942 3818 1039 3868 fortius
1059 3816 1128 3868 fides
1150 3814 1254 3871 eluisti

716 3875 837 3944 crucifixi
857 3893 941 3943 salvat
963 3905 979 3940 a
998 3899 1086 3940 morte
1107 3885 1252 3954 spirituali.
