2626 4328
126 329 179 380 714

394 312 565 365 SECUNDAE
580 310 704 362 PARTlS
719 312 835 365 CAPUT
850 315 989 368 LXXVIII.

119 443 229 490 cesses,
264 429 312 480 ubi
348 445 458 496 semper
488 428 517 481 in
543 443 660 494 conspe·
710 428 836 492 titudine,
855 430 884 481 in
905 430 1031 482 laudibus
1050 432 1098 484 Dei
1117 447 1246 499 perseve-

59 512 63 520 ·
122 511 167 550 ctu
192 501 240 551 Dei
263 501 312 562 tui,
336 517 397 553 curn
415 511 469 551 tam
485 500 571 551 nobili
591 501 661 551 mul·
712 516 764 550 res.

613 722 750 773 ORATIO

150 917 174 968 Ο
203 918 281 966 Alme
307 916 359 967 Fili
383 916 432 967 Dei
458 917 554 981 Patris,
569 917 626 985 qui,
643 917 751 968 foribus
768 918 877 979 clausis,
893 918 1041 985 apparuisti
1055 918 1201 985 discipulis
1214 920 1244 970 in

118 1005 206 1039 unum
229 987 417 1054 congregatis,
437 989 557 1048 obstrue,
576 1004 677 1055 quaeso,
700 989 817 1039 claustra
840 1005 969 1040 sensuum
987 1000 1110 1039 meoru'm
1125 989 1245 1040 interio-

120 1075 181 1108 rum
196 1069 222 1110 et
236 1059 409 1120 exteriorum,
426 1070 520 1110 contra
536 1059 653 1125 pericula
667 1059 854 1110 tentationum
869 1071 962 1123 sancto
975 1059 1073 1110 timore
1087 1061 1244 1112 reverentiae

121 1140 187 1193 tuae;
206 1130 338 1181 mortifica
361 1131 390 1181 in
416 1131 455 1181 eis
477 1131 570 1182 omnia
587 1132 656 1183 mala
669 1147 731 1182 cum
746 1131 854 1181 vinculo
869 1142 922 1182 tuae
936 1132 1054 1182 caritatis
1069 1132 1201 1193 delicatae,
1217 1143 1244 1184 et

120 1202 245 1253 illumina
267 1219 313 1254 eos
334 1219 395 1254 cum
421 1204 527 1254 lumine
547 1203 687 1270 religionis
708 1203 816 1259 divina.
832 1213 863 1254 ut
887 1219 990 1254 merear
1004 1217 1049 1254 tua
1063 1205 1122 1254 laeta
1135 1205 1246 1255 visione

121 1274 270 1339 consolari3
284 1290 431 1340 pacemque
445 1274 560 1341 pectoris
576 1275 604 1325 in
620 1275 754 1341 praesenti,
769 1285 795 1326 et
810 1275 968 1325 aeternitatis
984 1275 1012 1325 in
1030 1275 1130 1335 futuro.
1148 1285 1175 1326 te
1192 1277 1247 1327 do-

121 1357 209 1408 nante,
220 1349 322 1398 valeam
333 1347 462 1408 invenire,
479 1348 526 1398 ubi
541 1364 603 1398 cum
612 1349 725 1415 Angelis
733 1363 763 1400 ac
777 1347 907 1399 omnibus
920 1348 1025 1398 Sanctis
1038 1359 1065 1398 et
1074 1348 1166 1399 electis
1180 1347 1247 1412 tuis,

121 1428 146 1468 te
160 1419 268 1470 laudare
284 1434 388 1470 merear
403 1419 463 1470 sine
477 1419 538 1472 fine.
554 1422 651 1472 Amen.

501 1905 667 1976 CAPUT
693 1881 880 1976 uxxv111

209 2208 394 2298 Quomodo
412 2206 585 2277 Dominus
607 2207 775 2300 apparuit
801 2207 987 2300 discipulis
1011 2208 1170 2289 inclusis,

164 2332 167 2336 “
520 2324 649 2393 Thomu
665 2333 850 2416 praesente.

542 2603 676 2666 loannis
698 2623 765 2686 cap.
784 2624 835 2666 20.

172 2887 181 2920 1
221 2869 297 2918 Novit
341 2880 415 2916 escis
459 2879 665 2924 corruentium,

131 2958 230 2993 rrauuu
259 2953 414 2990 arennaurs
438 2937 600 2989 Dort1uo.-
615 2938 666 2987 Ad-

129 3013 255 3063 veniente
272 3019 362 3062 autem
385 3019 478 3059 octavo
496 3007 540 3058 die
562 3008 665 3058 Resur-

132 3083 279 3141 rectionis‚
313 3081 412 3131 iterum
449 3078 573 3145 apparuit
608 3079 665 3129 Do-

132 3157 226 3207 minus
246 3157 325 3208 Jesus
350 3153 492 3219 discipulis
512 3152 582 3215 suis;
602 3167 664 3202 nam

132 3229 197 3294 quia
230 3244 286 3279 non
314 3225 435 3285 malitia,
463 3225 510 3276 sed
534 3224 665 3290 ignoran-

132 3302 170 3350 tia
213 3301 336 3351 Thomas
376 3297 537 3358 dubitavit‚
577 3297 665 3348 noluit

131 3373 194 3438 pius
220 3373 347 3439 Magister
374 3381 428 3421 tam
464 3369 592 3421 dilectum
618 3370 664 3420 di-

128 3442 293 3507 discipulum
306 3442 334 3491 in
350 3438 508 3491 infidelitate
522 3441 664 3506 relinque-

131 3527 168 3572 re,
184 3512 230 3562 sed
247 3514 279 3562 ad
294 3511 376 3562 iidem
389 3511 447 3576 ejus
464 3510 662 3563 reformandam

130 3583 229 3634 iterum
250 3584 376 3650 dignatus
397 3593 438 3634 est
457 3599 592 3649 apparere.
608 3583 664 3651 lgi-

130 3667 174 3709 tur
184 3662 249 3724 posl
271 3657 328 3706 dies
347 3664 416 3718 octo,
437 3673 499 3708 cum
516 3657 544 3707 in
566 3657 664 3723 praedi-

130 3738 173 3779 cto
196 3735 289 3776 monte
306 3727 494 3788 stomatasm
514 3734 603 3779 essent
619 3728 664 3779 di-

131 3800 230 3867 scipuli
252 3800 333 3862 intus,
349 3805 375 3849 et
399 3801 518 3852 Thomas
539 3801 662 3863 cumeis,

131 3882 222 3939 pastor
245 3871 332 3920 bonus
356 3879 381 3921 et
411 3871 444 3921 de
464 3872 563 3938 pusillo
584 3888 663 3940 grege

132 3944 273 4006 sollicitus,
294 3943 373 4006 venit,
386 3943 485 4011 januis
505 3945 616 4008 clausis,
638 3950 664 3996 el

720 2866 793 2915 stetit
807 2866 833 2916 in
849 2866 936 2917 medio
950 2880 1050 2929 eorum,
1065 2875 1096 2916 ut
1113 2867 1199 2932 possit
1209 2867 1253 2918 vi-

720 2936 776 2986 deri
799 2936 832 2986 ab
855 2936 993 2997 omnibus,
1017 2944 1042 2988 et
1067 2937 1141 2987 dixit
1162 2937 1221 2988 illis
1244 2955 1254 2987 .-

720 3009 787 3059 Pax
801 3009 885 3060 vobis.
903 3009 983 3058 Stetit
997 3009 1025 3058 in
1041 3007 1142 3068 medio,
1155 3018 1182 3058 et
1203 3008 1251 3059 di-

719 3081 759 3131 xit
773 3098 781 3131 :
795 3082 862 3131 Pax
887 3081 969 3143 vobis,
998 3094 1139 3145 nunquam
1163 3087 1254 3145 potest

719 3170 777 3205 esse
792 3170 842 3221 pax
860 3154 888 3204 in
910 3153 1024 3220 collegio
1046 3154 1099 3203 nisi
1122 3153 1254 3219 praelatus

719 3228 755 3279 sit
769 3227 798 3278 in
813 3228 912 3288 medio,
930 3227 967 3278 ita
981 3227 1054 3293 quod
1071 3242 1127 3276 non
1143 3227 1207 3292 plus
1219 3226 1254 3276 ad

718 3316 800 3351 unam
824 3310 925 3368 partem
946 3299 1091 3350 inclinetur
1113 3312 1195 3365 quam
1218 3296 1251 3346 ad

718 3372 812 3434 aliam3
828 3371 954 3422 columna
974 3385 1113 3437 nunquam
1133 3367 1254 3419 sustinet

717 3441 873 3503 aedificium,
893 3441 915 3492 si
934 3442 971 3492 sit
989 3443 1022 3492 ad
1042 3450 1145 3507 partem
1169 3451 1257 3504 prope

721 3514 861 3581 parietem,
877 3523 903 3564 et
921 3529 977 3564 non
992 3513 1021 3563 in
1037 3511 1143 3573 medio;
1160 3509 1258 3560 omnia

718 3589 858 3647 elementa,
869 3596 964 3652 praeter
975 3596 1084 3644 terram,
1100 3589 1256 3642 moventur,

718 3659 783 3727 quia
800 3675 854 3709 non
870 3658 975 3709 suntin
996 3656 1098 3719 medio,
1116 3665 1186 3706 terra
1201 3668 1256 3704 au-

717 3742 772 3784 tem
786 3731 936 3783 immobilis
956 3739 1004 3790 est,
1022 3729 1086 3797 quia
1110 3727 1258 3777 incentro

717 3814 758 3855 est
771 3803 835 3855 etin
850 3802 949 3853 medio.
965 3803 1040 3867 Saepe
1054 3797 1188 3850 Dominus
1207 3811 1259 3863 pa-

718 3891 776 3926 cem
792 3871 933 3940 discipulis
949 3872 1055 3923 nuntiat
1069 3880 1094 3920 et
1108 3882 1256 3921 commen·

717 3945 772 4006 dat,
789 3959 818 3995 ac
836 3942 977 4010 persuadet
989 3941 1098 4000 habere,
1113 3937 1179 4006 quia
1195 3936 1259 3988 sine
