2610 4320
340 132 386 189 DE
404 135 514 199 NO'NA,
531 133 566 188 IN
584 131 754 189 PASSlONE
772 132 910 188 DOMINI.

64 252 106 306 vei
123 254 248 305 emittere
272 248 397 320 spiritum
424 254 532 320 propria
547 254 597 305 vir-

63 334 129 386 tute,
142 324 242 375 divinae
256 325 394 390 potestatis
404 325 595 385 incidiumest,

63 407 90 448 et
113 396 219 448 nemini
245 397 298 447 nisi
323 398 378 448 Deo
404 398 539 448 convenit.
562 398 597 448 Et

63 484 111 534 per
129 468 184 520 hoc
216 470 289 536 quod
318 469 436 519 moriens
462 470 597 530 clamavit,

62 540 234 606 apertissime
248 557 276 590 se
289 536 377 591 Deum
395 557 488 591 verum
510 551 597 591 osten-

59 611 111 670 dlt,
137 624 204 660 nam
225 610 352 660 homines
381 611 425 660 alii
451 610 597 661 morientes

62 696 118 730 non
143 678 260 731 clamare
287 682 333 731 sed
351 679 395 730 vix
420 683 529 748 spirare,
554 682 596 732 vel

62 750 181 803 tenuiter
197 749 273 820 loqui
290 764 412 819 possunt.
427 752 457 804 ln
471 748 532 804 aliis
543 770 595 804 au»

61 832 115 874 tem
130 822 240 874 duobus
257 825 376 875 scilicet:
392 826 420 874 in
436 826 557 876 oratione
570 835 597 876 et

61 894 265 961 lacrymatione,
287 896 443 947 humanitas
464 896 596 962 apparuit,

58 977 88 1016 et
113 962 298 1018 miserationis
323 964 446 1018 allectum
471 968 596 1018 Christus

60 1034 255 1088 manifestavit.
282 1036 394 1097 Quando
421 1036 501 1103 igitur
525 1038 596 1088 Mat—

61 1108 151 1158 thaeus
167 1108 232 1159 dicit
253 1127 260 1159 2
282 1106 365 1159 Iesus
385 1114 472 1158 autem
500 1109 596 1158 iterum

61 1178 185 1229 clamans
208 1190 272 1230 voce
294 1189 395 1245 magna
411 1179 499 1229 emisit
515 1173 596 1244 spiri-

59 1255 135 1314 tum3
150 1258 177 1300 et
190 1251 297 1301 Marcus
308 1267 314 1301 t
325 1246 405 1302 Jesus
417 1254 504 1301 autem
518 1251 596 1300 emis-

61 1330 94 1370 sa
105 1334 170 1371 voce
183 1330 285 1386 magna
301 1321 449 1386 expiravit,
462 1320 529 1386 quid
546 1320 596 1370 hac

61 1404 125 1440 voce
148 1406 248 1457 magna
267 1391 374 1453 dixerit,
399 1392 485 1441 Lucas
506 1401 596 1457 aperte

62 1460 195 1527 designat,
214 1460 326 1512 dicens:
341 1462 380 1514 Et
396 1462 516 1513 clamans
534 1476 596 1513 voce

61 1543 165 1599 magna
175 1528 266 1596 Mus,
280 1535 320 1584 ait
330 1551 339 1584 .·
349 1534 443 1596 Pater,
463 1536 489 1583 r'n
501 1545 595 1583 manus

59 1609 122 1654 tutas
156 1607 306 1656 commendo
336 1606 459 1671 spiritum
492 1616 615 1668 meum;·

62 1684 88 1728 et
109 1678 178 1741 mec,
203 1678 303 1745 inquit,
325 1675 423 1741 dicens,
446 1678 615 1744 expiravit·

61 1750 180 1801 loannes
198 1761 261 1801 vero
278 1759 367 1800 tacens
395 1751 427 1800 de
449 1750 498 1800 hae
521 1765 593 1814 voce,
613 1780 615 1785 ·

62 1822 157 1873 scribit
170 1838 177 1872 ε
191 1818 259 1872 Cum
271 1837 339 1889 ergo
354 1823 501 1887 accepisset
513 1823 594 1873 Jecur
613 1844 616 1853 ·

54 1898 175 1957 acuum,
189 1892 289 1944 dixit:
310 1892 526 1944 Consummatum
543 1897 593 1956 ert,
613 1900 617 1957 ζ

613 1976 616 2017 t
648 1964 711 2015 inde
728 1965 895 2016 educentem.
919 1966 951 2016 Et
973 1975 1036 2015 tunc
1055 1979 1118 2013 mox
1136 1977 1180 2012 re-

613 2034 616 2069 3
648 2042 753 2086 motum
777 2046 817 2086 est
838 2035 936 2086 divinoe
957 2035 1069 2086 visionis
1092 2034 1181 2101 impe-

613 2114 616 2157 ἑ
647 2106 814 2171 dimentum‚
838 2108 910 2174 quod
932 2104 1056 2172 figuravit
1076 2104 1182 2170 gladius

60 1973 86 2017 et
109 1962 239 2020 inclinato
262 1969 350 2035 capite
369 1967 489 2018 tradidit
510 1962 595 2034 spiri-

57 2047 125 2104 tum,
143 2040 243 2092 emissa
253 2051 343 2092 tamen
358 2041 435 2106 prius
448 2056 512 2090 voce
526 2054 595 2106 prae-

60 2110 139 2161 dicta.
162 2108 225 2161 Fuit
249 2120 349 2174 autem,
369 2120 401 2161 ut
425 2108 533 2175 dicitur,
558 2108 595 2161 ita

31 2178 35 2183 ’
60 2194 177 2246 magnus
186 2191 212 2230 et
224 2180 330 2231 validus
339 2180 440 2230 clamor
448 2180 508 2244 iste,
521 2181 594 2247 quod
613 2178 617 2243 ’ς

614 2262 617 2271 ’
649 2251 811 2317 paradisum.
829 2246 973 2300 Sciendum
995 2257 1084 2298 autem
1107 2246 1181 2368 ἓυοά

59 2246 194 2318 usquein
204 2248 346 2302 infernum
364 2252 473 2303 auditus
491 2248 553 2312 fuit,
568 2263 595 2303 et

58 2324 163 2375 coelum
171 2332 320 2390 terramque
331 2333 444 2375 tremere
453 2318 523 2374 facit.
535 2320 595 2374 Vox

59 2411 125 2463 ergo
140 2392 186 2446 illa
199 2410 252 2447 non
266 2396 318 2447 fuit
329 2394 467 2455 naturalis,
483 2396 529 2446 sed
546 2392 595 2446 mi-

60 2466 193 2528 raculosa,
203 2467 268 2534 quia
283 2466 367 2518 homo
381 2480 479 2533 magno
492 2477 518 2517 et
532 2466 594 2516 lon-

58 2555 92 2605 go
113 2540 232 2591 cruciatu
249 2534 373 2601 afflictus,
387 2551 415 2590 et
437 2556 468 2590 ex
487 2534 533 2590 tali
550 2533 594 2590 af-

60 2605 178 2663 dictione
200 2608 281 2663 morti
303 2612 342 2663 sic
365 2612 514 2679 proximus,
534 2625 593 2664 mon

61 2692 151 2747 posset
170 2680 209 2735 sic
231 2680 345 2734 clamare
364 2684 461 2735 virtute
479 2694 591 2744 naturae,

63 2763 85 2802 ct
98 2751 161 2803 ideo
179 2752 303 2820 sequitur
323 2750 397 2820 quod
420 2768 471 2804 vox
488 2755 533 2804 illa
554 2754 593 2804 eit

62 2818 174 2875 fortuma
186 2818 237 2873 Dei
248 2825 354 2875 virtute.
369 2824 419 2873 llic
433 2832 504 2884 nota,
518 2825 592 2890 quod

64 2894 152 2943 adem
163 2894 232 2944 hora
246 2909 299 2961 qua
313 2895 417 2960 primus
428 2895 515 2943 Adam
529 2909 593 2960 pec*

64 2962 143 3024 tavit,
162 2965 299 3035 secundus
324 2965 461 3032 expiravit
486 2959 593 3014 Primus

67 3028 133 3084 enim
151 3043 216 3101 post
229 3035 370 3086 meridiem
391 3034 516 3103 peccarit,
530 3030 594 3102 quia

70 3114 125 3154 nox
146 3116 176 3156 ut
200 3107 335 3172 peccavit,
359 3123 454 3158 vocem
480 3100 592 3157 Domini

72 3172 224 3228 ambulantis
248 3177 282 3228 ad
307 3188 398 3229 auram
423 3189 482 3244 post
510 3176 592 3228 meri-

74 3242 134 3296 diam
146 3250 264 3316 audivit3
278 3260 305 3301 et
324 3260 397 3312 tunc,
411 3252 483 3303 circa
496 3251 591 3302 horam

78 3328 170 3380 nonam,
194 3320 327 3371 secundus
346 3320 431 3372 ildarn
451 3316 591 3387 expiravit.

78 3378 141 3438 Unde
151 3404 204 3456 qua
221 3387 288 3441 hora
308 3391 414 3457 primus
429 3394 514 3442 Adam
530 3407 592 3458 pee-

79 3456 146 3508 tando
166 3471 280 3512 mortem
300 3460 363 3512 huic
385 3463 489 3512 mundo
506 3457 592 3513 indu-

84 3522 123 3585 tlt,
144 3528 232 3583 tudem
256 3533 323 3583 hora
346 3534 483 3585 secundus
505 3530 591 3584 Adam

86 3606 175 3652 mortem
188 3602 331 3654 moriendo
339 3602 480 3655 destruxit.
496 3605 529 3655 Et
538 3620 592 3672 qua

87 3661 134 3720 hon
141 3668 178 3724 illi
188 3676 326 3741 paradisus
336 3688 377 3727 est
388 3674 542 3738 conclusas,
552 3692 592 3729 oa·

87 3730 131 3788 <lem
144 3740 206 3795 hora
226 3737 278 3795 isle
293 3742 447 3810 paradisum
470 3746 585 3815 aperuit,

1133 136 1185 188 605

652 254 725 321 quia,
747 254 895 306 secundum
917 254 1028 316 Bedam,
1048 252 1114 304 ordo
1136 270 1187 320 po-

652 329 740 378 scebat
752 337 783 377 ut
804 328 898 377 eodem
913 327 1044 392 temporis
1063 327 1187 386 articulo,

650 416 705 465 quo
725 399 790 450 Adae
813 399 932 464 peccanti
958 399 1124 449 concluserat
1146 399 1186 462 ia-

650 485 732 520 nuam
747 469 873 535 paradisi,
887 470 1015 534 panderet
1029 485 1088 519 eam
1102 470 1186 518 latro-

650 541 677 591 ni
700 540 855 607 poenitenti;
880 553 915 601 et,
931 541 1080 592 secundum
1101 540 1185 591 Glos-

648 628 716 678 sum,
737 628 798 663 cum
819 613 892 662 sola
915 608 1018 663 fervore
1037 612 1184 678 tepefactus

648 694 697 745 est,
713 678 869 734 Passionem
893 693 1072 742 consummat,
1089 692 1184 732 osten-

648 755 716 805 dens
734 770 763 805 se
776 752 847 804 mori
863 765 971 819 propter
990 764 1102 820 peccata,
1118 753 1184 820 qui-

649 831 700 879 bus
719 844 734 879 a
758 828 850 879 divina
871 828 930 877 luce
948 838 974 879 et
994 828 1137 878 dilectione
1154 827 1183 877 in

649 901 717 950 hanc
736 909 843 950 noctem
864 897 1021 948 cecidimus.
1041 892 1116 957 item,
1134 897 1184 948 hac

648 972 716 1022 hora
730 980 853 1020 mortuus
867 978 917 1029 est,
930 968 994 1034 quia
1005 983 1051 1033 per
1063 984 1125 1018 eum
1139 980 1184 1018 no-

648 1054 711 1092 vem
734 1041 843 1091 ordines
865 1040 1030 1105 Angelorum
1056 1054 1184 1104 reparan-

649 1120 702 1163 tur.
723 1110 880 1161 Notandum
904 1108 995 1168 etiam,
1021 1110 1094 1174 quod
1115 1109 1186 1159 sicut

649 1182 747 1235 dicitur
764 1179 796 1234 in
819 1182 916 1233 Glossa
937 1181 1044 1242 Tobiae,
1067 1176 1185 1230 Domino

649 1256 677 1306 in
694 1268 772 1306 eruce
791 1269 880 1320 passo.
894 1246 1028 1312 diabolus,
1047 1267 1102 1318 quo
1121 1266 1186 1317 pro-

648 1335 758 1377 curante
786 1323 931 1374 crucifirtus
963 1333 1033 1382 erat,
1063 1320 1185 1383 advenit,

649 1409 772 1464 quaerens
786 1395 809 1447 si
824 1395 890 1463 quid
908 1394 1007 1461 peccati
1025 1392 1054 1444 in
1069 1390 1185 1460 ipsoitt-

648 1469 759 1519 veniret.
775 1464 808 1518 Et
823 1466 888 1517 dicit
909 1465 1036 1532 magister
1052 1465 1081 1515 in
1096 1465 1184 1515 histo-

649 1536 706 1600 riis,
732 1539 806 1605 quod
830 1539 916 1588 stabat
936 1550 1018 1603 supra
1041 1532 1182 1586 brachium

648 1609 744 1671 crucis,
758 1610 845 1660 donec
857 1608 984 1659 Christus
1003 1607 1141 1674 expiravit,
1156 1618 1183 1657 et

648 1692 713 1732 tunc
740 1676 834 1732 videns
861 1695 890 1730 se
921 1678 1063 1729 confusum
1094 1693 1181 1729 recen

647 1753 737 1811 nitet
758 1751 869 1802 veniens
890 1746 922 1800 ad
944 1746 1063 1810 Tartara,
1079 1747 1182 1818 invenit

649 1816 686 1871 ibi
704 1821 823 1872 animam
838 1815 942 1872 Christi
960 1830 1048 1886 portas
1064 1829 1090 1870 et
1108 1834 1181 1869 seras

648 1890 874 1958 confringentem,
889 1903 915 1943 et
928 1893 1062 1956 justorum
1077 1891 1181 1940 animas

648 2177 789 2231 flatntneus
805 2190 831 2230 et
846 2179 979 2229 versatilis
996 2177 1100 2242 positus
1120 2184 1182 2226 ante

649 2323 718 2372 inter
732 2336 828 2371 omnes
843 2330 936 2386 poenas
950 2317 1089 2370 Passionis
1129 2315 1183 2367 hri·

648 2392 692 2451 sti,
709 2390 760 2442 ista
783 2405 862 2457 poena
882 2390 979 2441 mortis
998 2388 1050 2439 luit
1063 2387 1182 2439 acerbis-

647 2466 729 2524 sima,
752 2465 816 2531 quia
840 2470 911 2515 inter
932 2463 1024 2515 omnia
1049 2460 1182 2514 terribilia

647 2535 878 2586 terribilissimum
902 2546 942 2586 est
966 2550 1052 2597 mors,
1079 2545 1105 2584 et
1128 2532 1181 2582 hoc

647 2614 695 2666 est,
708 2607 856 2657 secundum
880 2602 1087 2668 Damascenum,
1113 2618 1178 2670 pro-

647 2684 705 2744 pter
723 2679 872 2729 naturalem
893 2676 1097 2728 inclinationem
1118 2674 1180 2724 ani*

647 2761 698 2802 mte
711 2751 744 2800 ad
757 2759 865 2816 eorpus.
881 2745 914 2800 Et
928 2748 980 2800 fuit
994 2747 1118 2814 specialis
1134 2761 1179 2796 ra-

646 2825 684 2874 tio
699 2816 726 2873 in
740 2817 848 2872 Christo
872 2820 905 2872 de
928 2817 974 2872 tali
988 2820 1079 2871 anima
1099 2828 1124 2870 et
1146 2819 1179 2868 de

646 2890 692 2944 tali
713 2906 834 2959 corpore,
857 2892 900 2941 cui
921 2892 1031 2958 utrique
1053 2888 1180 2940 divinitas

647 2962 723 3016 unita
737 2963 789 3015 fuit
804 2964 833 3014 in
848 2964 952 3014 unitate
964 2962 1115 3029 suppositi;
1132 2977 1181 3012 un·

646 3040 679 3088 de
689 3035 809 3105 oportuit
819 3035 892 3101 quod
907 3030 952 3084 illa
965 3032 1098 3101 separatio
1111 3041 1180 3083 esset

646 3110 764 3160 maxime
777 3108 899 3175 poenalis.

677 3196 696 3246 4
716 3178 822 3230 Suram
841 3190 999 3229 oocurraurr
1016 3195 1050 3229 rx
1068 3172 1181 3229 Cunrsrr

646 3264 829 3314 steteramus,
849 3265 932 3301 rarus
953 3255 1182 3301 conronrmrmuts

646 3340 679 3374 ar
695 3336 801 3373 oanrro.
824 3348 853 3358 -
875 3314 918 3371 Ex
936 3322 987 3370 isto
1003 3321 1114 3371 articulo
1132 3334 1181 3370 ex·

646 3390 812 3459 spirationis,
825 3406 872 3441 seu
888 3391 984 3441 mortis
1005 3386 1118 3450 Christi,
1133 3388 1183 3442 ha-

645 3467 746 3518 bentur
770 3462 848 3532 plura
871 3464 1040 3517 documenta.
1059 3459 1181 3516 Primum

645 3550 698 3599 est,
722 3531 795 3605 quod
820 3553 870 3587 nos
890 3531 1025 3587 debemus
1047 3534 1180 3586 commori

645 3605 765 3671 Christo,
779 3608 921 3658 moriendo
937 3607 1060 3657 videlicet
1077 3606 1179 3656 mundo

645 3689 671 3732 et
686 3674 810 3748 peccatis,
819 3678 844 3731 si
859 3695 925 3732 eum
936 3677 1052 3732 Christo
1063 3677 1101 3726 in
1109 3686 1194 3725 eter-

645 3768 678 3806 na
707 3748 765 3808 vita
789 3748 884 3808 rivere
911 3746 1102 3806 uoluerimus.
1120 3738 1214 3795 xinde
