2626 4328
113 215 164 268 506

111 332 315 383 consideremus
337 327 528 394 nosmetipsos,
544 325 567 376 si
588 340 642 375 un·

108 416 190 468 quam
209 415 292 450 manu
306 398 381 464 pravi
394 397 483 463 operis
501 394 642 446 Christum

105 475 336 542 percusserimus3
360 473 433 539 quod
454 470 477 521 si
498 467 642 530 nescimus,

103 558 291 613 exspectamus
324 545 368 610 pia
404 542 457 593 fide
488 556 505 608 a
529 539 642 591 Christo

103 618 177 688 quod
200 616 283 669 Judaei
303 613 424 665 irrisorie
438 613 471 662 ab
486 626 518 662 eo
540 626 638 676 exege-

103 699 179 752 runt,
197 699 228 739 ut
238 685 405 754 prophetizet
417 682 506 744 nobis,
521 681 642 731 docendo

108 777 159 812 nos
179 772 339 826 cognoscere
363 756 456 820 culpas
481 763 595 803 nostras.
614 780 644 790 -

106 832 235 884 Tertium
249 839 299 888 est,
324 828 397 893 quod
422 841 472 877 nos
490 841 582 875 cavere
597 826 645 875 de-

109 906 216 961 bemus,
240 915 273 949 ne
294 915 308 948 a
330 899 441 950 Christo
464 896 644 963 prophetiam,

110 975 152 1026 vel
184 971 345 1021 miraculum
378 969 508 1019 tentative
536 977 646 1031 expeta-

111 1057 183 1092 mus.
206 1041 283 1091 Unde
302 1039 474 1105 Augustinus
490 1056 497 1087 .·
515 1055 529 1083 u
553 1037 646 1096 Quan-

111 1111 147 1163 tis
161 1126 267 1162 mecum
286 1110 489 1176 suggestionum
504 1107 646 1157 machina-

113 1181 236 1233 tionibus
257 1180 311 1246 agit
335 1179 472 1238 inimicus,
486 1188 517 1228 ut
536 1177 645 1242 signum

112 1253 222 1320 aliquod
253 1251 356 1318 petam?
383 1251 435 1301 Sed
469 1250 580 1300 obsecro
609 1259 645 1308 te,

112 1324 238 1385 Domine,
262 1332 292 1374 ut
314 1321 545 1388 quemadmodum
565 1335 581 1370 a
602 1335 647 1369 me

112 1395 194 1460 longe
224 1405 264 1444 est
296 1392 347 1442 ista
372 1391 525 1452 consensio,
552 1390 589 1457 ita
611 1390 647 1440 sit

114 1482 221 1533 semper
245 1468 335 1530 longe,
356 1474 437 1530 atque
458 1463 566 1528 longius
588 1463 646 1528 ipsa

113 1536 249 1602 cogitatio.
273 1554 330 1582 n—
345 1535 477 1592 Quartum
499 1543 547 1593 est,
573 1533 646 1599 quod

114 1606 234 1671 indignis
256 1619 311 1653 non
332 1613 373 1653 est
387 1602 581 1652 effundendum
594 1603 646 1652 do-

114 1691 181 1726 num
200 1675 247 1725 Dei
259 1690 266 1736 ;
280 1673 352 1723 unde
372 1673 433 1722 licet
456 1671 582 1722 Christus
601 1687 646 1722 es-

115 1755 157 1797 set
177 1759 257 1794 verus
283 1742 424 1807 Propheta,
447 1742 535 1792 noluit
556 1752 646 1792 tamen

116 1814 303 1882 prophetizare
320 1812 477 1863 irrisoribus
489 1813 556 1873 suis,
571 1813 647 1864 sicet

115 1887 237 1936 doctores
252 1900 300 1950 pro
323 1894 443 1949 tempore
463 1894 489 1934 et
511 1885 570 1935 loco
597 1886 646 1935 de-

115 1957 182 2008 bent
198 1956 311 2005 verbum
325 1955 374 2005 Dei
396 1955 554 2006 subtrahere
567 1956 646 2005 audi-

115 2029 220 2081 toribus
246 2027 376 2092 indignis.
405 2029 446 2077 Ad
474 2027 647 2078 conforman-

115 2101 181 2150 dum
212 2115 240 2150 se
278 2099 342 2149 huic
371 2099 494 2159 articulo,
522 2100 648 2165 recogitet

116 2175 200 2224 homo
215 2183 343 2239 quantam
365 2172 519 2223 irrisionem
536 2182 562 2223 et
575 2172 648 2224 infa-

117 2246 267 2297 tuatinnem
282 2244 418 2295 Dominus
435 2253 525 2294 noster
547 2244 575 2294 in
597 2244 648 2293 hoc

116 2315 186 2367 facto
201 2327 241 2365 est
255 2330 360 2380 passus,
375 2324 400 2365 et
415 2314 552 2381 quomodo
563 2312 647 2364 Judaei

116 2388 211 2438 ludum
229 2387 305 2453 quasi
320 2401 466 2452 puerorum
482 2384 602 2436 fecerunt
615 2386 648 2435 de

114 2473 162 2520 eo;
176 2469 203 2508 et
214 2466 285 2516 -oret,
303 2457 414 2508 dicendo
430 2474 436 2507 :
453 2457 529 2520 Jesu,
544 2457 590 2522 qui
603 2456 648 2506 lu-

115 2529 212 2580 dibriis
225 2529 384 2579 Jndaeornm
394 2544 542 2596 percussas
559 2531 586 2580 in
607 2545 649 2580 ca·

110 2601 177 2666 pite,
199 2598 391 2664 prophetizare
407 2606 523 2650 exactus
540 2599 627 2664 suisti
637 2637 645 2661 ,

111 2670 272 2738 prophetiza
296 2676 324 2719 tn
339 2671 413 2732 mihi,
430 2671 548 2733 obsecro,
565 2671 647 2721 Cnri-

114 2749 164 2805 ste,
192 2746 221 2790 nt
245 2754 406 2805 cognoscam
427 2741 487 2805 qais
511 2746 538 2790 et
560 2742 648 2806 qualis

117 2826 170 2879 ego
203 2811 285 2861 miser
306 2825 373 2872 sum,
395 2811 441 2875 qui
463 2811 541 2861 toties
569 2827 648 2862 rnanu

111 2882 194 2948 pravi
216 2881 315 2949 operia,
327 2881 397 2945 proh
420 2880 515 2931 dolor!
542 2886 567 2948 te
587 2896 648 2947 per·

114 2954 197 3006 cassi.

150 3027 182 3077 16
210 3028 363 3077 Msorrarro
403 3042 486 3077 suren
523 3043 649 3078 conranni

118 3099 239 3156 Cunisrr.
267 3129 297 3137 —
323 3101 435 3165 Insuper
465 3110 542 3165 potes
566 3100 647 3151 etiam

117 3170 251 3230 meditari,
273 3171 346 3234 quod
360 3170 425 3220 :alii
443 3185 524 3221 manu
544 3186 649 3222 reversa

115 3241 305 3303 dulcissimum
322 3252 348 3293 et
360 3241 522 3294 mellifluum
542 3259 573 3294 os
592 3245 649 3309 ejus

117 3315 310 3380 percutiebant,
325 3313 372 3364 alii
394 3315 493 3381 pugnis
514 3331 577 3366 eum
597 3332 648 3367 cae-

115 3384 223 3446 debant,
244 3384 289 3433 alii
316 3385 513 3437 sanctissimam
537 3387 647 3437 barbam

115 3455 174 3520 ejus
188 3455 346 3515 evellebant,
360 3455 405 3505 alii
420 3471 467 3521 per
487 3472 551 3508 suos
564 3473 648 3509 vene-

115 3525 214 3577 rabiles
230 3526 341 3591 capillos
355 3526 445 3593 ipsum
459 3528 608 3592 trahebant,
621 3541 648 3581 et

117 3595 209 3646 viliter
223 3596 294 3646 inter
308 3597 388 3661 pedes
406 3599 603 3662 conculcabant,
619 3617 648 3653 ac

114 3667 174 3718 sine
206 3669 353 3718 reverentia
377 3678 403 3719 et
432 3669 527 3734 pietate
557 3672 649 3740 aliqua

114 3736 264 3787 Dominum
280 3738 445 3803 Angelorum
462 3742 531 3792 male
551 3751 647 3794 tracta·

114 3808 188 3859 bant.
215 3809 256 3858 Et
278 3807 459 3861 nihilominus
479 3810 540 3865 alia
558 3814 646 3866 muita

403 209 577 264 SECUNDAE
592 206 717 258 PARTIS
738 205 855 259 CAPUT
867 207 922 258 LX.

698 322 911 390 blasphemantes
934 324 1056 375 dicebant
1079 323 1106 373 in
1120 335 1187 385 enm,
1204 332 1233 374 et

697 391 839 445 faciebant.
862 396 931 446 Cum
952 395 1025 446 enirn
1045 393 1232 445 crudelissimi

697 474 723 515 et
743 465 803 516 sine
825 466 1008 518 misericordia
1021 475 1120 526 essent,
1137 467 1233 518 omnia

697 537 768 586 mala
790 547 816 588 et
838 537 981 604 vituperia,
1002 553 1063 604 quae
1095 546 1231 602 poterant,

697 608 949 661 eifacieban12alii
972 627 1005 662 ex
1028 627 1076 661 sua
1097 612 1168 662 mala
1186 627 1233 662 vo

698 680 802 732 luntate
822 681 854 731 ad
871 682 923 732 hoc
942 681 1018 744 moti,
1033 681 1078 731 alii
1094 690 1125 730 ut
1137 682 1230 746 place-

699 760 759 800 rent
777 751 936 816 majoribus,
956 752 1004 817 qui
1030 761 1105 802 erant
1127 751 1229 801 imma-

700 820 817 872 nissimi.
842 822 914 881 Quid
940 837 1003 887 ergo
1031 832 1060 872 tu
1085 821 1185 872 faceres
1207 821 1230 871 si

700 891 755 941 haec
770 891 893 955 vidqres?
909 892 1048 958 Numquid
1060 907 1114 942 non
1130 900 1157 941 te
1172 907 1232 956 pro-

698 962 791 1027 jiceres
803 979 884 1030 super
902 962 993 1030 ipsum
1010 963 1167 1026 Dominum,
1185 962 1231 1011 di-

699 1050 761 1085 cens
778 1052 784 1084 :
800 1037 888 1086 Nolite
901 1037 965 1102 jam,
978 1036 1062 1086 nolite
1076 1035 1162 1086 facere
1176 1045 1234 1085 tan-

699 1114 757 1154 tum
788 1107 889 1155 malurn
916 1106 1034 1156 Domino
1064 1121 1141 1170 meo;
1170 1119 1230 1155 ecce

700 1192 753 1236 me,
772 1176 849 1228 facite
867 1177 946 1238 mihi,
962 1193 1019 1228 ecce
1032 1177 1161 1244 percutite
1175 1191 1230 1235 me,

700 1258 726 1299 et
740 1248 858 1298 Domino
872 1264 933 1298 meo
957 1258 1046 1298 tantas
1065 1248 1177 1312 injurias
1191 1248 1232 1297 ir-

700 1334 793 1386 rogare
808 1319 910 1370 nolite?
933 1321 966 1369 Et
985 1329 1048 1368 tunc
1067 1319 1233 1384 amplexare-

700 1393 738 1443 ris
752 1391 828 1442 flexis
847 1391 962 1458 genibus
976 1391 1123 1441 Dominum
1137 1400 1164 1441 et
1177 1393 1232 1443 Ma·

699 1464 814 1530 gistrum
840 1473 937 1527 tuum;
964 1473 989 1513 et
1019 1463 1058 1513 sic
1082 1463 1233 1530 susciperes

699 1535 813 1584 libenter
836 1550 916 1601 super
942 1544 967 1584 te
984 1533 1183 1599 percussiones,
1197 1537 1232 1587 ad

699 1603 830 1653 tuendum
852 1603 950 1669 ipsum.
974 1604 1055 1664 Quod
1080 1603 1117 1652 ita
1140 1615 1232 1657 mente

700 1675 784 1724 iacere
806 1675 944 1740 recogites,
967 1686 994 1725 et
1013 1683 1102 1725 totum
1124 1675 1195 1726 sicut
1208 1677 1232 1726 si

700 1760 817 1811 praesens
828 1761 900 1795 esses
914 1755 940 1795 te
953 1744 1087 1795 facturum
1103 1746 1232 1797 aestimes

700 1815 832 1880 Conspice
854 1814 936 1881 igitur
958 1815 1051 1865 omnia
1072 1825 1098 1866 et
1124 1815 1233 1883 singula

699 1888 752 1952 iam
777 1887 902 1952 superius
926 1898 1045 1937 enarrata
1065 1904 1072 1936 ι
1092 1887 1234 1953 quomodo

700 1961 739 2010 illi
768 1960 901 2010 maledicti
936 1959 1087 2010 Dominum
1113 1972 1233 2020 vexant,

700 2030 782 2081 falsos
796 2040 876 2081 testes
895 2041 1048 2097 procurant,
1062 2032 1153 2097 ipsum
1168 2047 1235 2082 exa-

701 2102 815 2162 minant,
840 2111 867 2151 et
893 2101 1041 2161 veritatem,
1070 2102 1170 2152 scilicet
1203 2117 1235 2152 se

700 2172 801 2222 Filium
823 2171 872 2222 Dei
895 2187 953 2222 esse
973 2171 1139 2233 confessum,
1154 2171 1234 2239 quasi

702 2245 892 2310 blasphemum
909 2246 1100 2306 condemnant,
1119 2256 1144 2296 et
1159 2261 1233 2312 quo-

701 2315 783 2366 modo
799 2315 951 2380 opprobriis
969 2312 1079 2366 vexatus
1094 2317 1122 2366 in
1138 2315 1235 2366 omni-

703 2387 754 2440 bus
768 2386 899 2452 patienter
915 2402 944 2437 se
960 2385 1058 2451 habet;
1078 2396 1104 2436 et
1118 2401 1233 2452 compa-

702 2467 758 2508 tere
794 2456 862 2516 sibi,
897 2457 962 2522 quia
998 2472 1047 2522 pro
1077 2466 1103 2506 te
1138 2456 1233 2508 omnia

702 2528 826 2587 sustinet,
850 2528 1002 2594 jugiterque
1020 2529 1150 2594 lacrymas
1172 2527 1233 2578 fun-

702 2601 778 2663 dens,
800 2600 1029 2667 speciosissimam
1050 2599 1144 2651 faciem
1165 2602 1233 2666 ejus,

701 2688 784 2739 quarn
800 2672 840 2722 illi
853 2672 1024 2736 impudenter
1037 2672 1095 2722 suis
1112 2672 1236 2724 illiniunt

701 2747 798 2813 sputis,
812 2755 842 2796 tu
862 2755 1013 2797 reverenter
1039 2747 1093 2796 tuis
1119 2748 1177 2797 lava
1193 2748 1234 2798 la-

702 2817 810 2884 crymis.
843 2818 911 2877 Quis
942 2818 1016 2867 enim
1040 2818 1163 2882 audiens,
1189 2822 1232 2872 vel

702 2898 792 2940 mente
817 2899 989 2954 pertractans,
1017 2890 1154 2955 quomodo
1183 2890 1237 2942 tuit

703 2962 788 3013 iactus
815 2963 987 3030 opprobrium
1012 2963 1154 3028 hominum,
1176 2965 1236 3030 ipse

704 3033 836 3084 Dominus
859 3045 886 3084 et
904 3034 988 3098 gloria
1012 3035 1189 3099 Angelorum,
1208 3043 1237 3086 et

702 3105 816 3171 abjectio
836 3105 925 3173 plebis
948 3105 1034 3155 Filius
1059 3105 1107 3155 Dei
1139 3106 1235 3165 Patris,

704 3175 801 3240 poterit
826 3190 855 3226 se
879 3176 1017 3226 continere
1041 3190 1056 3225 a
1080 3176 1206 3242 lacrymis
1227 3177 1239 3226 ‘t

706 3245 783 3297 Unde
806 3246 968 3297 Anseimus:
984 3264 997 3292 n
1010 3247 1132 3297 Concilio
1152 3247 1236 3297 mali-

704 3315 846 3383 gnantium
860 3315 1002 3366 adversum
1022 3327 1049 3367 te
1071 3315 1233 3383 pontificum

703 3397 879 3454 praesentatus
895 3402 933 3449 es,
952 3398 979 3439 et
992 3389 1130 3440 veritatem
1154 3400 1236 3455 prout

703 3458 822 3524 oportuit
844 3456 997 3520 confessus,
1020 3459 1097 3527 quasi
1121 3461 1154 3510 de
1174 3461 1235 3510 bla-

703 3527 825 3594 sphemia
834 3527 1000 3592 adjudicatus
1007 3545 1035 3580 es
1046 3529 1238 3581 monialmon-

703 3599 808 3658 tissime
825 3599 942 3650 Domine
962 3600 1034 3660 Jesu,
1057 3610 1158 3666 quanta
1177 3600 1235 3652 illic

702 3673 815 3739 indigna
828 3688 844 3723 a
860 3674 968 3740 propria
983 3683 1062 3740 geute
1079 3674 1234 3740 pertulisti!

701 3728 904 3805 Vulturirtuum
917 3744 1102 3795 honorabilem
1116 3746 1142 3796 in
1156 3761 1234 3811 quem

701 3813 866 3873 desiderans
876 3814 977 3882 Angeli
995 3817 1161 3882 prospicere,
1172 3816 1236 3883 lqui
