2626 4328
125 264 176 331 732

125 389 232 432 certare.
247 381 296 432 Per
314 381 446 433 ioannem
465 395 529 432 vero
543 378 660 430 suavitas

125 450 282 518 designatur
299 452 362 503 vita·
383 450 604 518 contemplativae,
623 449 660 499 ad

125 539 207 590 quam
221 527 344 591 pertinet,
357 525 486 577 omnibus
500 523 561 575 aliis
573 523 660 572 omis-

128 595 176 655 sis,
191 597 241 646 soli
256 596 312 647 Deo
327 596 468 656 inherere,
480 596 513 646 de
525 610 578 661 qua
592 594 661 644 bene

128 665 231 716 dictum
245 676 288 717 est
307 683 313 716 :
336 667 383 718 Sic
398 681 456 716 eum
478 665 538 717 volo
554 678 662 715 manere

130 737 336 802 donec'veniam,
354 739 381 789 id
400 750 441 790 est
458 753 590 805 eosquos
609 753 662 804 gu·

129 819 173 859 stu
192 825 260 860 meae
281 811 517 876 contemplationis
540 807 661 860 inebria-

129 895 193 930 vero
207 896 314 946 semper
329 881 457 948 proficere
470 882 541 944 volo,
556 895 661 946 quous-

130 965 182 1016 que
200 967 246 1002 me
265 952 293 1002 in
312 952 356 1002 die
378 953 469 1016 judicii
484 968 546 1002 cum
564 961 662 1002 aeterna

130 1024 344 1075 remuneratione
366 1035 525 1090 apparente,
550 1024 583 1074 de
610 1023 663 1073 fide

130 1103 264 1144 transeant
276 1096 310 1145 ad
325 1097 453 1162 speciem,
470 1106 496 1147 et
510 1095 543 1146 de
559 1096 663 1162 imper-

130 1165 198 1216 fecta
211 1166 272 1218 vitae
289 1167 371 1233 hujus
386 1167 613 1234 contemplatione
629 1168 662 1218 ad

131 1235 274 1301 perfectam
289 1238 381 1304 glorie
400 1236 662 1304 contemplationem.

129 1305 276 1373 Utriusque
291 1318 380 1358 autem
394 1307 455 1359 vitae
468 1306 532 1358 finis
547 1318 574 1359 et
589 1308 664 1374 obje-

130 1387 203 1428 ctum
222 1389 267 1430 est
288 1380 368 1439 Deus,
383 1396 431 1446 pro
452 1396 508 1446 quo
528 1391 679 1431 exercetur·

131 1453 190 1502 haec
203 1461 231 1503 et
244 1452 305 1515 illa;
321 1454 367 1503 sed
382 1454 435 1503 vita
449 1454 533 1504 activa
546 1454 607 1519 plus
621 1453 665 1503 di-

131 1521 286 1588 ligitquem
301 1523 517 1588 contemplativa,
533 1523 598 1589 quia
613 1538 668 1574 nta-

132 1594 174 1659 gis
187 1593 271 1644 sentit
290 1593 427 1660 angustias
442 1595 581 1660 presentis
593 1593 665 1656 vitae,

133 1675 159 1713 et
176 1665 335 1714 mtuantius
348 1664 482 1714 desiderat
494 1666 528 1714 ab
543 1665 583 1716 eis
597 1666 666 1717 libe-

134 1735 186 1783 rari
202 1744 228 1785 et
248 1735 280 1784 ad
295 1735 382 1784 Deum
399 1735 446 1785 ire.
468 1735 667 1801 Contemplati-

134 1823 195 1857 vam
211 1822 276 1858 vero
292 1807 374 1858 vitam
391 1808 463 1858 Deus
483 1810 545 1874 plus
567 1809 666 1875 diligit,

134 1891 199 1943 quia
219 1892 282 1926 eam
312 1877 400 1944 magis
426 1888 579 1943 conservat;
611 1896 666 1931 non

135 1948 208 1998 enim
220 1949 303 1999 simul
317 1948 411 2000 finitur
424 1966 486 2000 cum
499 1951 554 2002 vita
571 1957 668 2018 corpo-

135 2018 188 2082 ris,
213 2019 283 2070 sicut
305 2019 358 2070 vita
382 2021 483 2081 activa,
511 2033 537 2073 et
557 2023 617 2074 ideo
638 2025 667 2074 in

135 2091 242 2142 Psalmo
263 2091 362 2143 dicitur
386 2108 392 2143 :
416 2093 519 2161 Diligit
536 2095 668 2147 Dominus

130 2171 228 2231 portas
242 2166 317 2229 Sion,
335 2180 415 2232 super
435 2169 524 2219 omnia
541 2170 668 2228 tabernaf

135 2235 196 2286 cala
209 2236 303 2288 Jacob.
320 2238 397 2289 Unde
409 2238 474 2288 dicit
490 2239 623 2290 Dominus
636 2242 669 2291 de

135 2306 189 2357 rita
213 2309 430 2374 contemplativa.
454 2310 501 2360 Sic
524 2325 581 2361 eum
609 2311 668 2364 volo

136 2391 251 2440 ntum,
276 2379 303 2428 id
331 2389 372 2430 est
399 2391 560 2446 exspectare,
588 2383 669 2434 donec

135 2448 246 2510 venian,
264 2450 308 2499 vel
329 2449 357 2498 in
379 2448 433 2500 fine
453 2452 557 2511 mundi,
577 2453 617 2502 vel
640 2454 668 2503 in

136 2532 223 2571 morte
234 2523 450 2588 contemplativi,
466 2525 511 2574 sed
526 2524 587 2575 vitoe
599 2526 669 2576 acti-

136 2605 177 2640 voe
197 2590 263 2640 dicit
286 2607 292 2640 :
321 2592 364 2642 Tu
388 2607 429 2643 me
454 2608 570 2659 sequere.
594 2596 669 2646 Con-

138 2662 292 2728 templativa
308 2663 384 2713 enim
408 2664 452 2714 hic
468 2665 593 2717 inchoata
613 2682 668 2718 non

394 264 568 317 SECUNDAE
585 259 709 313 PARTIS
727 259 844 311 CAPUT
864 257 982 310 Lxxtx.

714 375 861 444 perficitur,
876 377 926 428 sed
948 375 1072 426 inchoata
1092 384 1199 436 manet,
1223 386 1252 426 et

714 457 847 513 exspectat
859 447 945 498 donec
954 446 1043 496 veniat
1057 445 1184 496 Christus
1193 461 1252 512 per-

715 518 829 569 ficiendo
855 535 917 570 cum
944 516 1063 579 venerit;
1091 515 1137 566 sed
1164 517 1251 568 activa

714 590 769 641 vita
783 589 899 656 perfecta
912 599 939 640 et
954 587 1096 637 informata
1110 587 1168 651 eius
1188 601 1251 652 pas·

715 658 801 710 sionis
826 660 965 724 exemplo,
988 657 1098 707 interim
1126 657 1252 723 sequitur

715 732 865 791 Christum,
881 729 1009 796 patiendo
1025 744 1074 795 pro
1091 744 1132 779 eo.

747 803 780 854 15
796 805 858 864 Quo
873 819 953 854 seusu
967 818 1024 852 nec
1044 817 1186 852 arrrarrro
1200 816 1251 853 vo-

715 891 802 925 entur
823 874 941 924 rsrrrrn?
966 901 996 912 -
1023 873 1136 923 Potuisti
1161 873 1252 941 itaque

715 950 850 999 attendere
865 964 947 1014 quam
964 947 1050 997 multa
1061 957 1090 996 et
1100 962 1184 1012 quum
1198 961 1252 997 ma·

717 1019 814 1086 gnifica
832 1019 902 1068 dicta
923 1029 948 1069 et
968 1019 1036 1069 facta
1060 1027 1124 1067 sunt
1148 1017 1176 1067 in
1203 1017 1254 1068 hac

717 1092 894 1159 apparitione.
913 1091 949 1141 Et
965 1092 1035 1141 hanc
1053 1090 1253 1156 apparitionem

717 1174 793 1215 vocet
806 1163 921 1214 loannes
932 1163 1047 1222 tertiam,
1062 1162 1164 1212 scilicet
1177 1178 1193 1212 a
1207 1177 1254 1212 nu·

718 1253 792 1288 mero
806 1236 921 1298 dierum,
938 1236 984 1286 sed
1002 1251 1057 1285 non
1074 1250 1190 1285 numero
1205 1249 1254 1300 arp-

718 1307 882 1375 paritionum
898 1323 905 1356 ι
922 1306 1001 1356 etsie
1022 1305 1108 1371 prima
1121 1304 1255 1371 apparitio

719 1381 771 1432 fuit
788 1381 817 1431 in
834 1381 920 1445 prima
940 1378 984 1429 die
1005 1394 1058 1445 qua
1079 1378 1207 1442 surrexit,
1225 1377 1254 1428 in

719 1469 773 1521 qua
799 1453 900 1520 pluries
925 1468 954 1502 se
979 1448 1180 1515 manifestavit;
1211 1465 1255 1501 se-

720 1527 816 1590 cunda,
832 1534 892 1591 post
906 1524 963 1574 dies
975 1534 1044 1583 oct0,
1057 1523 1168 1588 quando
1184 1521 1256 1573 Tho-

720 1611 779 1647 mas
801 1595 870 1647 vidit
894 1606 920 1646 et
944 1595 1067 1658 credidit3
1091 1594 1180 1654 tertia,
1206 1593 1257 1644 hac

720 1668 773 1727 die,
789 1668 897 1734 quando
916 1669 948 1717 de
971 1665 1091 1732 piscibus
1111 1665 1256 1730 prandium

720 1737 793 1802 iecit,
811 1739 859 1788 sed
879 1748 940 1804 post
959 1747 1026 1803 quot
1044 1736 1102 1786 dies
1117 1737 1152 1785 ab
1167 1745 1257 1786 octova

721 1808 933 1860 Resurrectionis
956 1807 982 1856 id
1008 1806 1108 1866 fecerit,
1130 1807 1257 1873 Evange-

722 1881 782 1931 lista
799 1896 852 1930 non
873 1878 1043 1929 determinat.
1064 1878 1154 1928 Potest
1173 1877 1256 1928 etiam

722 1952 814 2003 reierri
838 1951 871 2000 ad
894 1950 974 2013 vices,
996 1949 1060 2015 quia
1082 1964 1135 1997 non
1158 1947 1257 2015 legitur

722 2023 795 2089 quod
814 2021 908 2070 multis
928 2021 970 2070 vel
987 2018 1112 2085 pluribus
1132 2017 1255 2084 discipu·
1295 2047 1297 2051 v

722 2094 756 2143 lis
777 2093 859 2143 simul
885 2091 1038 2156 apparuerit
1060 2106 1066 2139 :
1091 2087 1146 2138 nisi
1163 2088 1256 2155 primo
1287 2115 1288 2118 =

722 2165 830 2216 Thoma
843 2163 962 2221 absente,
975 2172 1001 2212 et
1015 2161 1131 2211 secundo
1146 2177 1178 2211 eo
1191 2174 1257 2227 prte=

722 2246 806 2296 sente,
822 2244 848 2284 et
865 2233 943 2283 tertio
965 2232 1010 2282 hic
1024 2233 1056 2282 ad
1076 2247 1162 2294 mare3
1185 2232 1257 2283 unde

723 2308 860 2374 signanter
877 2304 905 2354 in
921 2303 1016 2369 plurali
1033 2302 1098 2352 dicit
1113 2302 1257 2368 :discipti-

723 2381 758 2432 lis
769 2380 836 2430 suis.
850 2377 884 2428 Et
897 2377 1021 2442 deinceps
1034 2375 1158 2442 apparuit
1170 2387 1257 2441 usque

722 2453 755 2502 ad
767 2450 839 2500 diem
852 2447 1026 2499 Ascensionis
1040 2446 1147 2512 quoties
1160 2445 1256 2505 voluit,

723 2523 848 2591 quamvis
871 2540 925 2573 non
949 2521 1041 2572 omnia
1064 2518 1162 2584 scripta
1182 2527 1256 2570 sunt.

723 2595 843 2645 Tandem
858 2593 992 2644 Dominus
1010 2589 1195 2640 benedictione
1208 2590 1256 2639 dt·

724 2675 751 2716 ta
765 2664 916 2731 discipulis,
930 2661 1062 2728 disparuit
1076 2661 1109 2711 ab
1124 2660 1172 2711 eis.

631 2883 768 2935 ORATIO

168 3060 285 3114 Domine
303 3062 366 3112 Jesu
381 3060 499 3121 Christe,
514 3071 611 3127 praesta
624 3059 694 3111 mihi
716 3061 816 3112 misero
835 3071 866 3112 ut
886 3060 1096 3127 pulmentarium
1110 3060 1162 3110 tibi
1177 3063 1257 3113 exhi·

138 3133 225 3194 boam,
240 3133 372 3184 mandatis
389 3133 443 3183 tuis
459 3133 624 3198 obediendo;
639 3143 670 3183 tu
686 3133 760 3183 enim
775 3145 867 3183 nostra
888 3132 1041 3183 obedientia
1055 3133 1258 3197 quodammodo

137 3202 262 3264 reficeris,
280 3204 345 3270 quia
368 3204 396 3254 in
420 3219 450 3254 ea
473 3219 554 3270 quam
577 3203 727 3270 plurimum
744 3203 894 3254 delectaris.
915 3203 967 3253 Fac
988 3218 1099 3269 quoque
1122 3218 1167 3253 me
1182 3204 1259 3254 indi·

136 3288 217 3337 gnum
233 3273 274 3324 tui
287 3274 403 3324 convivii
419 3274 586 3340 participem,
600 3283 631 3325 ut
651 3283 677 3324 te
700 3273 773 3339 pisce
795 3289 856 3324 asso
879 3284 906 3323 et
928 3289 975 3338 pro
990 3274 1071 3323 nobis
1094 3289 1174 3339 passo
1196 3273 1259 3326 refi-

136 3343 201 3405 ciar,
215 3361 263 3411 pro
277 3357 303 3396 te
317 3346 451 3412 patiendo,
469 3357 495 3396 et
510 3356 535 3396 te
549 3361 618 3411 pane
635 3360 698 3396 vero
717 3345 808 3404 satier,
822 3360 893 3394 nunc
914 3345 942 3395 in
961 3354 1007 3394 tua
1023 3345 1158 3405 doctrina,
1175 3355 1204 3396 et
1216 3344 1258 3397 tui

137 3412 266 3480 Corporis
287 3429 461 3476 sacramento,
483 3426 509 3466 et
523 3417 632 3466 tandem
656 3416 685 3466 in
707 3426 812 3466 aeternae
829 3415 964 3465 societatis
987 3415 1096 3482 gaudio.
1117 3417 1158 3466 Da
1177 3417 1258 3467 etiam

136 3484 216 3546 mihi,
230 3488 355 3553 Domine,
370 3499 400 3540 ut
413 3504 476 3538 cum
495 3489 574 3540 Petro
590 3503 697 3539 merear
715 3497 741 3537 te
754 3487 875 3554 diligere,
892 3503 941 3553 pro
962 3499 988 3539 te
1003 3489 1073 3537 mala
1088 3487 1259 3553 perferendo,

136 3570 164 3612 et
180 3577 243 3612 cum
259 3565 361 3616 Joanne
373 3581 389 3617 a
403 3576 429 3617 te
444 3565 532 3632 diligi,
546 3564 596 3616 tibi
608 3564 785 3628 'inhaerendm
802 3574 828 3615 et
844 3564 873 3615 in
889 3565 942 3614 hoc
955 3578 1062 3630 semper
1076 3563 1218 3630 proficere,
1232 3573 1259 3614 et

136 3647 222 3699 usque
235 3634 264 3684 in
278 3633 360 3686 finem
369 3651 552 3703 ,perseverare
566 3637 667 3687 Amen.
