2626 4328
90 316 144 382 6⁰4

91 433 153 495 tria,
176 443 201 483 et
224 448 280 483 non
300 433 488 493 involuntarie,
502 442 529 483 et
545 433 622 500 quasi

93 503 193 568 gratias
214 519 296 570 agens
316 504 413 563 eidem,
439 506 512 570 quod
532 505 622 572 ipsum

93 575 236 625 revocabat
254 575 288 624 ad
303 589 341 632 se,
359 574 460 625 docens
480 591 531 625 nos
543 576 624 626 simi-

93 644 157 693 liter
178 644 276 726 gratias
295 644 323 693 in
347 645 466 696 adversis
487 662 580 712 agere;
596 657 624 697 et

96 713 251 781 significans
264 731 293 765 se
309 731 355 782 per
367 718 456 768 varias
469 719 624 769 tribulatio-

98 803 146 838 aes
159 788 192 838 ad
206 789 318 854 praemia
329 792 509 856 sequendum,
522 802 549 842 et
563 807 626 858 qua-

97 859 122 908 si
131 859 241 909 uadens
250 859 276 910 ei
291 860 417 925 spiritum
431 879 512 913 suum
523 880 533 926 3
544 865 625 914 etiarn

97 928 174 994 quasi
199 928 360 980 declinarea
386 934 473 982 crucis
500 934 580 983 titulo
597 949 627 984 se

100 999 254 1062 ostendens,
268 1011 293 1050 et
307 1016 402 1051 vanam
416 1003 530 1068 gloriam
543 1004 628 1054 vitare

101 1085 150 1118 nos
164 1069 271 1130 docens,
287 1087 317 1120 ac
331 1073 352 1121 si
367 1073 483 1124 diceret:
501 1075 569 1124 Nolo
583 1074 628 1124 hic

100 1158 219 1207 regnare,
244 1146 308 1194 nolo
322 1146 420 1196 scribat
436 1158 481 1197 aut
506 1148 629 1199 nominet

100 1229 144 1263 me
159 1215 259 1280 Regem
274 1216 394 1281 Pilatus3
412 1229 437 1267 et
451 1220 530 1270 etiam
553 1220 629 1286 quasi

101 1300 144 1334 me
154 1285 225 1335 Patri
237 1288 416 1349 reconciliata
426 1291 552 1341 nuntians
562 1290 630 1341 mihi

101 1372 209 1422 pacem,
234 1374 278 1408 me
308 1361 425 1424 salutet,
455 1373 480 1412 et
508 1364 633 1414 osculum

101 1427 170 1477 mihi
185 1432 295 1494 praebet,
318 1443 344 1480 et
365 1447 443 1482 aures
462 1433 532 1484 meis
553 1434 633 1501 preci·

101 1499 161 1557 bus,
173 1514 233 1566 quae
248 1501 322 1565 prius
336 1518 389 1551 non
405 1504 585 1568 profecerunt,
599 1506 633 1556 ad

101 1571 301 1622 exaudiendum
318 1574 439 1626 inclinat.

136 1641 261 1691 averso
285 1659 404 1707 sentino,
430 1645 554 1698 Doiantos
573 1664 634 1698 aar·

105 1728 162 1762 sinu
189 1728 219 1763 ur
241 1730 327 1766 ussus
348 1717 443 1767 Parsis
458 1735 500 1768 sur
513 1735 634 1770 costum-

106 1800 168 1834 aar.
191 1814 223 1824 -
246 1787 306 1845 Quo
325 1787 393 1838 facto
414 1801 559 1857 antequam
579 1802 635 1843 tra-

21 1920 23 1925 ,
108 1855 184 1906 deret
199 1857 335 1923 spiritum,
356 1862 486 1912 conclusit
508 1863 638 1914 ultimum

110 1927 233 1987 verbum,
255 1930 358 1981 scilicet
388 1932 547 1997 septimum,
576 1951 637 1984 cum

109 1998 225 2050 clamore
238 2001 326 2051 valido
340 2018 365 2054 et
381 2007 512 2072 lacrymis,
527 2009 637 2058 dicens:

109 2071 203 2133 Pater,
219 2073 247 2123 in
260 2091 354 2127 marias
369 2085 438 2142 tear,
454 2081 479 2130 id
493 2091 533 2131 est
545 2082 571 2131 iu
587 2097 638 2147 po-

109 2152 203 2194 testate
236 2155 298 2208 tua,
332 2154 482 2204 commendo
516 2155 638 2220 spiritum

110 2228 203 2264 meum.
235 2217 282 2267 Per
305 2222 377 2285 quod
402 2223 488 2274 voluit
504 2225 584 2275 nobis
598 2225 649 2290 de,

110 2285 218 2368 clarare,
234 2290 306 2353 quod
321 2295 477 2343 Sanctorum
494 2295 591 2345 animae
607 2310 639 2345 ex

110 2365 174 2406 tunc
190 2374 217 2407 m
232 2376 328 2412 manus
341 2364 387 2414 Dei
405 2367 561 2426 ascendunt,
577 2383 640 2417 nam

111 2429 185 2492 prius
213 2431 246 2480 ab
273 2432 366 2484 inferis
394 2438 517 2487 omnium
543 2439 640 2489 animae

21 2566 24 2572 Ι
114 2500 283 2563 tenebantur,
299 2506 383 2556 donec
398 2508 472 2558 venit
491 2509 538 2575 qui
555 2509 642 2575 capti·

111 2569 152 2619 vis
169 2571 380 2637 redemptionem
393 2580 552 2642 praedicavit.
565 2581 643 2631 Unde

113 2639 260 2705 Cyriilas:
278 2662 290 2688 a
306 2646 368 2694 Haec
386 2663 448 2696 aum
469 2665 521 2698 vox
542 2651 641 2710 edocet,

113 2710 186 2775 quod
199 2711 298 2762 animae
312 2716 468 2766 Sanctorum
491 2734 546 2768 non
565 2719 643 2769 dein-

113 2796 176 2846 ceps
183 2780 209 2831 iu
222 2781 328 2833 inferno
340 2787 501 2837 clauduntur
512 2798 543 2838 ut
552 2788 643 2853 prius3

115 2856 161 2906 sed
177 2857 247 2921 apud
262 2858 347 2907 Deum
367 2870 438 2923 sunt,
453 2861 534 2926 hujus
549 2862 587 2912 rei
601 2861 644 2912 fa-

116 2936 157 2978 cto
183 2928 291 2978 Christo
315 2931 457 2997 principio.
479 2952 493 2980 a
520 2934 596 2983 Unde
619 2943 645 2982 et

115 3000 282 3051 Athanasius
305 3020 313 3054 :
340 3023 352 3048 u
376 3005 553 3057 Commendat
571 3005 645 3056 enim

119 3070 188 3121 Patri
209 3087 256 3135 per
272 3088 300 3122 se
314 3075 453 3125 universos
473 3077 599 3127 mortales
618 3076 645 3133 iu

116 3155 146 3190 se
158 3141 314 3203 vivificatos,
336 3162 397 3196 nam
413 3162 508 3198 sumus
525 3148 647 3198 membra

119 3211 186 3273 ejus,
202 3215 351 3263 secundum
364 3216 428 3265 illud
444 3218 575 3282 Apostoli.
588 3216 647 3268 Om-

115 3296 166 3332 aes
178 3297 257 3334 uum
279 3286 345 3336 estis
359 3288 386 3337 in
401 3289 544 3340 Christo.»
567 3290 648 3341 Prius

115 3364 180 3416 ergo
216 3354 348 3405 Dominus
374 3359 557 3410 clamaverat:
589 3360 647 3424 Eli,

116 3424 174 3487 Eli,
189 3431 247 3488 etet,
263 3437 289 3477 et
301 3430 485 3491 modoclamat
495 3450 502 3482 :
512 3433 606 3496 Pater,
620 3433 648 3483 ia

117 3507 211 3545 manus
226 3503 298 3561 tuas,
319 3505 368 3550 etc.
391 3500 467 3551 Unde
481 3502 592 3570 quidam
606 3502 649 3552 di-

118 3575 201 3644 cunt,
227 3577 258 3616 ut
288 3569 490 3636 Hieronymus,
520 3573 592 3639 quod
616 3572 650 3622 ab

118 3635 167 3685 iilo
188 3635 295 3687 Psalmo
308 3641 410 3704 :Deua
426 3643 499 3693 Deus
508 3658 590 3707 meus,
604 3658 651 3695 re-

120 3709 192 3774 spice
213 3709 241 3759 ia
256 3725 306 3773 me,
328 3728 415 3779 usque
437 3716 470 3764 ad
494 3715 578 3767 istum
594 3732 652 3768 rer-

120 3795 209 3831 su-m:
237 3782 269 3833 Ia
293 3799 389 3835 manas
417 3792 486 3850 tuas,
515 3788 563 3839 ubi
587 3798 652 3839 suut

119 3853 222 3918 psalmi*
247 3855 348 3914 decem,
372 3867 399 3906 et
425 3872 518 3908 versus
542 3868 651 3910 centum

121 3925 328 3993 qninquaginta,
350 3926 475 3978 Christus
489 3928 585 3979 dixerit
607 3945 653 3982 eos

369 317 546 369 SECUNDAE
559 315 683 367 Pastis
697 317 813 369 CAPUT
826 319 917 370 LXIV.

674 449 779 496 omnes,
802 433 922 498 primum
949 431 1073 482 videiicet
1095 430 1203 482 et'ulti-

673 519 753 554 mum
768 518 876 554 versum
891 517 948 552 cam
961 496 1089 564 clamore,
1104 500 1202 553 sediti·

674 575 822 626 termedios
851 574 902 623 sub
933 572 1051 624 silentio.
1087 572 1128 623 De
1155 571 1205 625 isto

676 649 790 699 clamore
804 646 918 706 Christi,
937 646 1008 696 sicut
1031 645 1108 696 etde
1128 660 1205 713 supe·

675 718 751 782 riori,
765 718 872 768 videtur
884 717 959 784 loqui
972 717 1129 783 Apostolus,
1147 731 1205 767 mn

676 789 771 839 dicit:
800 788 853 848 Qui
879 788 906 838 in
930 787 1025 838 diebus
1044 787 1205 839 carnisne

673 876 769 929 preces
783 876 840 912 cum
864 861 982 912 clamore
998 860 1091 911 valido
1115 865 1144 911 et
1165 858 1205 910 ia-

679 935 782 1002 crymis
802 934 926 1003 offerens,
941 931 1091 983 exauditas
1104 939 1147 982 est
1157 945 1205 998 pro

679 1020 731 1056 sica
744 1005 901 1056 reverentia.
922 1004 954 1054 Et
976 1018 1008 1053 ex
1028 1003 1080 1052 hoc
1095 1001 1206 1063 videtur,

680 1076 752 1143 quod
768 1076 893 1125 Christus
910 1083 964 1124 tam
982 1074 1010 1123 in
1028 1073 1083 1123 illis
1096 1071 1206 1123 verbis:

680 1147 736 1210 Eli,
754 1146 810 1209 Eli,
825 1152 883 1208 ete,
905 1161 987 1210 quam
1004 1143 1131 1194 inistis:
1152 1143 1208 1194 Pa-

682 1219 765 1282 ter,in
781 1233 875 1268 manus
890 1224 959 1278 tuas,
978 1223 1036 1280 ete,
1051 1217 1211 1282 lacrymatus

681 1291 770 1342 fuerit.
782 1291 836 1341 Alii
851 1306 913 1340 vero
927 1290 1029 1350 dicunt,
1041 1290 1115 1354 quod
1133 1287 1212 1339 Chri·

681 1371 727 1411 tus
750 1371 837 1411 totum
858 1362 995 1410 Psalmum
1014 1375 1022 1408 :
1044 1359 1130 1420 Deus,
1141 1357 1212 1409 Deus

682 1445 765 1495 metes,
789 1431 891 1496 respice
918 1430 945 1480 in
968 1442 1010 1478 me
1025 1436 1092 1491 eet
1119 1426 1214 1477 deinde

683 1503 889 1554 Psalmum21a
905 1508 938 1564 te,
947 1501 1069 1562 Domine,
1084 1514 1174 1566 usque
1183 1498 1214 1549 nd

683 1589 811 1625 versum:
826 1574 857 1624 Ie
875 1587 969 1622 manas
988 1577 1051 1621 tuas
1065 1568 1215 1621 machnire

683 1645 842 1696 decantavit.
885 1642 1093 1695 commendavit
1126 1650 1215 1693 unte!

685 1719 820 1771 Dominus
833 1721 910 1769 iesus
924 1718 994 1768 Patri
1008 1716 1146 1782 spiritum,
1163 1728 1216 1764 non

687 1791 761 1857 quod
775 1801 874 1855 egeret,
887 1790 934 1840 sed
949 1799 980 1838 ut
1000 1803 1051 1838 nos
1063 1786 1216 1837 instrueret

688 1864 718 1914 ln
731 1864 784 1913 hoc
801 1861 1005 1926 enim..septimo
1028 1859 1123 1919 serbo,
1147 1856 1217 1924 quad

689 1934 814 1984 maxima
825 1933 976 1982 devotionis
991 1930 1051 1989 fuit,
1065 1929 1217 1994 exemplum

690 2004 848 2069 multiplicis
862 2001 1061 2052 informationis
1079 1997 1161 2050 nobis
1177 2012 1218 2048 re-

689 2076 770 2142 liquit
799 2086 878 2140 prout
902 2073 970 2124 infra
999 2073 1027 2122 in
1052 2069 1219 2122 documentis
1256 2098 1260 2103 ·

691 2147 795 2198 articuli
810 2145 918 2212 patebit.

723 2220 737 2270 3
762 2221 895 2270 Cuarsrus
916 2231 1039 2267 srmrruu
1060 2229 1181 2265 euirrtr.
1194 2239 1221 2250 -

692 2291 750 2342 Hoc
764 2298 853 2339 autem
871 2289 953 2338 verbo
970 2287 1067 2336 ultimo
1087 2284 1160 2334 dicto
1181 2284 1222 2334 irt-

692 2362 792 2413 ciiaato
818 2360 906 2424 capite
931 2356 1045 2408 tradidit
1064 2370 1113 2405 seu
1138 2353 1224 2405 emisit

693 2433 825 2498 spiritum,
844 2447 899 2480 non
913 2439 1021 2479 coactus
1031 2436 1057 2476 et
1071 2424 1166 2486 invite,
1177 2423 1221 2474 sed

694 2503 802 2569 quando
824 2501 910 2552 voluit
928 2509 955 2550 et
975 2496 1145 2560 voluntarie,
1168 2494 1225 2546 sine

694 2574 831 2624 coactione
842 2571 988 2638 expiravit,
1003 2569 1031 2618 id
1043 2578 1083 2618 est
1096 2565 1222 2633 spiritum

694 2656 767 2694 extra
782 2658 879 2708 corpus
894 2652 990 2706 sponte
1004 2650 1030 2689 et
1050 2637 1160 2703 propria
1176 2651 1225 2704 po-

694 2725 787 2767 testate
814 2715 898 2773 misit,
930 2729 984 2763 non
1009 2711 1079 2762 alius
1107 2707 1225 2760 extorsit.

696 2787 774 2838 Unde
787 2787 976 2855 Augustinus:
993 2802 1006 2830 n
1024 2781 1093 2842 Quis
1109 2781 1147 2832 ita
1162 2780 1226 2830 dor-

696 2861 747 2912 mit
772 2861 881 2926 quando
909 2858 1032 2918 voluerit,
1056 2857 1126 2906 sicut
1152 2855 1226 2905 Jesus

696 2941 819 2981 mortuus
839 2941 879 2980 est
899 2929 1008 2994 quando
1028 2925 1138 2976 voluit?
1161 2922 1228 2984 Quis

697 3003 734 3053 ita
762 3013 863 3053 vestem
896 3000 972 3066 ponit
1000 2997 1110 3064 quando
1133 2995 1227 3044 volue-

698 3076 743 3136 rit,
776 3075 844 3125 sicut
864 3089 894 3124 se
919 3086 998 3123 carne
1018 3069 1094 3120 exuit
1118 3065 1229 3134 quaeda

697 3148 804 3200 voluit?
825 3147 893 3206 Quis
916 3145 974 3205 ita,
994 3141 1102 3209 quando
1134 3139 1230 3191 volus·

699 3220 750 3280 rit,
781 3218 854 3278 obit,
879 3215 1016 3282 quomodo
1039 3228 1101 3263 curn
1131 3207 1232 3267 voluit,

700 3290 768 3341 obiit
781 3289 790 3338 ἲ
811 3288 918 3347 Quanta
934 3284 1065 3352 speranda
1078 3283 1122 3333 vel
1135 3280 1232 3334 tim·

700 3362 736 3412 da
755 3370 797 3410 est
810 3369 928 3424 potestas
946 3352 1102 3420 judicantis,
1119 3351 1143 3402 si
1160 3359 1234 3402 nm

700 3429 825 3498 apparuit
851 3424 1018 3477 morientisi
1050 3443 1065 3471 s
1091 3423 1151 3472 hec
1171 3421 1235 3472 Att-

701 3501 838 3569 guttinus.
865 3498 915 3548 llic
945 3511 1008 3561 ergo
1030 3501 1140 3559 apparet
1158 3489 1236 3558 quad

702 3572 827 3624 Christus
857 3569 975 3621 tradidit
1001 3566 1145 3632 spirim,
1177 3561 1236 3613 cle·

703 3643 814 3703 mando,
831 3643 931 3693 orando
954 3649 980 3690 et
997 3634 1186 3702 lacrymanda.
1205 3632 1237 3683 ln

703 3714 799 3784 primis
812 3713 928 3770 duobus,
948 3708 1068 3759 scilicet:
1082 3705 1113 3755 in
1124 3702 1237 3755 maden·

703 3791 740 3840 do
751 3787 889 3854 spiritum,
898 3796 925 3834 et
939 3779 1089 3846 camando,
1107 3766 1237 3857 ditificas

703 3858 838 3926 apparuit,
850 3867 877 3906 et
892 3852 999 3904 deitatis
1016 3865 1074 3902 sisae
1086 3855 1237 3927 potetatem

705 3931 830 3982 Christus
854 3924 1003 3978 declararit.
1025 3920 1143 3970 Tradere
1162 3930 1237 3968 enim
