2626 4328
147 269 326 328 QUOMODO
342 270 503 322 DOMINUS
516 272 696 326 APPARUIT
706 275 852 329 DUOBUS
866 280 989 332 DISCIP.
1001 234 1036 331 [U
1053 283 1121 333 VIA.
1156 298 1205 349 701

83 384 196 443 tellecta,
213 395 239 435 et
250 385 404 436 faciendum
416 386 461 438 ea!
478 426 481 433 ,

115 474 133 521 4
148 459 201 517 Qut
218 475 325 510 toruus
337 477 365 509 ru
383 476 481 511 craton
500 477 615 512 turritus

83 547 145 580 rari
161 547 272 581 oaaaur.
295 561 325 570 -
347 533 532 584 Humiliernus
555 549 618 601 ergo

85 618 144 662 nos,
159 613 189 652 ut
201 619 303 653 sacram
318 604 484 670 Scripturaru
501 606 620 671 inquira-

84 688 146 722 mus
156 682 183 723 et
192 676 340 724 secundum
354 690 412 724 eam
421 674 556 738 vivamus3
570 675 619 726 hu-

86 742 225 792 miliemus
244 744 324 793 etiam
338 760 388 794 nos
402 745 436 794 ad
451 745 619 795 tolerantiam

85 816 253 880 passionum,
276 828 305 867 ut
324 817 467 883 participes
483 818 620 869 Passionis

84 886 186 936 Christi
207 886 410 946 erratissimus
430 889 495 938 socii
520 891 619 941 Resur-

84 957 211 1006 rectionis
223 966 249 1007 et
260 958 353 1022 gloriae
368 959 462 1024 ipsius.
477 960 532 1018 Qui
544 960 617 1011 enim

85 1043 140 1077 non
167 1029 347 1093 compatitur,
373 1047 427 1080 non
454 1031 565 1082 intrabit
589 1031 618 1080 in

83 1099 197 1162 gloriam
209 1099 292 1161 illam,
306 1116 388 1165 quatu
401 1101 481 1152 etiam
495 1101 619 1167 praecedit

82 1170 271 1220 mandatorum
285 1171 435 1236 inquisiti0,
450 1182 476 1222 et
486 1171 618 1236 impletio.

83 1243 159 1293 Unde
175 1244 275 1293 Beda:
295 1263 309 1291 a
333 1244 482 1295 H0cnobis
505 1245 534 1294 in
557 1245 616 1295 loco

81 1332 138 1366 non
160 1317 243 1365 ullam
259 1318 425 1383 Scripturam
447 1317 620 1383 interpretan-

81 1387 119 1449 di,
136 1387 182 1436 sed
197 1386 371 1453 geminanon
386 1388 459 1453 ipsos
473 1388 619 1440 humilian-

80 1460 109 1508 di
130 1461 273 1510 necessitas
297 1461 438 1523 incumbit,
455 1461 502 1527 qui
530 1476 618 1527 neque

81 1534 110 1583 in
128 1536 273 1600 Scripturis
286 1546 418 1601 quantum
432 1545 537 1601 oportet
549 1536 617 1586 edo—
643 1561 645 1576 =

82 1605 128 1669 cti,
150 1608 284 1672 nequead
305 1607 441 1672 implenda
461 1622 522 1672 quae
538 1606 617 1657 novi-

83 1693 144 1726 mus
163 1687 293 1742 quantum
309 1679 384 1728 decet
398 1693 493 1727 sumus
509 1677 616 1727 intenti.

82 1751 152 1799 Nam
165 1751 187 1799 si
203 1752 310 1816 Moyses
323 1762 349 1800 et
362 1766 458 1800 omnes
477 1751 616 1816 Prophetae

83 1821 225 1872 Christum
240 1823 324 1872 locuti
348 1833 419 1881 sunt,
436 1832 462 1872 et
482 1822 555 1871 huuc
570 1838 618 1889 per

79 1893 234 1957 angustiam
270 1893 406 1943 Passionis
436 1894 464 1943 in
502 1892 616 1959 gloriam

80 1979 160 2012 suam
179 1963 344 2014 intraturum
359 1964 549 2029 praedixerunt,
563 1979 616 2030 qua
634 2012 635 2017 ,

81 2033 187 2085 ratione
199 2036 349 2100 gloriantur
367 2051 396 2086 se
408 2051 467 2086 esse
482 2035 618 2086 Christia-

83 2122 142 2164 nos,
159 2107 206 2172 qui
221 2108 294 2171 juxta
315 2107 414 2157 virium
427 2123 538 2158 suarum
562 2123 618 2157 mo-

79 2178 188 2238 dulum,
219 2194 307 2244 neque
325 2180 477 2245 Scripturas
502 2179 618 2245 qualiter

79 2248 116 2298 ad
128 2248 268 2299 Christum
279 2251 430 2312 pertineant
446 2250 616 2315 investigare,

82 2335 173 2385 neque
184 2321 216 2370 ad
231 2321 355 2386 gloriam,
368 2337 454 2387 quam
466 2337 529 2371 cum
542 2320 619 2372 Chri·

81 2404 123 2442 sto
142 2392 240 2442 habere
260 2392 383 2458 cupiunt,
410 2408 457 2458 per
479 2391 618 2458 passiones

81 2466 291 2515 tribulationum
320 2466 472 2515 desiderant
497 2465 635 2530 attinge-³

81 2536 125 2586 re!
139 2557 152 2584 n
168 2538 227 2587 haec
241 2537 327 2587 Beda.
343 2537 468 2586 Christus
478 2536 556 2586 enim
572 2551 618 2600 per

83 2608 240 2658 Passionem
263 2617 297 2658 et
322 2618 457 2666 mortem,
488 2617 635 2673 tanquam¹

81 2694 130 2743 per
151 2689 256 2744 portam
278 2688 429 2743 angustam,
455 2677 565 2728 intravit
589 2677 617 2727 in

84 2753 199 2817 gloriam
223 2768 309 2812 suam,
331 2749 478 2802 ostendens
502 2768 552 2802 nos
569 2767 636 2817 porj

82 2824 183 2872 multas
197 2824 387 2874 tribulationes
410 2823 512 2874 intrare
527 2823 556 2872 in
572 2837 618 2872 re-

81 2909 167 2958 gnum
190 2894 248 2944 Dei.
271 2895 394 2944 Delirant
419 2909 482 2958 ergo
501 2905 527 2942 et
550 2892 617 2942 fatui

83 2973 155 3023 sunt,
173 2964 296 3029 quisine
317 2965 370 3029 pati
384 2974 411 3014 et
430 2962 618 3013 tribulationi-

84 3035 136 3084 bus
159 3045 330 3098 praesumuut
342 3035 443 3084 intrare
458 3034 488 3083 in
504 3033 618 3098 gloriam
635 3078 638 3087 .

80 3107 197 3156 alienam
219 3123 309 3157 :cum
335 3106 461 3156 Christus
488 3105 546 3154 sine
573 3105 618 3155 his

81 3196 136 3229 non
149 3181 287 3230 intraverit
299 3180 328 3230 in
340 3179 453 3246 gloriam
468 3194 557 3237 suam,
572 3178 617 3228 sed

82 3252 226 3315 oportebat
247 3254 333 3302 multa
356 3251 410 3317 pati
436 3251 525 3309 illum,
542 3250 638 3314 cujus·

82 3322 240 3373 naturaliter
256 3333 297 3372 est
310 3338 437 3388 regnum,
456 3322 542 3372 multo
557 3336 618 3372 ma-

82 3396 126 3461 gis
142 3412 200 3459 nos,
217 3413 335 3464 quorum
358 3412 413 3446 non
440 3404 480 3445 est
503 3410 617 3460 regnum

79 3467 136 3516 nisi
154 3466 187 3516 de
204 3468 297 3533 gratia,
322 3476 428 3532 oportet
446 3482 496 3531 per
514 3465 639 3533 multas}

81 3539 271 3590 tribulationes
284 3539 381 3588 intra-re
398 3537 427 3586 in
438 3551 557 3601 regnum
570 3550 619 3585 cce-
634 3560 638 3591 ;

82 3610 183 3659 lorum.
219 3609 381 3674 Exemplum
417 3607 550 3656 habemus
584 3604 638 3655 de*

83 3682 213 3733 omnibus
244 3682 311 3733 caris
334 3691 360 3731 et
383 3680 487 3730 electis·
504 3676 616 3737 Christi,
635 3674 637 3681 '

84 3751 132 3817 qui
152 3768 247 3803 omnes
262 3751 394 3818 perviam
418 3747 552 3814 passionis
566 3761 618 3798 vo·-

85 3823 210 3872 luntariae
230 3830 361 3873 venerunt
374 3821 408 3871 ad
425 3834 539 3886 regnum
559 3816 618 3868 uei.

86 3893 189 3942 Mirum
212 3893 314 3958 quippe
339 3901 410 3942 esset
433 3889 458 3940 si
485 3888 549 3955 quis
572 3887 618 3938 iu-

672 402 742 442 trare
758 395 841 445 nollet
856 403 978 461 portam*
989 414 1035 463 per
1051 415 1134 464 quam
1151 401 1209 451 lim

673 478 738 513 suus
761 464 897 517 intrasset.
923 469 1000 519 Unde
1022 470 1206 522 Berttardus:

672 554 688 582 a
702 536 789 602 Caput
812 550 934 590 nostrum
956 556 1003 606 per
1029 543 1167 607 passiones
1181 552 1208 593 et

672 609 810 674 angustias
826 613 925 663 coelum
946 613 1058 664 introire
1072 614 1206 676 videmus,

672 688 698 728 et
713 694 763 729 nos
778 682 899 732 membra
913 683 971 746 eius
993 683 1072 734 nobis
1093 684 1144 734 alia
1156 683 1205 734 iti-

674 763 737 798 nera
765 751 943 802 somniamus.
972 755 1142 804 Monstruosa
1164 769 1208 805 ros

673 832 723 883 est,
748 823 771 873 si
796 839 844 889 per
868 840 955 875 unum
980 825 1102 877 foramen
1129 837 1208 892 caput

673 893 788 944 transire
800 895 933 955 videmus,
949 912 996 960 per
1007 897 1080 947 aliud
1094 913 1206 962 corpus;

673 965 770 1028 pudeat
791 966 843 1015 sub
863 966 970 1032 spinato
985 968 1072 1032 capite
1087 969 1209 1023 membra

673 1033 730 1084 fieri
757 1036 869 1087 delicata
893 1053 899 1086 :
924 1056 937 1083 n
962 1037 1021 1088 haec
1037 1040 1207 1091 Bernartius.

673 1105 811 1156 Hereditas
824 1107 925 1172 quippe
939 1108 1035 1157 transit
1048 1109 1082 1158 ad
1097 1109 1209 1163 heredes

673 1194 735 1229 cum
761 1195 811 1230 suo
834 1196 915 1231 onere
942 1192 968 1231 et
991 1182 1106 1241 honore,
1136 1184 1209 1234 Deus

670 1259 761 1299 autern
777 1251 916 1301 hereditati
938 1252 1115 1302 beatitudinis
1127 1264 1207 1304 acter-

673 1334 714 1369 nae
734 1320 857 1384 adjunxit
878 1337 957 1383 onus,
977 1322 1004 1371 id
1025 1332 1066 1373 est
1087 1324 1208 1373 toletan·

673 1390 738 1441 tiam
755 1391 889 1456 passionis
901 1408 908 1454 ;
921 1402 953 1442 =et
976 1407 1041 1442 cum
1058 1393 1110 1443 isto
1124 1407 1207 1443 onena

673 1462 768 1513 habuit
791 1478 851 1514 eam
870 1464 1005 1524 Christus,
1027 1465 1091 1530 quia
1110 1476 1141 1515 ut
1162 1465 1207 1519 hic

671 1535 791 1586 dicitur:
808 1536 934 1601 Oportut't
950 1537 1086 1587 Christum
1094 1537 1164 1603 pati,
1179 1543 1207 1588 et

671 1608 711 1659 itu
727 1608 833 1659 intrare
848 1609 875 1659 in
892 1609 1012 1676 gloriam
1036 1624 1133 1671 tuam3
1155 1609 1207 1660 ha-

671 1679 787 1729 buerunt
800 1695 862 1730 eam
876 1680 1010 1746 Apostoli,
1025 1679 1095 1746 quia
1115 1695 1208 1746 perse·

672 1750 810 1801 cutionem
825 1766 874 1816 pro
890 1751 1010 1809 Christo,
1037 1762 1067 1800 ut
1092 1750 1150 1815 ipse
1166 1751 1209 1806 eis

672 1821 848 1886 praedixerat,
878 1823 1080 1885 sustinuerunt;
1108 1821 1209 1874 habent

669 1908 730 1942 eam
749 1908 847 1944 omnes
867 1893 968 1954 fideles,
994 1893 1068 1958 quia,
1092 1905 1122 1942 ut
1143 1892 1208 1945 dicit

670 1965 837 2029 Apostolus:
855 1965 952 2017 Omnes
976 1963 1023 2030 qui
1041 1964 1088 2029 pie
1108 1963 1207 2013 nolum

670 2038 759 2088 nivere
773 2038 800 2088 in
816 2037 925 2088 Christo
944 2038 1020 2099 Jesu,
1034 2035 1206 2102 persecutio-

671 2125 728 2159 nem
746 2109 904 2175 patientum
926 2108 973 2174 qui
994 2124 1058 2174 ergo
1079 2109 1137 2159 vult
1165 2122 1207 2157 as-

667 2179 748 2246 sequi
784 2190 911 2231 aeternam
949 2179 1144 2228 beatitudinem
1179 2186 1206 2228 et

671 2254 774 2302 nullam
793 2252 847 2316 pati
869 2252 1080 2310 tribulationem,
1098 2251 1205 2300 videtur

671 2325 744 2388 quod
766 2322 832 2374 velit
849 2338 906 2373 esse
919 2332 948 2372 et
962 2321 1071 2371 Christo
1085 2321 1204 2386 dignior,

671 2404 697 2444 et
723 2393 862 2459 Apostolis
886 2391 1016 2453 sanctior,
1046 2401 1072 2441 et
1100 2390 1205 2442 cunctis

671 2465 798 2516 fidelibus
816 2464 923 2515 melior.

705 2537 718 2586 5
735 2537 872 2586 Dtsctruar
883 2536 1024 2585 Cuarsruu
1036 2547 1152 2583 sonorus
1161 2546 1208 2582 tuta

668 2623 824 2658 aruoartrsu
847 2621 961 2656 mount.
978 2633 1009 2647 -
1027 2605 1066 2654 Et
1080 2619 1139 2655 cum
1152 2617 1206 2667 ap-

669 2681 865 2747 propinquaret
899 2678 1011 2730 caslallo
1037 2693 1088 2743 qno
1114 2677 1206 2739 ibant,

670 2765 736 2804 tunc
760 2752 820 2818 ipse
838 2751 975 2803 Dominus
989 2749 1078 2815 finxit
1095 2764 1123 2798 se
1147 2748 1208 2798 lon-

671 2826 736 2890 gius
752 2824 801 2886 ire,
816 2832 845 2873 ut
865 2822 968 2873 scilicet
986 2835 1080 2869 eorum
1097 2826 1209 2883 augeret

672 2893 846 2954 desiderium,
869 2901 896 2942 et
920 2889 1079 2940 invitaretur
1106 2889 1139 2936 ab
1156 2886 1206 2946 eis,

671 2977 697 3014 et
724 2975 870 3015 teneretur.
902 2961 982 3013 Unde
1016 2959 1176 3010 Bernartius
1191 2975 1206 3008 ·:

673 3054 687 3082 a
709 3036 861 3086 simulabat
886 3046 915 3082 se
938 3029 1048 3097 longius
1073 3029 1128 3092 ire;
1150 3042 1207 3078 non

672 3108 736 3174 quia
756 3107 871 3165 volebat,
894 3104 941 3155 sed
962 3104 1068 3154 volebat
1090 3102 1205 3153 audite:

671 3178 757 3229 Mane
780 3177 924 3238 nobiscnm,
942 3174 1065 3233 Domine,
1081 3173 1207 3238 qnoniam

671 3247 872 3314 advesperascit
896 3263 904 3295 .·
926 3263 941 3292 n
961 3244 1024 3295 hac
1038 3242 1205 3294 Bernardns.

672 3323 703 3371 ln
724 3321 776 3371 hoc
799 3329 890 3369 nmen
911 3318 992 3367 ‘nulla
1018 3315 1122 3367 falsitas
1144 3315 1205 3376 fuit,

635 3389 638 3399 '
672 3392 736 3458 quia
756 3388 947 3454 sicutaliquid
965 3396 1052 3454 potest
1067 3387 1132 3454 fingi
1146 3403 1208 3438 ver-
1280 3413 1284 3420 ·

672 3464 725 3523 bis,
747 3463 784 3513 ita
804 3472 831 3512 et
851 3461 927 3512 factis
946 3477 955 3511 ·.
977 3460 1096 3526 primum
1117 3471 1208 3514 autem

671 3534 723 3584 fuit
747 3533 807 3583 sine
828 3531 949 3590 salsitate,
972 3539 1002 3580 ut
1019 3539 1091 3596 patet
1112 3530 1141 3580 in
1161 3546 1209 3597 pa-

673 3605 773 3656 rabolis
793 3602 960 3654 Testamenti
985 3601 1053 3652 Novi
1075 3611 1101 3651 et
1126 3603 1207 3653 Vere*

667 3679 720 3739 ris,
740 3677 839 3743 quibus
861 3675 965 3742 aliquid
986 3675 1100 3743 fingitur
1119 3673 1206 3725 verbis

671 3751 704 3801 ad
728 3748 866 3799 veritatem
891 3748 1011 3813 aliquam
1038 3745 1203 3797 convenien-

672 3825 726 3874 tius
741 3822 945 3888 designandam,
966 3830 994 3871 et
1014 3821 1107 3870 eodem
1122 3813 1201 3866 modo

673 3894 719 3944 hic
732 3893 860 3944 Christus
872 3892 962 3982 finxit
982 3905 1011 3942 se
1031 3889 1137 3954 longius
1149 3883 1199 3943 im,
