2626 4328
138 287 192 354 728

136 414 179 456 stu
201 405 314 471 triplici,
332 406 456 456 scilicet:
471 402 546 454 verbi
570 403 628 462 Dei,
650 412 675 453 et

136 477 203 526 boni
216 476 344 542 exempli,
360 485 386 527 et
401 485 482 542 prout
499 483 585 541 potest
603 484 674 524 tem-

122 547 235 612 ·poralis
248 547 375 598 subsidii.
392 547 443 597 Sed
459 546 532 596 istud
549 545 622 610 quod
639 543 677 592 di-

136 612 207 668 ritur
222 627 270 679 ter,
283 631 377 684 pasce,
392 617 507 683 quidam
528 615 594 665 mali
612 630 676 664 mu-

137 700 192 741 tant
215 690 245 740 in
268 690 358 750 tonde,
380 705 491 756 munge,
515 687 675 739 retorride:

137 761 201 829 quia
219 762 298 812 multi
320 761 400 812 hodie
418 761 542 812 subditos
558 760 692 815 exactio,

139 836 222 888 nibus
232 837 422 903 temporalium
438 836 608 903 opprimunt,
624 850 677 885 ma·

138 909 172 959 lis
186 908 360 958 suasionibus
376 918 401 959 et
416 907 547 972 exemplis
559 922 676 957 corrum-

138 990 216 1048 punt,
239 991 264 1031 et
288 981 427 1045 occidunt;
448 981 495 1032 sed
519 981 553 1030 de
576 979 675 1046 triplici

139 1063 217 1118 pastu
232 1052 360 1118 praedicto
384 1068 480 1119 parum
501 1051 621 1118 cogitant
634 1051 676 1100 vel

139 1134 243 1176 curant.

175 1213 202 1246 11
232 1197 399 1247 Maarrnrorr
424 1213 477 1246 ena
497 1211 594 1247 caucis.
612 1211 677 1246 sur·

139 1283 246 1318 errorum
261 1268 352 1318 Pareo
374 1283 552 1318 enmorcrrun.
572 1295 602 1304 -
621 1267 676 1317 De-

139 1337 202 1387 inde
234 1348 380 1406 postquam
407 1338 502 1388 Petrus
527 1337 675 1388 Dominum

138 1425 167 1460 se
182 1425 272 1461 amare
294 1421 334 1461 ter
358 1409 507 1474 respondit,
522 1419 547 1459 et
562 1425 610 1475 per
624 1409 677 1472 hoc

131 1482 239 1530 'amoris
254 1481 295 1530 sui
311 1480 484 1546 privilegium
499 1479 676 1540 confirmavit,

140 1561 254 1600 mortem
279 1567 356 1600 suam
384 1550 408 1600 ei
437 1551 572 1601 Dominus
599 1567 676 1600 nun-

140 1621 208 1670 tians
229 1637 310 1671 suum
329 1620 490 1686 martyrium
506 1621 559 1670 sibi
576 1621 676 1686 praedi-

139 1691 194 1755 xit3
212 1692 240 1741 in
258 1707 311 1757 qua
327 1703 414 1742 morte
435 1701 566 1757 quantum
584 1693 687 1742 Petrus*

140 1778 202 1812 eum
219 1762 342 1824 dilexerit
362 1761 558 1812 demonstravit
577 1773 675 1828 aperte,

141 1833 205 1898 quia
225 1833 329 1898 praelati
353 1832 478 1883 Ecclesiae
502 1842 605 1882 tantam
627 1834 676 1882 de-

141 1905 206 1953 bent
216 1904 473 1962 caritatem-habere,
484 1912 514 1952 ut
526 1903 609 1968 parati
622 1902 677 1952 sint

142 1989 171 2023 se
185 1973 265 2023 morti
283 1989 332 2038 pro
346 1988 424 2038 grege
439 1987 579 2038 exponere.
599 1973 677 2023 Unde

62 2098 64 2105 ,
141 2043 178 2093 ait
199 2043 472 2111 Christus-loquens
496 2043 573 2092 Petro
598 2059 677 2109 para-

143 2116 228 2166 bolice
246 2132 252 2165 :
272 2117 338 2166 Cum
357 2130 431 2166 esses
437 2116 534 2183 junior
553 2118 676 2166 nontam

142 2197 226 2247 aetate,
246 2203 328 2254 quam
348 2203 444 2237 sensus
459 2197 485 2237 et
497 2187 607 2237 virtutis
622 2188 677 2237 im-

142 2258 285 2308 becillitate
296 2275 350 2324 qua
365 2258 469 2323 negasti
483 2274 535 2322 me,
549 2259 677 2324 cingebas

143 2336 176 2391 te,
195 2339 221 2380 et
235 2331 267 2379 ad
284 2330 394 2380 libitum
410 2341 488 2380 tuum
506 2331 676 2397 properabas,

141 2407 167 2450 et
183 2402 341 2450 ambulabas
364 2401 408 2450 ubi
430 2402 579 2452 secundum
594 2416 676 2467 appe·

141 2470 221 2519 titum
244 2471 366 2533 volebas,·
389 2485 448 2521 cum
472 2478 560 2521 autem
583 2485 676 2521 senue-

141 2539 189 2601 ris,
214 2554 266 2588 non
289 2548 343 2589 tam
368 2550 453 2604 aetate,
478 2557 560 2607 quarn
581 2557 676 2592 sensus

140 2618 165 2658 et
183 2609 291 2658 virtutis
310 2610 464 2670 stabilitate,
481 2612 551 2662 sicut
563 2613 617 2676 jam
632 2622 678 2662 tua

140 2680 330 2730 demonstrasti
348 2681 528 2742 confessione,
548 2684 677 2733 extendes

140 2765 235 2801 mantis
250 2757 320 2814 tuas,
333 2752 437 2801 scilicet
449 2753 481 2801 ad
496 2769 613 2814 crucem,
626 2754 677 2803 hoc

141 2835 190 2884 est,
214 2823 391 2890 crucifigeriS,
417 2825 465 2874 ubi
490 2825 677 2891 promptitudo

142 2897 199 2961 ejus
213 2897 244 2945 ad
261 2895 422 2962 martyrium
439 2896 609 2946 tolerandum
628 2897 677 2946 de-

142 2969 274 3034 signatur,
294 2977 320 3018 et
333 2983 417 3034 genus
432 2969 545 3031 mortis;¹
558 2970 676 3031 elalius,

143 3040 244 3090 scilicet
264 3049 357 3100 tortor,
378 3045 404 3090 te
424 3040 522 3105 cinget,
539 3049 565 3090 et
585 3040 679 3108 ligabit

143 3110 269 3170 vinculis,
285 3109 336 3160 fuit
352 3111 426 3160 enim
447 3111 545 3176 ligatus
559 3111 677 3170 chordis,

144 3193 170 3232 et
190 3183 277 3233 sicin
300 3199 377 3234 cruce
393 3183 506 3250 positus,
522 3199 578 3234 non
598 3184 679 3235 clavis

144 3253 248 3312 affixus,
267 3264 298 3304 ut
317 3255 417 3305 viveret
439 3255 552 3315 diutius,
567 3263 593 3304 et
616 3255 678 3305 lon·

143 3323 202 3387 gior
216 3335 285 3374 esset
306 3323 392 3389 ipsius
409 3325 564 3389 cruciatus,
578 3331 603 3375 et
626 3325 678 3375 du-

144 3399 184 3442 cet
199 3400 230 3456 te,
246 3395 273 3444 id
288 3406 328 3446 est
341 3396 457 3446 viriliter
471 3397 568 3456 trahet,
583 3411 634 3461 quo
652 3403 678 3446 tu

144 3477 194 3512 aon
218 3466 259 3514 vis
281 3467 320 3516 ire
341 3467 506 3530 naturaliter,
531 3467 678 3518 secundum

141 3534 289 3598 appetitum
314 3537 490 3599 sensitivam,
518 3538 621 3588 scilicet
646 3538 678 3587 ad

143 3615 269 3665 mortem,
293 3623 375 3674 quam
398 3609 497 3675 refugit
521 3608 680 3661 sensualitas

143 3687 169 3726 et
182 3679 308 3728 voluntas
324 3682 464 3745 naturalis3
485 3683 620 3734 voluntate
637 3691 678 3731 ta-

143 3765 206 3800 men
221 3750 366 3804 deliberata
380 3764 407 3804 et
422 3756 541 3818 electiva,
556 3771 613 3821 qua
630 3770 679 3805 cu-

144 3822 234 3889 piebat
259 3839 317 3874 esse
344 3841 407 3876 cum
435 3828 544 3879 Christo
572 3829 600 3878 in
625 3827 678 3877 vita

136 3905 248 3958 aeterna,
264 3905 292 3947 et
304 3897 454 3948 secundum
469 3899 616 3964 appetitum
632 3901 678 3948 in-

378 287 554 340 SECUNDAE
573 284 697 336 PARTIS
711 285 836 337 'CAPUT
852 288 967 339 LXXIX.

729 404 892 456 tellectivum
912 407 993 458 etiam
1017 403 1097 459 senex
1119 411 1208 463 voluit
1231 415 1265 465 ad

730 486 843 526 mortem
867 478 929 528 duci
950 489 976 528 et
996 479 1125 546 cruciligi,
1147 497 1267 548 sequens
1291 541 1293 545 ‚

730 547 889 611 Magistrum
915 565 1010 610 suum,
1035 551 1082 617 qui
1108 552 1145 602 ait
1166 569 1174 602 ε
1199 555 1267 606 Non

730 631 789 667 mea
809 619 940 681 voluntas,
957 620 1004 670 sed
1023 627 1068 670 tua
1082 622 1156 688 Ji'at3
1177 625 1226 674 sed
1241 625 1264 674 si

730 687 785 739 fieri
805 702 903 755 posset,
922 693 1005 743 vitam
1021 703 1148 744 aeternam
1166 690 1290 762 praeter*

730 761 825 811 mortis
835 764 986 814 molestiam
995 766 1206 831 concupisceret.
1216 768 1268 819 Est

730 831 804 881 enim
822 832 850 882 in
871 835 983 885 homine
1001 836 1099 902 duplex
1117 839 1264 904 appetitus,

729 901 829 969 scilicet
849 905 993 956 sensitivus
1016 917 1042 956 et
1063 906 1264 973 intellectivus3

730 980 756 1022 et
776 982 887 1039 uterque
911 976 1059 1041 aliquando
1076 985 1102 1026 et
1124 977 1199 1043 large
1222 979 1266 1029 lo-

730 1043 838 1108 quendo
862 1046 985 1096 voluntas
1012 1047 1177 1108 nominatur,
1202 1049 1268 1116 quin

730 1114 804 1162 solus
830 1116 963 1178 appetitus
991 1115 1172 1167 intellectivus
1200 1134 1267 1185 pro-

730 1183 787 1248 prie
800 1185 922 1235 voluntas
933 1186 1041 1237 dicitur.
1054 1187 1128 1236 Licet
1142 1202 1208 1254 ergo
1222 1205 1268 1254 ap-

729 1253 830 1318 petitus
850 1255 1029 1306 intellectivus
1050 1257 1078 1305 in
1097 1257 1178 1307 Petro
1197 1269 1267 1310 esset

730 1325 917 1389 promptusad
932 1326 1105 1392 martyrium3
1119 1337 1214 1378 tamen
1225 1344 1267 1389 ap

730 1393 829 1458 petitus
854 1396 1000 1446 sensitivus
1021 1396 1180 1462 refugiebat,
1203 1399 1266 1466 quia

731 1481 804 1516 mors
824 1478 864 1518 est
885 1469 1014 1518 ultimum
1037 1470 1213 1523 terribilium.
1234 1471 1266 1522 Et

730 1542 825 1590 eodem
849 1543 930 1591 modo
957 1543 985 1592 in
1010 1542 1119 1592 Christo
1143 1542 1209 1605 fuit,
1237 1555 1266 1595 ut

729 1612 819 1662 visum
842 1623 881 1663 est
904 1629 999 1679 supra,
1026 1613 1074 1663 ubi
1098 1614 1133 1663 ad
1158 1615 1265 1665 Patrem

730 1682 822 1732 oravit.
846 1684 914 1733 Nam
935 1684 1005 1733 inter
1023 1683 1143 1733 animam
1158 1693 1185 1734 et
1205 1701 1265 1736 cor-

731 1769 781 1818 pus
797 1763 837 1803 est
853 1755 919 1804 adeo
941 1755 1070 1804 naturalis
1083 1771 1170 1816 amor,
1193 1757 1265 1824 quod

730 1843 869 1894 nunquam
893 1830 971 1878 vellet
994 1829 1086 1878 anima
1111 1843 1126 1878 a
1153 1845 1268 1896 corpore

731 1901 856 1965 separari,
871 1917 944 1951 nece
959 1916 1087 1951 converso
1104 1910 1131 1950 et
1146 1901 1208 1953 ideo
1224 1901 1265 1952 di-

731 1969 767 2018 cit
789 1987 795 2018 :
817 1971 875 2030 Quo
899 1977 925 2020 tu
945 1985 995 2020 non
1018 1971 1067 2031 vis,
1089 1971 1206 2032 scilicet,
1223 1987 1265 2022 se—

730 2040 848 2090 cundum
864 2051 965 2090 naturae
979 2041 1148 2101 instinctum,
1161 2041 1211 2108 qui
1228 2041 1264 2093 sic

730 2122 771 2161 est
785 2113 922 2172 naturalis,
937 2122 968 2162 ut
992 2128 1041 2162 nec
1065 2112 1123 2178 ipsa
1140 2123 1266 2172 senectus

730 2198 792 2232 eum
808 2182 885 2232 Petro
898 2183 1001 2233 auferre
1016 2183 1142 2250 potnerit,
1154 2184 1203 2234 sed
1217 2184 1264 2234 de-

731 2255 860 2305 siderium
875 2257 965 2322 gratiae
981 2256 1032 2305 hoc
1047 2255 1192 2307 immittit:
1209 2273 1262 2306 un·

730 2327 763 2376 de
777 2327 842 2377 dicit
855 2329 1001 2393 Apostolus
1013 2345 1019 2377 :
1030 2327 1203 2378 Desiderium
1213 2327 1263 2378 lta·

731 2403 792 2451 bens
813 2401 935 2464 dissolvi,
953 2408 978 2451 et
991 2415 1049 2451 esse
1070 2415 1128 2451 cum
1143 2401 1263 2453 Christo.

730 2476 806 2544 Unde
823 2475 1034 2543 Chrysostomus
1049 2492 1058 2524 .·
1071 2492 1085 2520 a
1103 2473 1175 2523 Dicit
1191 2489 1264 2541 ergo,

730 2562 780 2612 quo
792 2559 843 2597 non
853 2547 902 2610 vis,
916 2557 1024 2612 propter
1036 2546 1185 2596 naturalem
1195 2561 1264 2596 com-

731 2619 883 2684 passionem
903 2619 1011 2677 animae,
1031 2632 1093 2683 quae
1115 2616 1201 2667 invita
1221 2631 1264 2668 se-

731 2700 838 2754 paratur
863 2705 877 2739 a
898 2704 1017 2754 corpore,
1038 2689 1094 2739 Deo
1116 2687 1168 2738 hoc
1186 2687 1264 2738 utili-

731 2769 770 2808 ter
787 2758 966 2822 dispensante,
988 2768 1088 2808 utnon
1109 2757 1195 2807 multi.
1213 2756 1263 2808 sibi

731 2836 845 2877 mortem
861 2827 977 2877 inferant
991 2828 1138 2877 violentam
1154 2843 1162 2878 ε
1176 2846 1191 2875 a
1209 2828 1265 2877 haec

732 2898 951 2965 Chrysostomus.
964 2899 1026 2957 Sed,
1042 2899 1194 2948 secundum
1208 2899 1265 2948 Att-

730 2968 880 3034 gustinum,
907 2979 1113 3034 quantacunque
1142 2967 1180 3017 sit
1205 2983 1264 3017 mo·

731 3042 806 3092 lestia
820 3041 917 3102 carnis,
933 3042 1011 3091 debet
1025 3057 1084 3091 eam
1097 3040 1207 3090 vincere
1227 3039 1265 3091 vis

731 3114 840 3174 amoris,
861 3129 916 3180 quo
937 3124 1042 3164 amatur
1060 3112 1199 3173 Christus,
1219 3111 1264 3178 qui

731 3185 812 3236 etiam
835 3184 904 3234 mori
923 3185 1010 3234 voluit
1024 3199 1072 3249 pro
1089 3182 1186 3246 nobis3
1203 3181 1265 3248 quia

732 3257 754 3305 si
768 3257 842 3306 nulla
855 3263 932 3318 esset,
947 3256 989 3305 vel
1005 3269 1085 3320 parva
1099 3253 1198 3304 mortis
1214 3267 1267 3302 mo

731 3327 817 3387 lestia,
833 3342 888 3375 non
904 3336 973 3376 esset
996 3335 1052 3375 tam
1072 3340 1168 3390 magna
1193 3339 1266 3375 mar·

732 3397 795 3462 tyrii
816 3395 909 3460 gloria.
932 3396 1009 3446 Unde
1031 3405 1056 3451 et
1077 3395 1236 3460 Gregorius
1256 3410 1265 3442 .·

733 3468 852 3532 «Neque
871 3467 944 3517 enim
961 3467 982 3516 si
999 3465 1159 3532 plenissime
1174 3467 1279 3516 Petrus-

732 3541 825 3603 nollet,
843 3556 890 3606 pro
912 3540 1021 3590 Christo
1041 3540 1095 3605 pati
1115 3540 1265 3606 potuisset;

732 3616 778 3664 sed
800 3611 960 3678 martyrium
974 3611 1046 3676 quod
1061 3626 1108 3676 per
1120 3610 1267 3661 infirmita·

732 3696 786 3735 tem
801 3683 888 3733 carnis
904 3681 1000 3742 noluit,
1016 3697 1062 3746 per
1073 3680 1204 3732 virtutem
1217 3677 1268 3746 spi·

735 3755 790 3804 itus
803 3752 909 3802 amavit„
930 3751 982 3810 Qui
1013 3751 1079 3800 dum
1097 3765 1144 3815 per
1159 3763 1267 3801 carnem

733 3825 766 3874 ad
778 3839 868 3890 poenas
882 3823 920 3873 ire
935 3822 1057 3887 trepidat,
1073 3831 1119 3885 per
1140 3821 1266 3887 spiritum

735 3899 768 3949 ad
776 3897 889 3964 gloriam
900 3897 1023 3959 exsultat5
1035 3904 1182 3960 actumque
1191 3900 1267 3947 estut
