2626 4328
200 290 246 338 DE
262 288 482 338 ASCENSIONE
498 286 625 337 DOMINI
640 286 774 336 NOSTRI
793 288 875 339 JESU
896 289 1048 340 CHRISTI.

62 409 199 464 roborant,
219 407 260 455 vel
276 405 378 455 animas
402 404 524 454 infirmas
541 405 597 454 suis

61 480 232 530 orationibus
250 489 354 536 sanant,
367 489 393 527 et
408 480 462 526 Deo
478 477 597 527 reconci-

52 554 139 611 liant,
156 565 237 615 super
264 565 357 614 aegros
385 564 479 598 manus
510 549 597 612 impo-

61 630 136 685 nunt,
153 629 181 671 ut
196 624 258 671 bene
279 623 401 671 lrabeant.
422 622 488 680 Quae
512 620 596 669 nimi-

61 710 124 743 rum
150 693 277 741 miracula
302 703 376 741 tanto
404 693 504 755 majora
533 700 597 740 sunt

60 774 165 830 quanto
192 763 392 826 spiritualiora,
429 774 454 812 et
493 772 596 828 quanto

61 854 110 902 per
127 837 182 885 haec
205 851 259 884 non
281 851 402 899 corpora,
420 836 467 884 sed
497 835 596 884 animae

61 907 244 969 suscitantur;
259 906 286 954 in
307 905 357 954 hoc
378 905 458 954 etiam
481 905 596 954 instrui-

60 994 133 1037 mur,
155 987 184 1025 ut
207 977 280 1041 quod
301 976 391 1025 verbis
407 976 594 1040 praedicamus,

60 1049 142 1099 bonis
154 1049 281 1112 operibus
297 1046 499 1096 confirmemus.
516 1049 593 1106 ltem,

60 1121 195 1171 daemonia
219 1119 335 1184 ejiciunt,
363 1120 410 1184 qui
439 1120 594 1169 daemonum

60 1193 224 1242 tentationes
242 1190 293 1240 fide
311 1201 336 1240 et
357 1192 434 1257 signo
448 1191 533 1240 crucis
552 1207 595 1240 re-

60 1265 181 1330 pellunt;
212 1264 313 1327 linguis
342 1264 484 1328 loquuntur
508 1263 592 1323 trevir,

61 1335 109 1400 qui
122 1335 169 1383 Dei
184 1334 276 1383 laudes
294 1344 319 1382 et
339 1335 419 1383 verba
438 1349 511 1382 sacra
530 1348 594 1381 nar-

61 1416 129 1464 rant,
156 1405 276 1453 dimissis
303 1404 406 1453 frivolis
434 1415 460 1453 et
479 1404 591 1465 otiosis;

61 1483 196 1541 serpentes
226 1475 330 1535 tollunt,
358 1475 404 1540 qui
433 1477 594 1524 detractores

59 1545 200 1596 efficaciter
226 1547 436 1610 reprehendunt3
465 1546 592 1613 ntor-tife-

58 1635 119 1669 rum
143 1620 242 1679 bibunt,
260 1620 308 1668 sed
324 1620 363 1668 eis
377 1634 428 1668 non
443 1625 527 1681 nocet,
544 1619 592 1684 qui

58 1692 246 1757 persuasiones
268 1691 405 1756 pestiferas
428 1707 475 1740 seu
503 1706 594 1740 amara

59 1762 177 1812 convitia
198 1762 332 1821 audiunt,
359 1763 404 1810 sed
429 1762 509 1812 surda
531 1776 593 1810 aure

59 1843 210 1895 transeunt,
229 1842 254 1880 et
278 1848 326 1897 pro
353 1831 440 1881 nihilo
467 1831 591 1893 ducunt;

58 1917 139 1968 super
167 1916 260 1966 aegros
285 1916 379 1951 manus
406 1902 544 1966 imponunt
568 1907 594 1951 et

59 1975 123 2022 irene
144 1972 283 2033 habebunt,
299 1973 346 2037 qui
368 1988 415 2037 per
431 1973 500 2022 bona
513 1973 593 2023 verba

57 2054 85 2096 et
97 2060 177 2109 opera
199 2043 267 2092 alios
282 2059 297 2092 a
314 2043 427 2108 peccatis
444 2045 592 2107 retrahunt,

57 2126 84 2164 et
112 2116 141 2164 in
173 2114 268 2163 bonis¹
288 2113 454 2163 confirmant.
481 2115 514 2164 Et
537 2115 594 2163 haec

57 2185 185 2235 similiter
220 2185 297 2249 signa
334 2184 486 2249 spiritualia
521 2195 592 2234 tanto

58 2265 123 2306 sunt
145 2256 329 2320 corporalibus
353 2256 480 2315 meliora,
505 2271 592 2321 quan-

58 2342 118 2379 tum
132 2345 193 2394 quae
215 2340 277 2378 sunt
296 2329 393 2378 animae
407 2329 593 2393 corporalibus

59 2399 246 2466 praeferuntur.

93 2471 106 2520 5
129 2471 268 2521 Psonissro
283 2473 408 2521 Semirus
424 2472 520 2521 Sancrr
532 2487 593 2519 nro·

58 2558 153 2592 srotrs
169 2557 256 2591 rncrs.
273 2542 421 2591 -Deinde
446 2542 513 2590 dixit
530 2541 569 2589 eis
586 2557 592 2590 ι

67 2615 121 2664 Vos
140 2620 227 2663 autem
248 2614 398 2678 specialiter
411 2615 485 2674 estiS,
509 2613 536 2661 id
554 2623 594 2662 est

57 2685 143 2743 eritis,
167 2691 246 2734 testes
270 2686 378 2745 lterum,
408 2684 508 2733 scilicet
530 2699 592 2749 quae

58 2755 165 2804 vidistis
188 2766 213 2804 et
232 2755 359 2816 audistis,
376 2765 401 2803 et
415 2771 475 2820 quae
489 2755 594 2804 locutus

59 2836 86 2875 et
101 2837 226 2889 operatus
250 2841 310 2873 sum
334 2826 361 2874 in
388 2825 478 2874 medio
501 2826 593 2885 vestri,

59 2897 101 2946 vel
122 2898 221 2946 horum
235 2897 359 2962 superius
377 2898 593 2962 descriptorum,

58 2978 193 3032 quantum
208 2968 241 3016 ad
257 2968 358 3016 Christi
370 2968 593 3026 incarnationem,

59 3039 286 3104 praedicationem,
312 3040 469 3089 Passionem
493 3050 518 3089 et
540 3041 594 3090 Re-

58 3111 266 3159 surrectionem.
284 3111 316 3159 Et
332 3127 364 3159 ne
377 3111 475 3160 turbati
489 3110 594 3176 cogita-

58 3190 121 3230 rent
134 3197 140 3229 :
156 3181 295 3245 quomodo
308 3197 356 3230 nos
367 3181 492 3231 homines
505 3181 595 3231 idiotoe

58 3250 249 3300 testimonium
271 3252 476 3315 perhibebimus
499 3250 596 3301 Genti·

58 3323 111 3371 bus
124 3332 149 3371 et
158 3324 265 3381 iudaeis,
273 3324 320 3388 qui
329 3335 354 3374 te
365 3325 527 3384 occiderunt,
535 3323 596 3373 sub·

55 3393 146 3458 jungit
178 3410 184 3441 :
222 3395 260 3444 Et
291 3410 344 3461 ega
378 3397 467 3455 mitto,
493 3395 520 3445 id
555 3405 595 3445 est

56 3464 165 3513 mittam
188 3464 242 3514 cito
266 3476 292 3514 et
314 3466 347 3514 de
368 3466 523 3531 propinquo
543 3482 595 3530 po-

57 3533 148 3583 nendo
170 3550 286 3598 praesens
313 3550 361 3599 pro
384 3533 484 3594 futuro,
504 3545 530 3585 et
550 3549 594 3584 ra-

54 3605 131 3654 tione
156 3606 336 3666 certitudinis,
359 3616 385 3655 et
401 3607 505 3657 ratione
528 3622 594 3673 pro-

56 3676 125 3725 ximi
161 3677 291 3742 temporis
313 3677 478 3743 promissum
517 3677 594 3728 vobis

57 3745 192 3795 auxilium
213 3748 307 3796 Patris
322 3747 373 3797 mei
387 3747 413 3797 in
430 3762 485 3808 vos,
501 3747 528 3797 id
554 3758 594 3798 est

56 3818 189 3882 Spiritum
205 3820 332 3869 Sanctum
346 3820 374 3868 in
386 3819 465 3884 signo
477 3819 592 3880 v'isibili,

58 3898 90 3937 ut
112 3888 251 3940 sufficiatis
271 3891 303 3940 ad
327 3891 481 3942 testandum
506 3900 532 3941 et
560 3891 593 3941 ad

1130 306 1183 356 747

654 405 853 470 praedicandum
894 418 1048 458 constanter
1084 409 1186 475 ubique

652 476 790 527 veritatem
823 479 969 543 Evangelii.
999 479 1074 528 Pater
1110 480 1184 529 enim
1219 530 1222 536 ,

653 563 715 599 eum
738 549 880 612 promisit,
896 564 959 598 cum
974 548 1043 598 dixit
1060 566 1065 598 ε
1081 550 1184 615 Effun-

658 621 720 670 dam
735 621 767 670 de
781 622 888 686 Spiritu
907 636 962 671 meo
985 636 1066 688 super
1083 637 1184 674 onmem

652 705 758 740 carnem
770 709 781 753 ,⁹
809 702 835 740 et
851 692 914 756 quia
938 692 1024 742 Filius
1048 693 1182 757 promisit,

651 761 742 811 dicens
771 778 777 810 ε
802 762 867 811 Cum
896 764 997 814 venerit
1022 763 1182 813 Paraclitus

650 846 725 895 quem
750 846 801 897 ego
827 833 929 882 mittam
966 833 1041 883 vobis
1059 848 1076 882 a
1098 835 1183 884 Patre

650 901 711 950 ideo
729 911 755 950 et
773 903 847 950 Pater
863 902 1003 967 promisit,
1020 919 1081 953 curn
1102 919 1183 969 opera

650 971 793 1021 Trinitatis
814 972 868 1022 sint
886 973 1011 1023 indivisa.
1042 975 1093 1033 Qui
1120 975 1183 1024 licet

651 1043 769 1106 procedit
785 1045 818 1093 ab
832 1055 955 1109 utroque,
971 1055 1011 1095 est
1024 1056 1111 1095 tamen
1125 1048 1184 1095 Pa-

650 1113 710 1174 tris,
726 1114 882 1164 auctoritate
909 1115 1074 1179 spirationis.
1099 1118 1131 1166 Et
1150 1133 1184 1167 ne

650 1183 798 1247 imperfecti
819 1185 963 1249 praedicare
976 1198 1182 1252 praesunrerent,

648 1255 796 1318 adjunxit:
820 1257 872 1306 Vos
891 1265 988 1320 autem,
1010 1258 1057 1324 qui
1080 1259 1184 1309 debetis

649 1342 707 1376 esse
729 1337 809 1377 testes
832 1330 895 1388 mei,
920 1330 1009 1380 sedete
1030 1342 1055 1380 et
1080 1341 1184 1380 manete

649 1399 693 1448 hic
711 1399 737 1449 in
762 1401 871 1450 civitate
894 1403 1060 1463 Jerusalem,
1079 1404 1183 1468 quoad-

649 1484 730 1534 usque
753 1471 918 1534 induamini,
941 1473 1043 1523 scilicet
1061 1474 1184 1538 undique

648 1550 776 1606 tanquam
800 1553 933 1592 armatura
955 1544 1098 1609 spirituali,
1126 1544 1183 1594 vir-

648 1616 714 1673 tute,
733 1627 786 1660 non
809 1613 937 1674 humana,
961 1615 1006 1664 secl
1028 1615 1138 1674 coelesti,
1154 1614 1181 1663 id

647 1692 688 1731 est
700 1683 818 1747 Spiritus
832 1686 922 1735 Sancti
937 1687 1022 1751 gratia
1035 1725 1041 1746 ,
1058 1700 1095 1736 ex
1114 1687 1180 1747 alte,

648 1756 674 1804 id
690 1767 730 1805 est
742 1758 775 1806 de
787 1759 862 1807 coelo.
881 1760 937 1808 Hoc
958 1760 1031 1808 idem
1048 1759 1181 1824 trangitur

648 1826 675 1874 in
701 1826 825 1887 Actibus,
840 1844 902 1878 cum
926 1829 1025 1879 dicitur
1040 1830 1099 1879 :Et
1116 1843 1182 1879 con-

648 1912 762 1961 vescenS,
781 1899 808 1948 id
821 1911 860 1949 est
880 1900 962 1951 simul
986 1917 1044 1950 cum
1060 1901 1182 1965 discipu-

648 1968 719 2032 pulis
747 1971 908 2030 comedens,
930 1972 1060 2037 praecepit
1089 1972 1128 2020 eis
1148 1972 1182 2021 ab

646 2041 828 2108 derosolymis
855 2058 888 2092 ne
914 2045 1098 2104 discederent,
1133 2044 1182 2104 sed
1221 2081 1227 2093 .

647 2121 836 2179 exspectarent
846 2117 1053 2178 promissionem
1074 2117 1181 2166 Patris.

648 2185 730 2242 Quasi
745 2185 863 2234 diceret:
880 2185 930 2235 Hic
949 2195 975 2234 et
994 2186 1031 2234 ibi
1048 2202 1102 2234 non
1118 2185 1182 2235 estis

647 2253 810 2304 sufficientes
835 2257 867 2305 ad
887 2256 1090 2320 praedicandum
1114 2271 1183 2304 con-

648 2334 748 2372 stanter
768 2325 907 2374 veritatem
931 2326 1078 2390 Evangelii,
1095 2327 1180 2376 donec

647 2393 798 2444 confirmati
842 2396 949 2446 fueritis
988 2412 1035 2460 per
1081 2397 1183 2445 donum

647 2464 764 2528 Spiritus
779 2466 880 2526 Sancti,
896 2477 925 2516 ut
939 2468 1015 2516 stetis
1032 2477 1092 2516 ante
1107 2481 1184 2530 reges

647 2546 673 2582 et
693 2535 819 2599 praesides
834 2536 971 2602 intrepidi.
990 2538 1066 2588 Unde
1089 2538 1183 2605 Chry-

647 2613 779 2657 sostomus
795 2625 802 2657 :
819 2626 832 2654 n
847 2609 919 2658 Sicut
930 2610 1031 2660 milites
1043 2610 1183 2660 invasuros

648 2681 757 2740 multos,
789 2696 869 2730 nemo
900 2682 965 2732 sinit
996 2684 1067 2733 exire
1100 2685 1183 2733 donec

647 2752 742 2801 armati
757 2753 824 2816 sint;
839 2755 877 2804 sic
897 2766 923 2805 et
949 2756 1098 2820 discipulos
1121 2763 1183 2804 ante

648 2827 764 2891 Spiritus
785 2831 871 2879 Sancti
888 2831 1055 2888 descensum,
1069 2830 1101 2878 ad
1115 2844 1182 2877 con-

648 2896 750 2947 ssictum
772 2900 861 2964 egredi
882 2916 934 2948 non
964 2899 1103 2964 permittit.
1128 2899 1182 2947 Cur

648 2981 736 3019 autern
763 2988 817 3020 non
841 2972 949 3021 Christo
977 2981 1115 3036 praesente,
1140 2969 1182 3019 vel

649 3041 737 3090 statim
752 3057 783 3091 eo
795 3043 954 3103 discedente,
966 3043 1082 3108 Spiritus
1094 3041 1182 3092 venit?

649 3113 763 3161 Decebat
777 3113 850 3162 enim
871 3128 917 3162 eos
931 3113 987 3162 fieri
1004 3114 1116 3178 cupidos
1131 3112 1180 3172 rei,

649 3193 674 3231 et
697 3183 794 3232 deinde
816 3183 933 3248 recipere
957 3185 1088 3250 gratiam3
1117 3194 1182 3233 tune

649 3252 723 3301 enim
755 3253 840 3318 magis
863 3255 895 3304 acl
921 3255 1007 3304 Deum
1032 3254 1181 3320 erigimur,

649 3339 711 3373 cum
726 3323 860 3374 incumbit
872 3326 1026 3375 necessitas.
1045 3325 1118 3374 Dicit
1134 3340 1185 3375 au·
1201 3347 1203 3351 ’

649 3405 703 3445 tem
725 3412 731 3444 :
753 3396 844 3446 Donec
865 3396 1013 3446 induamini
1029 3397 1127 3446 virtute
1148 3411 1185 3448 ex

648 3469 714 3529 aito,
730 3483 778 3516 nec
792 3470 924 3532 expressit
944 3469 1062 3535 quando,
1082 3479 1112 3518 ut
1127 3470 1181 3519 sint

648 3538 745 3603 jugiter
758 3538 866 3604 vigiles,
883 3539 953 3598 Quid
970 3540 1052 3605 igitur
1067 3539 1183 3596 miraris,

648 3610 670 3658 si
694 3609 766 3658 diem
791 3611 972 3659 novissimum
995 3626 1050 3659 non
1077 3609 1181 3675 pandit,

649 3679 695 3728 ubi
709 3678 783 3728 diem
801 3679 874 3729 hunc
888 3679 1044 3744 proximum
1062 3696 1109 3729 nec
1123 3694 1186 3743 pan-

649 3751 710 3799 dere
735 3748 840 3799 voluit?
854 3769 867 3797 n
883 3750 939 3800 haec
960 3751 1182 3817 Chrysostomus.

650 3820 722 3870 Licet
747 3835 810 3885 ergo
832 3820 956 3870 Christus
973 3821 1089 3870 dedisset
1103 3817 1182 3867 disci-

649 3892 721 3956 pulis
738 3891 937 3956 Scripturarum
958 3892 1134 3950 intellectum,
1158 3896 1183 3937 et
