2626 4328
330 335 377 385 DE
394 335 511 395 PRIMA,
529 332 564 384 IN
586 332 755 386 PASSIONE
772 333 908 386 DOMINI.

56 450 131 516 ralis3
147 451 225 518 quod
240 449 364 501 consistit
378 449 406 500 in
416 449 512 514 tribus,
526 464 588 515 quae

57 523 247 591 significantur
262 539 309 589 per
327 522 460 588 triplicem
486 532 589 588 partem

58 593 144 645 baculi
162 593 305 659 :primum
322 602 362 642 est
382 592 486 643 vocatio
504 607 591 658 pecca-

57 672 165 726 torum;
181 663 340 721 secundum,
355 661 464 711 directio
478 671 590 711 vocato-

56 749 133 798 rum;
162 732 275 784 tertium
289 743 330 783 est
347 732 497 783 exhortatio
518 731 591 782 dire·
599 768 612 812 Ι

56 815 174 866 ctorum,
189 805 263 855 unde
277 814 318 854 est
330 819 423 854 versus
441 821 448 854 ι

56 948 173 999 Attrahe
193 962 245 1013 per
260 947 387 1014 primum,
407 947 493 998 medio
516 959 591 1012 rege,

321 1020 421 1085 [punge
435 1033 487 1085 per
501 1019 591 1069 imum.

55 1160 99 1210 Sic
124 1160 220 1226 itaque
246 1159 337 1222 vides,
354 1161 470 1228 qualiter
491 1159 589 1211 Domi-

58 1245 109 1282 nus
140 1247 196 1280 non
227 1232 316 1282 solum
354 1233 518 1296 malefactor,
544 1233 591 1282 sed

56 1299 136 1352 etiam
165 1301 268 1351 stultus
295 1311 335 1352 est
361 1314 507 1368 reputatus.
533 1303 592 1367 Ipse

56 1383 145 1425 autem
163 1374 258 1424 omnia
280 1375 480 1440 patientissime
500 1376 592 1429 tolera·

57 1445 109 1496 bat.
139 1445 300 1496 Patientiam
314 1462 379 1513 ergo
405 1447 504 1498 habeas
520 1457 547 1498 et
562 1459 592 1500 tu

57 1515 79 1566 si
104 1515 265 1565 malefactor
298 1518 339 1568 vel
363 1519 463 1568 stultus
491 1517 592 1581 injuste

57 1585 140 1638 fueris
167 1595 315 1651 reputatus.
331 1589 400 1638 Nam
416 1588 486 1639 sicut
499 1589 592 1641 divina

57 1656 205 1722 Sapientia,
228 1666 357 1724 tanquam
378 1658 468 1710 fatuus
482 1661 591 1725 sperni-

56 1738 99 1777 tur
113 1737 140 1778 et
153 1727 284 1779 irridetur
297 1730 330 1779 ab
349 1730 454 1781 Herode
474 1741 500 1782 et
513 1746 591 1781 exer-

57 1797 112 1849 citu
126 1815 194 1864 suo;
211 1799 251 1849 sic
267 1816 362 1850 omnes
375 1800 515 1853 irrisiones
529 1817 591 1868 quae

57 1871 143 1921 solent
157 1887 175 1922 a
194 1870 273 1922 vanis
289 1873 384 1923 mundi
400 1873 480 1937 huius
497 1875 590 1924 homi-

57 1941 137 1992 nibus
147 1942 236 1993 Deum
251 1957 306 2007 prae
318 1944 404 1994 oculis
419 1960 474 1994 non
487 1945 592 1994 haben·

55 2011 137 2075 tibus,
151 2013 261 2063 homini
272 2014 406 2079 spirituali
418 2014 540 2080 irrogari,
549 2011 603 2065 de·'

58 2083 120 2135 bent
133 2085 266 2150 patienter
278 2085 393 2136 sufferri.

90 2158 122 2208 18
134 2159 208 2208 Tau
222 2174 380 2210 nocuuaura
393 2177 427 2210 ax
442 2176 525 2211 vasta
541 2176 592 2210 nr.-

58 2247 89 2280 an
118 2247 173 2289 oua
209 2247 325 2282 rnuurus
360 2247 408 2282 asr
440 2232 591 2294 Cuarsrus,

58 2316 139 2352 nctus
150 2317 381 2353 conroaunrrorvrs
393 2320 426 2353 ar
440 2319 547 2354 oanrro.
562 2332 592 2341 -

62 2372 97 2422 Ex
110 2372 164 2422 hoc
177 2373 293 2424 articulo
319 2373 455 2424 illusionis
473 2391 592 2425 sumun-

60 2451 102 2492 tur
127 2444 182 2494 tria
206 2444 378 2495 documenta.
399 2445 521 2496 Primum
542 2454 592 2505 est,

61 2513 131 2579 quod
146 2529 245 2564 omnes
259 2515 306 2580 qui
330 2517 374 2581 pie
394 2525 420 2566 et
436 2516 594 2567 innocenter

61 2584 154 2635 volunt
178 2585 289 2646 vivere,
316 2587 464 2637 secundum
490 2603 591 2638 novum

62 2654 211 2716 hominem,
236 2656 270 2706 ab
293 2657 337 2707 his
364 2657 412 2723 qui
433 2657 528 2708 vivunt
550 2673 594 2708 se-

61 2725 177 2776 cundum
206 2726 348 2777 hominem
384 2738 502 2779 veterem
526 2729 593 2780 illu-

63 2798 171 2860 duntur,
184 2809 212 2851 et
227 2801 262 2850 ab
278 2800 317 2851 eis
332 2816 382 2867 pro
396 2801 478 2852 fatuis
495 2803 594 2865 haben-

63 2877 109 2921 tur.
132 2872 186 2922 Sed
208 2881 317 2937 propter
339 2872 389 2921 hoc
414 2888 468 2921 non
494 2873 594 2923 debent

66 2941 164 2992 turbari
180 2942 233 2992 viri
254 2942 416 3007 spirituales,
432 2942 488 2993 imo
505 2944 594 3009 potius

66 3015 175 3077 gaudere
181 3030 189 3078 ;
218 3015 282 3081 quia
297 3031 382 3066 novus
396 3016 479 3065 homo
501 3017 594 3066 Salva-

67 3093 103 3134 tor
130 3095 223 3136 noster
246 3086 371 3137 Christus
397 3087 508 3137 indutus
535 3088 595 3137 alba

66 3168 141 3220 veste,
166 3175 228 3226 quae
248 3160 430 3210 innocentiam
449 3159 593 3226 significat,

67 3226 159 3280 illusus
183 3240 211 3280 et
226 3231 332 3280 derisus
352 3240 392 3281 est
405 3247 420 3280 a
432 3231 496 3280 filiis
513 3230 595 3295 hujus

67 3301 155 3362 seculi,
176 3301 248 3366 apud
270 3316 343 3366 quos,
364 3302 424 3352 alba
446 3301 528 3351 vestis
546 3317 595 3351 ex-

67 3372 227 3436 probrabilis
240 3383 289 3422 est.
304 3374 354 3423 Sed
373 3373 441 3424 sicut
454 3389 520 3423 crux
532 3383 596 3423 ante

67 3441 219 3493 Passionem
265 3443 367 3493 Christi
402 3444 596 3510 exprobrabilis

66 3511 156 3573 fuerat,
167 3528 229 3579 quae
240 3523 331 3578 postea
344 3513 412 3564 facta
424 3524 464 3564 est
477 3514 595 3563 honora-

18 3638 24 3657 ·
67 3583 135 3647 bilis,
150 3585 189 3635 ita
204 3595 234 3635 ut
249 3585 331 3634 etiam
353 3595 473 3650 portetur
484 3585 513 3634 in
525 3585 597 3635 fron-

65 3653 135 3706 tibus
152 3670 263 3722 regum;
291 3654 329 3704 sic
350 3656 409 3705 alba
430 3656 513 3706 vestis
536 3665 597 3721 post

66 3724 165 3777 Christi
189 3725 346 3775 Passionem
372 3725 439 3775 facta
461 3736 501 3774 est
521 3727 597 3776 valde

65 3795 242 3855 honorabilis,
255 3806 280 3845 et
294 3795 456 3846 innocentiae
472 3795 592 3861 signum.

67 3867 142 3920 Unde
164 3869 281 3935 quilibet
294 3879 354 3933 post
367 3869 538 3934 Baptismum
553 3885 597 3919 re-

10 3950 22 4037 q
66 3949 178 3991 novatus
192 3939 316 3989 induitur
329 3948 402 3991 veste
422 3940 492 4001 alba,
506 3940 536 3990 in
555 3941 596 4009 εἰ·Ὶ

1124 334 1176 404 527

644 441 729 513 gnum
766 449 929 501 innocentiae
959 465 1041 517 quam
1072 449 1177 504 confert

645 519 808 585 Baptismus,
823 521 852 570 in
872 520 948 585 cujus
964 521 1046 571 etiam
1065 521 1176 587 signum

645 592 754 642 Christo
769 608 848 658 passo
865 593 963 659 Angeli
983 593 1011 643 in
1025 593 1177 644 vestimen-

644 664 680 713 tis
705 664 774 714 albis
800 675 981 731 apparuerunt
997 665 1026 714 in
1050 665 1177 730 ejusRe·

644 732 810 784 surrectione
835 732 872 784 ‘et
908 733 1034 784 similiter
1062 735 1091 785 in
1119 736 1177 801 eius

645 803 817 855 Ascensione.
847 832 877 841 -
900 805 1055 856 Secundum
1093 806 1178 856 docu-

646 884 768 925 mentum
790 884 839 935 est,
854 876 926 941 quod
950 891 999 942 pro
1016 885 1136 942 tempore
1151 886 1178 928 et

645 949 703 997 loco
728 948 836 1014 expedit
864 948 1008 999 stultitiam
1034 949 1177 1016 simulare;

644 1019 716 1069 unde
736 1020 808 1086 quod
835 1019 969 1070 Dominus
981 1020 1039 1087 ipse
1054 1019 1116 1071 fons
1133 1037 1176 1073 sa·

645 1090 752 1155 pientiae
775 1107 865 1143 coram
892 1092 998 1142 Herode
1027 1108 1074 1158 pro
1093 1093 1177 1144 stulto

644 1164 736 1215 haberi
750 1165 876 1231 dignatus
891 1175 940 1229 est,
958 1181 990 1214 ex
1019 1165 1175 1233 incompre-

644 1235 773 1286 hensibili
796 1235 928 1301 sapientia
951 1250 1000 1285 sua
1024 1236 1178 1301 processit,

643 1305 707 1371 quia
723 1305 745 1355 si
758 1305 917 1371 sapientiam
937 1305 1028 1354 verbis
1044 1306 1085 1355 vel
1101 1306 1177 1357 factis

643 1390 672 1424 se
686 1374 856 1436 ostendisset,
867 1375 988 1425 Herodes
1002 1374 1098 1440 utique
1114 1376 1177 1427 Pas·

643 1447 749 1498 sionem
772 1448 827 1512 ejus
850 1447 1046 1512 impedivisset.
1059 1477 1090 1484 —
1105 1450 1176 1498 Ter·

643 1517 712 1568 tium
731 1527 781 1577 est,
803 1519 875 1583 quod
892 1519 975 1566 homo
990 1518 1062 1568 nihil
1079 1528 1180 1584 quaerat

645 1589 673 1638 in
685 1589 816 1649 vestibus,
831 1604 885 1638 non
900 1600 1034 1651 ornatum,
1048 1605 1103 1639 non
1118 1605 1180 1655 pre·

645 1660 814 1724 tiositatem,
839 1661 885 1711 sed
910 1661 1000 1711 solum
1030 1661 1178 1714 necessita-

644 1741 707 1792 tem,
731 1732 795 1798 quia
816 1732 938 1782 Salvator
953 1742 1044 1781 noster
1059 1731 1088 1781 in
1104 1742 1177 1784 veste

643 1802 715 1851 velut
728 1801 817 1851 fatuus
830 1811 871 1851 est
885 1800 993 1851 illusus.
1008 1802 1049 1851 Ad
1066 1802 1176 1851 confor-

644 1872 772 1922 mandum
801 1887 830 1922 se
857 1872 921 1922 huic
944 1871 1067 1936 articulo,
1083 1887 1176 1938 regra-

644 1943 725 1993 tietur
743 1943 827 1992 homo
844 1943 910 2003 Deo,
933 1943 1006 2009 quod
1022 1943 1078 2008 ipse
1099 1943 1179 1995 nobis

644 2029 707 2064 cum
722 2029 770 2064 sua
783 2014 911 2064 illusione
926 2023 1029 2064 vestem
1046 2014 1177 2064 innocen-

644 2085 689 2134 tiae
703 2083 825 2136 conferre
838 2085 965 2150 dignatus
982 2094 1033 2147 est;
1047 2084 1121 2144 item,
1133 2099 1178 2136 re-

644 2158 742 2224 cogitet
779 2158 894 2224 qualiter
934 2159 992 2224 ipse
1037 2158 1178 2209 candidam

644 2239 746 2279 vestem
762 2227 924 2278 innocentiae
938 2228 1106 2294 baptismalis
1128 2229 1178 2278 de-

645 2299 769 2364 nigravit,
781 2309 807 2348 et
822 2308 890 2358 oret,
907 2297 1000 2348 dicens
1015 2316 1022 2348 ι
1044 2300 1119 2358 lesu,
1132 2298 1179 2362 qui

645 2378 716 2422 veste
736 2371 798 2421 alba
824 2371 908 2432 indui,
930 2377 1006 2423 etat
1021 2372 1122 2422 stultus
1143 2371 1178 2421 ab

646 2443 757 2493 Herode
782 2441 861 2492 illudi
890 2442 1014 2505 voluisti,
1029 2439 1033 2445 “
1051 2442 1087 2492 da
1114 2441 1179 2492 mihi

646 2513 738 2563 mundi
749 2512 828 2579 hujus
843 2514 1023 2580 prudentiam,
1037 2529 1097 2580 quae
1113 2513 1178 2564 stul·

646 2585 706 2636 titia
718 2591 758 2636 est
777 2586 852 2651 apud
864 2593 899 2650 te,
913 2587 1021 2637 cautius
1031 2588 1176 2651 declinare,

646 2654 718 2705 etad
734 2654 818 2721 requi
835 2671 900 2708 vera
921 2671 949 2708 es
962 2658 1095 2724 sapientia
1109 2672 1177 2724 per-

647 2725 745 2776 venire.
1029 2779 1038 2800 ·

681 2815 712 2866 19
732 2801 864 2849 Aurcrrrra
878 2816 1084 2850 conrmnaanrro
1098 2815 1178 2849 ruraa
1225 2850 1229 2858 ,

621 2910 623 2914 s
648 2871 768 2920 Prsaruu
780 2886 813 2920 ar
830 2871 962 2920 Hauonau
979 2887 1043 2928 Quin
1066 2868 1178 2920 stenar?

647 2971 677 2980 -
693 2943 813 2992 Herodes
837 2954 928 2993 autem
949 2959 1011 2992 cunr
1034 2959 1085 2992 non
1101 2942 1178 2992 inve·

648 3014 717 3064 niret
738 3013 767 3062 in
795 3013 904 3063 Christo
937 3027 1043 3062 causam
1070 3010 1176 3076 mortis,

647 3087 756 3136 illusum
779 3092 806 3135 et
826 3085 946 3135 indutum
969 3090 1040 3135 veste
1053 3085 1117 3134 alba
1133 3099 1179 3136 re-

647 3156 721 3206 misit
737 3155 774 3205 ad
793 3155 924 3216 Pilatum,
940 3163 970 3204 ut
983 3170 1045 3205 eum
1060 3155 1179 3205 honora-

647 3237 695 3286 ret,
714 3226 783 3276 sicut
810 3225 910 3274 Pilatus
924 3224 975 3274 sibi
991 3226 1130 3275 detulerat.
1146 3227 1177 3275 In

648 3313 702 3362 quo
715 3297 773 3362 ipse
791 3296 920 3360 probatur
934 3295 962 3345 in
975 3311 1066 3345 necem
1081 3294 1180 3345 Domi·

648 3370 676 3419 ni
692 3369 875 3432 consensisse;
889 3369 954 3434 quia
970 3369 1042 3418 enirn
1061 3368 1113 3418 fuit
1126 3368 1178 3418 sibi

649 3440 749 3491 missus
764 3450 891 3505 tanquam
913 3440 996 3489 homo
1020 3454 1075 3489 suae
1095 3438 1179 3488 ditio·

649 3512 701 3575 nis,
716 3527 779 3561 cum
794 3528 848 3561 non
861 3511 964 3562 invenit
978 3511 1005 3559 in
1021 3527 1052 3561 eo
1062 3526 1179 3571 causam,

648 3583 785 3633 debuisset
813 3599 875 3634 eum
896 3583 1043 3644 absolvere,
1068 3593 1093 3633 et
1123 3597 1179 3631 non

648 3654 735 3704 alieno
771 3653 852 3718 judici
894 3653 1037 3704 remittere.
1067 3651 1181 3702 Remisit

649 3742 711 3792 ergo
728 3742 791 3776 eum
803 3726 923 3776 Herodes
939 3726 1034 3784 Pilato,
1045 3725 1120 3791 quasi
1136 3723 1180 3773 di-

649 3807 718 3847 ceret
731 3813 738 3846 z
753 3797 805 3848 Fac
815 3797 848 3846 de
863 3813 894 3847 eo
908 3796 1042 3861 quidquid
1053 3793 1179 3846 volueris.

650 3871 683 3920 Et
703 3870 772 3920 forte
794 3869 895 3920 similia
915 3869 994 3918 verba
1010 3867 1062 3918 sibi
1080 3880 1179 3916 reman-

649 3940 731 3992 davit.
745 3941 776 3990 Et
793 3940 831 3990 sic
848 3939 980 3990 Dominus
994 3954 1056 3989 cum
1072 3947 1136 3987 nota
1150 3934 1181 3984 il·
