2610 4320
136 304 209 358 autin>

143 434 211 485 que.
222 419 254 468 ad
282 426 498 468 monumentum.
518 416 571 480 iam
598 415 676 468 dolor

142 488 356 541 istermulierem.
367 505 384 534 n
397 486 475 537 Unde
485 496 510 536 et
524 487 657 550 Origenes
665 502 683 536 2:

144 578 158 606 a
184 559 354 619 Audivimus,
379 555 484 615 fratres,
510 556 621 606 Mariam
643 555 680 606 ad

147 641 356 684 monumentum
374 628 439 678 foris
454 639 580 688 stantem,
597 628 678 680 audi-

144 708 234 758 vimus
265 701 377 752 Mariam
407 701 565 766 plorantem.
594 702 679 750 Amor

146 775 258 827 faciebat
286 783 363 830 stare,
387 771 465 820 dolor
487 772 596 837 cogebat
620 787 679 821 eam

147 848 260 914 plorare.
285 843 377 893 Stabat
392 852 418 891 et
437 842 679 908 circumspiciebat,

148 917 172 969 si
201 916 268 965 forte
295 913 397 963 videret
424 929 506 979 quem
534 913 680 976 quaerebat.

134 987 136 993 ’
148 987 232 1038 Dolor
246 994 388 1034 renovatus
402 997 458 1033 erat
472 983 505 1043 ei,
521 984 681 1050 quinqueni

151 1059 227 1126 prius
243 1058 363 1106 doluerat
378 1054 544 1115 defunctum,
557 1055 683 1106 nuncdo-

150 1130 222 1180 lebat
242 1126 370 1177 ablatum.
386 1125 421 1175 Et
438 1126 487 1176 iste
504 1126 580 1176 dolor
599 1126 683 1190 maior

152 1210 217 1259 erat,
246 1197 312 1263 quia
340 1197 450 1247 nullam,
472 1196 691 1248 consolationem,

152 1269 270 1335 amplius
291 1267 414 1317 habebat.
435 1266 524 1317 Prima
547 1281 609 1331 ergo
633 1264 691 1314 fuit

60 1351 62 1355 ’
152 1356 230 1392 causa
247 1339 357 1396 doloris,
375 1338 439 1403 quia
454 1338 546 1388 vivum
562 1337 685 1403 perdide-

139 1411 141 1416 ’
152 1421 203 1471 rat,
219 1411 265 1460 sed
280 1409 313 1458 de
326 1409 377 1458 hoc
386 1409 479 1457 dolore
490 1408 684 1472 aliquantulam

154 1483 366 1534 consolationem
382 1480 506 1539 habebat,
522 1478 594 1545 quia
609 1494 686 1530 mnn-

145 1564 231 1608 ,tuum
256 1565 394 1601 remanere
408 1551 532 1608 videbat;
547 1566 619 1599 nunc
637 1565 686 1599 au-

153 1636 208 1675 tem
232 1625 264 1673 de
288 1623 339 1671 isto
363 1622 455 1671 dolore
477 1621 610 1670 consolari
630 1635 685 1669 non

154 1705 267 1764 poterat,
287 1692 351 1758 quia
377 1707 425 1742 nec
448 1707 546 1760 corpus
567 1689 686 1742 defuncti

155 1765 320 1817 inveniebat.
358 1763 504 1814 Metuebat.
524 1770 615 1812 autern
654 1775 688 1810 ne

114 1866 119 1873 -
155 1853 232 1891 amor
254 1835 375 1902 Magistri
394 1835 436 1885 sui
459 1835 488 1885 in
509 1850 561 1885 suo
583 1844 688 1900 pectore

156 1909 348 1973 refrigesceret,
364 1921 419 1973 quo
435 1905 494 1955 viso
508 1906 688 1956 recalesceret,

159 1981 280 2032 Plorabat
301 1979 391 2045 itaque
409 1978 688 2040 Mariavehementer,

158 2051 288 2120 quoniam
310 2050 389 2100 dolor.
402 2049 510 2099 additus
533 2059 589 2098 erat
608 2061 690 2113 super

158 2122 289 2175 dolorem.
305 2120 379 2170 Duos
395 2118 485 2185 itaque
503 2119 614 2178 dolores
630 2117 690 2167 exi»

159 2194 230 2246 mibs
243 2208 298 2242 uno
315 2192 434 2260 gestabat
447 2191 535 2251 corde,
550 2207 619 2257 qpos
633 2190 690 2240 mi-

85 2278 88 2286 ’
157 2267 241 2335 rigare
266 2264 393 2332 lacrymis
418 2263 539 2325 volebat,
562 2265 607 2314 sed
634 2281 689 2315 non

157 2341 283 2402 talt'ebat3v
296 2355 326 2389 ac
346 2339 474 2391 ideovtota
491 2337 580 2403 posita
592 2337 621 2388 in
638 2338 690 2388 do-

157 2413 224 2472 lore,
240 2423 329 2462 mente
354 2421 380 2462 et
405 2427 515 2476 corpore
541 2409 690 2470 deficiebat,

157 2492 184 2531 et
209 2481 286 2548 quid.
302 2491 401 2546 ageret,
426 2481 569 2531 nesciebat.
597 2481 690 2532 Petrus

156 2552 267 2617 quidem
294 2563 319 2601 et
343 2553 458 2602 loannes
481 2552 642 2612 timuerunt,
665 2562 691 2602 et

157 2625 217 2674 ideo
237 2640 293 2673 non
314 2635 463 2683 s·teterunt;
481 2626 568 2676 Maria
582 2641 638 2675 non
652 2625 690 2675 ti·-

156 2696 263 2755 mebat,
297 2695 373 2760 quia¹
398 2689 477 2749 nihil.
504 2695 691 2762 suspicabatur

157 2765 209 2816 sibi
227 2780 308 2831 super
324 2780 388 2815 esse.
400 2781 449 2831 pro
462 2780 521 2831 quo.
532 2764 628 2817 timere
641 2766 690 2816 de-

158 2839 241 2890 beret.
265 2836 418 2904 Perdiderat
437 2836 511 2887 enim
531 2835 690 2902 Magistrum

157 2926 249 2972 suum,
264 2923 345 2975 quem
361 2909 397 2959 ita
413 2906 584 2974 singulariter
599 2907 690 2975 dilige

157 2983 213 3041 bat,
230 2992 260 3032 ut
285 2990 380 3047 praeter
401 2979 492 3045 ipsum
510 2978 579 3028 nihil
600 2989 691 3045 posset

155 3053 269 3119 diligere
289 3052 337 3102 vel·
352 3066 467 3118 sperare.
484 3050 637 3102 Perdiderat
652 3051 691 3103 vi-

156 3136 212 3175 tam
229 3123 330 3173 animm
343 3137 414 3184 suae,
424 3133 450 3172 et
467 3123 521 3186 iam
536 3123 634 3173 melius
645 3138 691 3175 are

157 3195 308 3246 bitrahatur
334 3193 396 3244 fbre
421 3194 472 3244 sib'i
497 3194 582 3259 muri,
609 3210 691 3261 quam

158 3267 258 3325 viuere,
271 3265 344 3332 quia,
358 3263 471 3317 forsitan
484 3265 602 3316 moriens
616 3265 692 3320 inve.-

156 3337 246 3398 ni'ret,
263 3353 344 3403 quem
369 3335 464 3388 vivens
490 3337 616 3389 invenire
635 3354 692 3390 non

155 3417 268 3475 poterat.
286 3407 382 3459 Fortis
398 3423 515 3475 namque
526 3415 638 3460 ut'mors
649 3407 693 3458 di-

155 3479 245 3540 leetio,
263 3478 392 3545 quidnam
413 3478 487 3530 aliud
508 3479 535 3529 in
552 3478 637 3530 Maria
653 3477 694 3529 fab

155 3549 246 3598 cerer?
277 3550 359 3600 Facta
379 3558 436 3600 erat
456 3549 603 3612 exanimis,
626 3548 694 3602 taeta

155 3628 213 3668 erat
228 3618 405 3671 insensibilis.
423 3621 547 3671 sentiens
561 3636 618 3672 non
636 3635 695 3672 sen-

154 3687 248 3749 tiebat,
266 3689 362 3740 videns
379 3706 436 3740 non
450 3691 565 3754 videbat,
580 3690 693 3742 audiena

158 3773 213 3810 non
233 3761 374 3823 audiebam
398 3762 444 3813 sed
465 3777 552 3828 neque
572 3762 609 3812 ibi
628 3771 693 3824 erat,

157 3832 214 3885 ubi.
230 3843 295 3898 erat,
321 3833 390 3900 quia
411 3844 468 3885 tota
494 3835 533 3886 sui
558 3843 623 3897 erat,
644 3835 692 3886 uhi

157 3904 285 3972 Magister
301 3919 367 3956 suus
387 3914 452 3966 erat,
471 3905 505 3955 de
528 3920 583 3972 quo
602 3915 692 3960 tamen

413 297 587 352 saeuitum
611 295 741 350 amuis
751 295 991 350 maurinam.

331 378 332 381 ¹
710 413 779 464 au
795 405 1251 472 ammirationem

732 493 793 536 tem,
810 494 938 540 mammet
962 500 1017 534 nou
1043 483 1253 546 inveniebam&

731 554 950 606 ideoslaziatuds
959 552 1253 618 mommntumetpu

731 627 815 689 rabat,
834 635 888 676 tota
908 625 1087 691 lacrymabilis
1111 635 1137 674 et
1150 623 1249 687 ‚misera-

732 698 804 749 bilis.
820 698 898 749 Certe
910 700 963 764 iam
978 699 1049 748 nihil
1073 698 1191 764 sapiebat
1203 699 1251 748 Ma-

733 769 773 819 ria
797 768 851 818 nisi
883 770 1005 835 diligere,
1033 778 1059 819 et
1088 784 1138 834 pro
1168 768 1251 818 dilecto

733 841 832 890 dolere.
848 841 940 891 Oblita
963 850 1018 891 erat
1033 840 1171 902 timorem,
1183 839 1252 890 oblita

734 921 789 962 erat
811 912 930 978 denique
953 910 1056 972 omnia,
1072 921 1170 978 praeter
1189 911 1251 961 illum

718 980 823 1049 Lquem·
835 982 964 1047 diligebat
979 997 1060 1048 super
1085 981 1187 1032 omnia.
1199 981 1252 1032 Sen-

735 1067 780 1103 sus
793 1053 885 1102 nullus
906 1053 934 1102 in
952 1067 982 1102 ea
998 1062 1174 1114 remanserat,
1188 1064 1253 1101 omne

735 1124 879 1175 consilium
894 1125 928 1174 ab
944 1140 974 1174 ea
988 1124 1111 1190 perierat,
1129 1138 1189 1189 spes
1204 1137 1252 1172 om·

721 1237 724 1245 .
737 1196 789 1247 nis.
800 1193 1130 1257 defecerat,‚solummodo
1146 1193 1206 1245 flere
1217 1208 1253 1244 su·

737 1276 856 1332 parerat:
869 1284 882 1312 »
899 1265 956 1314 haec
969 1265 1114 1330 Origenea

769 1339 938 1393 2INCL1NAMS
961 1353 991 1387 sr.
1010 1353 1044 1387 ar
1065 1351 1254 1388 enoseietmsn

738 1423 939 1467 nordmannia,
967 1423 1046 1456 vrnar
1081 1422 1208 1458 anemos.
1235 1433 1255 1444 -

738 1481 818 1530 men.
830 1492 897 1544 ergo
911 1478 995 1539 fleret,
1018 1487 1132 1543 propter
1152 1476 1257 1544 corporis

739 1550 841 1600 Christi
865 1549 1031 1606 absentiam,
1061 1548 1204 1600 inclinavit
1230 1561 1257 1611 te,

739 1622 920 1686 corporaliter,
935 1628 960 1672 et
975 1623 1125 1687 prospexit
1139 1622 1166 1671 in
1178 1635 1258 1672 monu-

739 1698 863 1755 mentum,
885 1691 951 1757 quia
975 1706 1082 1757 semper
1097 1692 1221 1760 sperabat
1231 1689 1259 1741 ibi

723 1781 802 1821 =eum
820 1764 951 1824 invenire,
966 1764 1013 1814 ubi
1034 1779 1100 1816 eum
1125 1764 1262 1831 sepeliem.

740 1847 766 1887 et
782 1852 859 1887 amor
879 1835 1088 1902 inquisitionem
1109 1836 1262 1905 multipiiit·

741 1910 794 1960 bat.
817 1909 891 1959 Sicut
910 1908 984 1958 enim
1002 1924 1052 1958 nos
1066 1924 1132 1967 cum
1155 1909 1263 1977 aliqum

741 1995 806 2030 rem.
816 1978 954 2048 perdimus
966 2017 972 2038 ,
996 1979 1125 2044 quamvis
1143 1979 1198 2031 huc
1211 1978 1264 2031 illut

728 2053 888 2120 ,quaerendo
913 2052 1112 2112 discurramus,
1138 2049 1265 2104 tamensi

741 2139 812 2174 eum.
830 2124 920 2173 locum
943 2137 1015 2188 saepe
1041 2123 1216 2189 respicimus,
1228 2119 1264 2175 uh·

742 2211 800 2246 eam
826 2194 955 2245 habuisse
981 2195 1180 2261 meminimus;
1202 2197 1265 2249 itaet

742 2268 802 2318 haec
822 2265 924 2317 mulier
944 2266 1070 2332 quamvis
1084 2267 1140 2319 huc
1160 2268 1267 2336 illucqiu

743 2353 840 2405 corpus
854 2335 966 2386 Domini
986 2339 1224 2403 quaereret,anxia
1234 2349 1267 2391 tae

744 2426 807 2462 men
831 2410 864 2460 de
889 2409 947 2474 ejus
966 2409 1092 2461 absentia
1111 2409 1268 2479 frequentiis

744 2489 953 2532 monumentum
976 2480 1268 2546 aspiciebar„uhi‘eunt

743 2553 864 2620 positum
877 2549 996 2604 nouerat.
1010 2551 1089 2614 Unde
1101 2553 1268 2623 Gregorius:

744 2643 759 2671 a
778 2623 887 2675 Amanti
920 2622 1010 2674 semel'
1042 2625 1184 2691 aspexisse
1222 2638 1270 2679 nott

743 2693 859 2755 sufficit,
870 2692 934 2758 quia
956 2693 998 2744 vis
1021 2695 1127 2746 amoris
1149 2695 1268 2749 intentiu-

744 2782 807 2817 nem
853 2766 1016 2832 multiplicat
1077 2767 1268 2834 inquisitionis

744 2835 874 2896 Quaesivit
887 2851 951 2902 ergo
969 2836 1268 2903 prius,etminimei‘u·

743 2907 836 2967 venit,
863 2908 1041 2972 perseveravit
1072 2919 1105 2960 ut
1129 2919 1268 2977 quma,

743 2978 818 3030 unde
834 2977 949 3045 contigit
962 2988 992 3028 ut
1008 2977 1273 3046 inveniretmum.

741 3061 895 3119 quaestui
911 3051 1046 3103 desideria
1067 3053 1153 3106 dilata
1176 3067 1270 3108 cresc-t.-

743 3134 829 3186 rent,
847 3134 873 3174 et
896 3124 1039 3175 crescendo
1055 3137 1193 3192 caperent.
1208 3123 1270 3196 quod

745 3194 921 3248 invenissent.
942 3195 1038 3247 Sancta
1059 3196 1135 3248 enim
1150 3194 1272 3250 desiderit

745 3265 875 3318 dilatione
896 3275 1035 3331 crescunt,
1051 3267 1074 3316 si
1098 3277 1193 3320 autem
1210 3267 1271 3321 diu-

746 3339 825 3390 tione-
838 3337 976 3398 deficiunt,
996 3335 1132 3391 desideria
1152 3338 1273 3395 nomine.-

747 3417 818 3459 runt.
834 3409 892 3459 Hoc
906 3423 997 3459 emme
1019 3405 1273 3480 arsit,.quisquiead

746 3479 875 3530 virtutem
891 3479 1043 3546 pertingere
1061 3468 1159 3546 potuit.
1171 3479 1273 3534 eattae

747 3549 908 3619 Gregorius.
941 3550 1072 3613 Quamvis
1106 3567 1179 3622 ergp.
1199 3548 1274 3604 uada

746 3620 859 3674 vidisset
873 3635 976 3688 corpus.
988 3620 1092 3672 Christi
1106 3623 1217 3685 abesae,
1230 3635 1273 3672 ra·

748 3694 819 3746 lebat
831 3703 921 3744 tamen
932 3693 1022 3745 adhuo
1029 3693 1122 3746 videre
1128 3695 1163 3750 si
1172 3695 1207 3748 eli
1243 3691 1273 3745 ud

746 3764 891 3833 vestigium
906 3776 997 3832 posset
1009 3766 1212 3833 percipere3,et.
1247 3766 1253 3775 “

749 3850 804 3887 non
819 3834 969 3888 sufficiebat
983 3835 1036 3889 sibi
1053 3838 1141 3890 semel
1153 3833 1275 3904 respexi}

747 3921 784 3958 ae.
801 3906 830 3956 ln
844 3907 894 3958 hoc
907 3917 997 3959 autem
1011 3907 1238 3974 quod'inclt'itauii
1250 3917 1275 3956 sc
