2626 4328
246 328 293 378 DE
308 327 469 378 SABBATO
487 325 638 387 SANCTO,
650 325 686 375 ΙΝ
706 323 876 375 PASSIONE
889 325 1024 377 DOMINI.

84 446 119 496 Ut
132 445 257 495 educeres
271 444 372 493 vinctos
386 442 419 492 de
434 441 572 492 claustris.

82 520 121 568 Te
134 523 228 567 nostra
243 517 372 566 vocabant
386 514 515 578 suspiria,

81 589 120 638 Te
134 588 216 653 larga
233 586 403 651 requirebant
420 585 546 634 lamenta.

80 661 123 710 Tu
138 673 199 724 spes
215 673 244 708 es
257 657 367 725 effectus
381 655 541 722 desperatis,

76 729 184 794 Magna
198 728 345 778 consolatio
359 727 385 776 in
402 725 549 776 tormentis.

75 868 126 919 Sed
148 868 194 934 qui
210 884 256 932 per
277 867 383 933 singula
401 866 489 916 dicere
506 865 601 928 valeat,

75 949 175 1003 quanta
189 939 226 988 ibi
244 937 337 999 laetitia,
351 937 438 1000 fuerit,
451 951 512 986 cum
525 935 607 985 Chri·

74 1020 132 1060 stus
152 1010 203 1060 Sol
218 1010 335 1076 jusiitiae
355 1009 393 1060 eis
418 1008 555 1075 apparuit;
581 1017 606 1058 et

74 1082 259 1132 habitantibus
298 1082 325 1131 in
358 1081 467 1147 regione
501 1081 605 1130 umbrae

74 1156 179 1215 mortis,
202 1156 249 1206 diu
273 1172 348 1207 novae
367 1155 434 1206 lucis
457 1165 605 1220 exspectata

73 1228 178 1278 claritas
200 1227 332 1278 radiavit?
358 1229 390 1278 Et
409 1226 481 1277 stetit
506 1225 605 1276 Domi-

73 1315 205 1349 nuscum
230 1299 269 1350 eis
293 1300 341 1360 ibi,
364 1310 390 1350 et
410 1308 475 1349 tunc
495 1299 606 1349 fuerunt

73 1370 102 1419 in
122 1369 221 1434 gloria;
247 1385 309 1419 nam
330 1370 399 1420 visio
414 1370 473 1429 Dei,
488 1367 617 1434 perfecta·

73 1451 114 1490 est
139 1441 231 1504 gloria.
259 1441 365 1490 Ibibem
390 1440 441 1489 fuit
469 1449 495 1489 et
517 1440 603 1499 latro,

72 1510 115 1559 cui
136 1510 270 1559 Dominus
287 1510 389 1560 dixerat
408 1526 415 1559 :
436 1509 527 1560 Hodie
549 1524 604 1560 me-

72 1593 130 1630 cum
147 1580 203 1629 eris
218 1579 244 1629 in
257 1579 399 1643 paradiso.
425 1580 542 1629 Nomine
556 1594 604 1644 pa-

72 1651 153 1700 radisi
176 1660 282 1700 notatur
309 1650 347 1700 ibi
375 1650 424 1700 Dei
448 1649 558 1709 fruiti0,
578 1660 604 1700 et

70 1721 139 1770 visio
153 1721 252 1779 divina,
266 1721 339 1787 quia,
355 1731 458 1786 peracta
469 1721 617 1782 Passione,-

69 1802 125 1841 tam
139 1792 197 1857 ipse
211 1792 288 1851 latro,
303 1807 385 1858 quam
400 1792 455 1854 alii,
468 1791 514 1857 qui
530 1801 604 1841 erant

70 1860 99 1911 in
114 1861 208 1920 limbo,
220 1861 344 1912 viderunt
356 1863 442 1912 Deum
455 1875 501 1926 per
514 1876 603 1910 essen·

68 1931 144 1981 tiam.
158 1932 231 1982 Istud
244 1932 316 1996 quod
328 1931 454 1981 Christus
466 1928 602 1981 infernum

70 2000 192 2052 introivit
206 2011 232 2051 et
245 2004 355 2050 sanctos
369 1999 523 2060 laetificavit,
538 2016 602 2066 prae-

69 2069 209 2135 figuratam
231 2081 287 2121 erat
311 2070 337 2119 in
359 2070 445 2121 tribus
463 2071 553 2137 pueris
575 2071 602 2120 in

69 2141 175 2193 fornace
194 2143 347 2208 Babylonis,
368 2143 415 2193 ubi
441 2145 473 2194 ad
497 2143 602 2209 ingres-

69 2227 130 2262 sum
160 2213 256 2279 Angeli
294 2213 365 2279 ignis
391 2228 483 2264 versus
507 2224 548 2264 est
573 2213 602 2263 in

69 2284 227 2334 suavitatem
251 2283 328 2333 roris.
354 2284 408 2344 Qui
436 2283 464 2333 in
495 2283 603 2334 fornace

69 2366 153 2414 erant,
172 2356 277 2407 fuerunt
298 2356 391 2421 pueri;
413 2355 495 2406 sicin
517 2356 603 2406 limbo

68 2440 126 2473 non
141 2436 214 2475 erant
234 2425 287 2475 nisi
309 2425 467 2474 innocentes
484 2436 509 2475 et
531 2425 601 2490 puri,

68 2497 117 2563 qui
143 2498 214 2547 enim
236 2510 298 2550 ante
325 2499 473 2564 plenariam
494 2497 602 2549 satisfa-

68 2570 184 2620 ctionem
207 2571 375 2629 decedebant,
399 2571 427 2619 in
447 2570 602 2637 purgatorio

69 2642 267 2707 purgabantur,
292 2653 318 2692 et
340 2653 404 2693 tunc
428 2644 460 2691 ad
485 2642 601 2692 limbum

68 2715 254 2766 ascendebant.
277 2717 351 2766 lstud
375 2715 454 2765 etiam
475 2713 603 2781 praefigu-

69 2795 156 2834 ratum
183 2785 236 2835 fuit
258 2802 303 2850 per
329 2785 468 2836 Danielem
492 2787 520 2835 in
541 2788 602 2836 lacu

69 2855 192 2915 leonum,
221 2855 263 2905 cui
296 2856 428 2906 Dominus
456 2855 530 2906 misit
555 2871 602 2922 per

69 2924 192 2975 Habacuc
218 2926 369 2990 prandium.
394 2925 529 2975 Dominus
548 2926 602 2975 Da-

67 2995 165 3045 nielem
180 2996 294 3046 illaesum
310 3012 325 3047 a
339 2997 459 3047 leonibus
480 2996 602 3046 custodi-

67 3065 116 3124 vit,
144 3076 169 3116 et
197 3082 243 3132 per
271 3067 405 3134 Angelum
431 3065 601 3117 refectionem

67 3137 120 3187 sibi
131 3137 220 3201 misit;
234 3139 273 3189 sic
289 3140 360 3189 Deus
374 3141 462 3189 Patres
475 3139 502 3188 in
517 3138 602 3188 limbo

68 3225 83 3259 a
102 3209 271 3262 daemonibus
289 3211 435 3263 defensavit
454 3212 600 3263 et'tandem

9 3283 11 3291 '
68 3282 125 3347 ipse
145 3284 257 3335 veniens
276 3285 366 3335 divina
388 3284 532 3337 refectione
555 3302 601 3336 eos

68 3356 151 3421 pavit.

100 3429 114 3481 5
128 3431 260 3481 lurrauus
269 3447 402 3482 ratuinus
413 3447 599 3491 Qununueuux.

67 3527 97 3536 —
119 3500 155 3550 Et
172 3502 312 3552 sciendum
336 3502 408 3568 quod
435 3518 535 3552 nomen
556 3501 600 3551 in·

67 3571 138 3622 ferni
159 3574 276 3624 sumitur
295 3575 445 3640 dupliciter,
475 3574 599 3625 scilicet:

68 3659 117 3708 pro
144 3659 231 3708 poena,
253 3655 279 3695 et
304 3645 361 3695 loco
385 3659 479 3710 poenae.
496 3645 601 3695 Secun-

67 3712 134 3762 dum
150 3714 269 3779 primum
286 3715 396 3764 modum
409 3714 516 3773 dicitur,
526 3714 600 3780 quod

67 3782 206 3834 daemones
224 3800 330 3850 semper
348 3784 486 3835 infernum
506 3799 598 3834 secum

68 3864 184 3917 portant.
213 3856 264 3906 Sed
293 3866 372 3921 prout
402 3855 523 3906 infernus
550 3871 599 3921 pro

67 3924 127 3974 loco
143 3941 228 3991 poenae
242 3927 368 3988 sumitur,
382 3928 421 3978 sic
438 3928 599 3996 quadrupli-

1141 320 1191 374 651

663 440 729 490 citer
748 441 933 507 distinguitur.
952 441 1042 500 Unus,
1071 437 1194 491 infernus

663 511 871 574 damnatorum,
900 512 929 562 in
961 526 1015 577 quo
1045 520 1084 559 est
1114 525 1192 574 poena

662 597 757 632 sensus
773 593 798 633 et
821 582 924 645 damni,
948 581 975 631 id
995 592 1036 631 est
1054 579 1193 630 sensibilis

663 668 741 717 poena
766 663 792 703 et
814 653 912 704 divinae
930 652 1044 703 visionis
1065 649 1191 710 carentia,

662 735 687 773 et
711 733 775 774 sunt
796 723 834 773 ibi
850 724 963 774 tenebrae
984 722 1135 780 interiores,
1163 720 1191 770 id

661 804 701 845 est
716 795 837 844 absentia
850 793 948 844 divinae
962 794 1063 859 gratiae,
1077 802 1103 842 et
1113 797 1191 842 exte-

661 865 763 928 riores,
793 864 894 915 scilicet
924 866 1082 930 corporales.
1105 865 1192 928 Super
1277 868 1284 881 ¹

660 935 744 986 istum
759 947 799 986 est
812 936 915 986 limbus
930 950 1075 1001 puerorum
1093 935 1120 984 in
1135 949 1191 1001 quo

659 1018 700 1056 est
714 1023 793 1073 poena
806 1007 908 1066 damni,
930 1016 955 1057 et
972 1022 1027 1056 non
1044 1021 1149 1065 sensus,
1166 1013 1192 1055 et
1233 1037 1236 1043 ,

660 1091 724 1129 sunt
738 1080 776 1130 ibi
791 1080 907 1131 tenebrae
922 1079 1064 1128 interiores
1078 1090 1104 1128 et
1116 1087 1192 1129 exte·

659 1153 753 1204 riores.
775 1154 861 1218 Super
881 1153 955 1202 hunc
975 1163 1014 1202 est
1031 1153 1107 1202 locus
1124 1167 1192 1216 pur-

658 1225 789 1289 gatorius,
804 1225 831 1274 in
843 1239 899 1290 quo
913 1233 952 1273 est
964 1238 1042 1287 poena
1056 1237 1152 1272 sensus
1165 1231 1192 1293 et

658 1295 750 1345 damni
765 1296 797 1345 ad
812 1306 929 1359 tempus,
946 1305 972 1343 et
983 1304 1045 1343 sunt
1060 1292 1097 1342 ibi
1114 1303 1192 1342 tene-

659 1366 713 1416 brae
737 1365 891 1425 exteriores,
913 1374 939 1415 et
963 1380 1017 1415 non
1039 1363 1190 1422 interiores,

658 1438 724 1505 quia
753 1455 801 1504 per
828 1439 941 1506 gratiam
973 1438 1072 1488 habent
1102 1437 1189 1486 lucem

657 1510 823 1562 interiorem.
847 1513 997 1577 Supremus
1021 1511 1097 1560 locus
1120 1508 1190 1558 inter

658 1582 725 1642 haec,
758 1593 797 1634 est
825 1583 928 1633 limbus
955 1592 1109 1633 sanctorum
1137 1580 1189 1629 Pa·

657 1663 741 1714 trum,
755 1653 782 1703 in
803 1670 859 1719 quo
875 1653 926 1703 fuit
949 1668 1026 1720 poena
1045 1650 1147 1708 damni,
1156 1658 1189 1700 et

658 1743 713 1776 non
728 1742 843 1790 sensus;
857 1737 884 1778 et
895 1728 1004 1777 fuerunt
1018 1724 1056 1775 ibi
1071 1724 1188 1774 tenebrae

657 1798 810 1859 exteriores,
825 1809 852 1849 et
867 1797 1027 1864 privationis
1041 1795 1132 1862 gratiae
1143 1793 1189 1844 di-

655 1867 733 1918 vinae.
747 1870 788 1919 Ad
804 1870 877 1919 hunc
891 1871 980 1919 locum
995 1866 1121 1917 Christus
1136 1865 1188 1915 de·

656 1940 769 2000 stendit,
790 1951 816 1991 et
839 1955 913 2000 suos,
936 1939 984 2005 qui
1007 1955 1062 1988 non
1080 1946 1193 2003 propter.

655 2020 759 2061 reatum
780 2026 911 2076 personae,
928 2011 975 2060 sed
999 2019 1107 2074 propter
1128 2021 1189 2057 rea-

656 2091 714 2130 tum
729 2092 831 2133 naturae
848 2081 1047 2140 detinebantur,
1064 2079 1127 2129 inde
1151 2077 1188 2128 li-

657 2151 773 2215 beravit;
790 2163 815 2202 et
827 2152 866 2202 sic
877 2151 1014 2201 infernum
1030 2147 1188 2207 momordit,

655 2223 719 2286 quia
732 2233 835 2287 partem
848 2223 905 2287 ejus
919 2220 1037 2281 abstulit,
1050 2229 1076 2270 et
1085 2229 1187 2284 partem

656 2293 776 2359 reliquit.

688 2365 782 2425 6Quo
808 2382 888 2417 seusu
917 2367 1052 2416 Canrsrus
1077 2378 1187 2416 xonrru

657 2453 822 2487 nnosrxnvrr
850 2453 883 2486 ar
908 2453 1042 2487 urnuoxux
1069 2450 1188 2486 arcam.

657 2535 687 2544 -
709 2509 824 2557 Mortem
847 2522 919 2569 vero,
937 2517 1070 2573 prostrato
1093 2505 1190 2557 mortis

656 2590 774 2638 auctore,
790 2579 879 2645 quoad
894 2581 1001 2638 electos,
1018 2579 1127 2644 penitus
1138 2578 1190 2628 de·

657 2651 766 2709 struxit,
788 2661 818 2700 ut
839 2651 884 2701 ille
907 2650 955 2716 qui
973 2650 1042 2700 nihil
1056 2649 1123 2714 juris
1137 2650 1189 2699 ha-

656 2723 738 2772 bebat
752 2723 780 2772 in
804 2722 898 2788 capite,
916 2723 988 2788 quod
1009 2721 1115 2780 invasit,
1141 2735 1189 2785 per

655 2792 817 2856 injustitiam
836 2793 898 2858 plus
920 2793 1037 2858 petendi,
1059 2788 1188 2840 etiamid

656 2865 788 2927 perderet,
803 2864 876 2929 quod
892 2864 991 2913 habere
1004 2862 1144 2913 videbatur
1157 2858 1186 2909 in

654 2938 775 2996 corpore,
793 2934 866 2997 quod
890 2933 1034 2997 deceperat.
1060 2929 1188 2981 Christus

654 3002 728 3052 enim
751 3002 899 3052 secundum
922 3012 1043 3052 naturam
1066 2999 1187 3050 divinam

657 3074 835 3140 impassibilis
867 3086 893 3125 et
921 3073 1084 3124 immortalis
1114 3070 1186 3132 fuit,

655 3146 720 3210 quia
751 3144 840 3210 passio
866 3144 908 3195 vel
940 3160 1014 3194 mors
1042 3157 1121 3208 poena
1147 3151 1187 3194 est

656 3215 766 3281 peccati,
780 3217 826 3266 sed
840 3216 898 3281 ipse
911 3216 970 3267 sine
984 3227 1090 3283 peccato
1103 3213 1187 3275 venit,

654 3298 681 3336 et
695 3287 796 3353 absque
812 3298 918 3352 peccato
937 3287 1019 3350 vixit;
1038 3286 1189 3339 secundum

656 3358 806 3423 potentiam
823 3373 885 3408 vero
911 3369 937 3409 et
958 3357 1079 3408 mortalis
1102 3355 1190 3408 voluit

655 3443 713 3478 esse
739 3438 765 3478 et
789 3428 936 3494 passibilis.
952 3429 1101 3479 Mercedem
1125 3442 1191 3493 quo·

654 3517 708 3567 que
729 3517 784 3552 suae
800 3501 896 3552 mortis
916 3502 990 3552 dedit
1013 3501 1120 3552 homini
1140 3515 1189 3566 pro

655 3589 710 3639 quo
739 3572 831 3623 omnia
856 3572 985 3624 sustinuit
1013 3591 1021 3624 ι
1049 3589 1098 3638 pro
1121 3587 1188 3638 pas-

654 3645 740 3702 sione,
751 3643 1013 3709 impassibilitatem;
1030 3659 1078 3709 pro
1091 3650 1186 3702 morte,

653 3715 902 3778 immortalitatem
921 3730 969 3779 pro
987 3713 1186 3782 peregrinatio-

655 3800 697 3844 ne,
724 3797 854 3835 aeternam
882 3785 1006 3850 patriam.
1032 3786 1108 3836 Unde
1129 3783 1184 3833 Leo

655 3859 725 3922 Papa
741 3873 748 3907 ε
764 3877 778 3904 a
792 3856 910 3908 Perstitit
928 3857 1069 3922 improbus
1084 3855 1184 3920 praedo,

653 3936 680 3978 et
702 3943 798 3979 avarus
811 3939 917 3979 exactor
931 3927 962 3978 in
974 3942 1042 3977 eum
1051 3924 1105 3989 opi
1114 3922 1193 3972 nimi
