2626 4328
365 283 412 334 DE
429 283 538 343 NONA,
555 281 589 331 IN
607 279 775 330 PASSIONE
788 276 924 329 DOMINI.

83 413 198 458 ‚servare
208 410 341 465 quantum
356 399 463 464 poterit,
477 414 538 464 quae
551 397 627 449 Chri-

92 479 150 520 stus
167 470 289 520 moriens
305 469 428 520 servavit.
446 470 504 534 lpse
525 468 596 519 enim
618 484 625 517 τ

93 539 188 597 oravit,
211 540 345 598 clamavit,
367 540 487 604 ploravit,
507 538 625 588 animam

81 608 163 659 -Patri
178 609 386 668 commendavit,
400 619 425 658 et
438 608 564 674 spiritum
578 617 627 657 tra·

61 730 65 742 ,
90 679 172 741 didit;
189 678 228 729 sic
248 690 274 730 et
289 695 338 730 nos
359 679 388 729 in
407 680 532 730 extremis
546 677 625 745 positi

91 749 239 800 debemus:
249 766 333 811 orare,
345 752 459 801 clamare
469 751 562 800 saltem
573 764 628 799 cor·

92 822 134 880 de,
156 822 262 887 plorare
281 822 456 889 propeccatis
478 838 523 888 per
537 836 627 872 veram

92 893 298 957 poenitentiam,
322 893 439 942 animam
465 892 521 942 Deo
547 907 627 942 com-

81 963 230 1022 mendare,
254 972 280 1012 et
298 963 425 1028 spiritum
446 963 558 1024 tradere,
579 976 628 1010 vo-

91 1031 208 1082 luntarie
236 1032 336 1082 scilicet
358 1032 509 1092 moriendo,
521 1040 558 1091 ,et
578 1047 628 1081 vo-

90 1103 223 1153 luntatem
240 1117 358 1154 nostram
375 1104 474 1154 divinae
497 1102 627 1153 voluntati

91 1173 231 1223 tradendo.
244 1175 283 1223 nd
295 1174 518 1224 conformandum
528 1189 556 1223 se
565 1172 628 1222 huic

91 1245 213 1304 articulo,
240 1247 367 1312 recogitet
388 1247 471 1296 homo
496 1263 503 1296 ε
527 1254 627 1311 quanto

92 1329 183 1366 amore
195 1317 315 1367 Salvator
331 1329 422 1367 noster
437 1327 552 1367 mortem
566 1331 627 1382 per-

92 1389 168 1449 tulit,
191 1400 221 1440 ut
245 1407 294 1440 nos
315 1391 478 1453 vivificaret3
505 1400 532 1440 et
555 1390 626 1456 quod

91 1460 273 1511 conditionem
298 1462 394 1512 mortis
414 1461 507 1521 subiit,
524 1462 572 1527 qui
586 1462 627 1511 vi-

93 1541 147 1581 tam
168 1532 304 1583 universis
327 1534 455 1584 creaturis
476 1533 585 1597 tribuit;
602 1543 629 1582 et

93 1614 218 1654 mortuus
242 1615 290 1666 est,
305 1607 351 1669 qui
377 1617 497 1656 mortuos
512 1606 627 1657 suscita-

92 1675 145 1742 vit;
163 1687 189 1727 et
204 1680 344 1730 revolvens
365 1680 393 1729 in
411 1690 501 1730 mente
515 1695 563 1730 sua
577 1680 627 1729 do-

93 1760 220 1800 cumenta
237 1751 376 1815 praemissa
396 1762 462 1802 oret.
484 1753 560 1814 lesu,
582 1753 628 1817 qni

95 1820 120 1870 in
131 1834 210 1871 cruce
225 1823 341 1873 moriens
355 1823 472 1872 animam
487 1829 560 1872 tuam
575 1823 628 1872 Pa·

94 1893 130 1942 tri
148 1894 342 1944 commendasti
360 1912 368 1944 .·
389 1896 426 1944 da
447 1894 513 1945 mihi
532 1894 558 1943 in
578 1895 628 1945 hac

94 1962 148 2013 vita
169 1963 220 2013 tibi
239 1965 419 2028 spiritualiter
437 1966 475 2016 sic
490 1965 626 2025 commori,

94 2039 225 2097 qnatenus
238 2040 266 2083 tn
281 2035 307 2084 in
322 2035 388 2086 hora
403 2036 498 2086 mortis
512 2050 577 2086 mece
592 2035 629 2084 ai-

92 2104 187 2169 gnert's
202 2104 319 2154 animam
334 2119 418 2155 meam
434 2107 560 2156 miseram
576 2106 627 2155 ha-

94 2175 153 2226 bere
184 2177 402 2229 commendatam.
426 2179 491 2244 Ego
521 2185 626 2240 antem,

94 2245 215 2309 Domine,
231 2247 259 2297 in
272 2247 336 2297 illas
350 2264 444 2299 manns
460 2256 521 2298 tuas
532 2254 628 2298 exten-

96 2333 140 2370 sas
154 2326 181 2369 et
190 2321 360 2384 persor-atas,
378 2328 404 2372 et
418 2336 497 2372 sacro
512 2320 628 2386 sangui-

97 2403 127 2440 ne
141 2403 285 2455 respersas
298 2393 448 2442 commendo
464 2390 589 2456 spiritum
603 2396 629 2440 et

98 2475 194 2527 corpus
208 2478 309 2526 meum,·
328 2470 354 2513 et
376 2464 496 2530 supplico
520 2462 629 2512 caritati

97 2538 157 2596 ttae,
178 2534 252 2584 utin
275 2534 418 2584 novisst'ma
439 2534 506 2584 hora
524 2533 627 2598 possim

97 2616 153 2654 cnm
169 2605 297 2655 memoria
312 2607 428 2671 integra,
438 2605 498 2670 fide
509 2619 589 2669 pura,
603 2611 629 2654 et

99 2687 142 2739 spe
148 2675 234 2742 firma
248 2677 363 2726 animam
384 2690 468 2725 meam
487 2675 513 2725 in
534 2689 629 2725 manns

99 2749 156 2794 tnas
180 2745 447 2796 misericordissimae
466 2745 629 2795 commenda-

100 2832 134 2880 re,
155 2832 223 2883 quas
241 2833 295 2884 pro
313 2833 353 2868 me
372 2819 502 2870 salvando
521 2832 628 2884 expan-

100 2888 162 2939 disti
185 2889 211 2939 in
238 2903 335 2952 cruce,·
356 2896 382 2939 et
407 2891 502 2940 audire
526 2903 629 2940 merear

101 2959 204 3008 verbum
225 2959 294 3009 illud
316 2959 499 3010 dulcissimum
514 2976 523 3009 .·
540 2958 630 3010 Hodie

103 3045 201 3082 mecum
216 3032 272 3080 eris
287 3031 313 3080 in
325 3031 468 3096 paradiso.

130 3102 143 3152 5
157 3103 227 3152 Vanr
241 3118 337 3152 renem
352 3118 456 3153 scrssro.
468 3129 500 3139 -
513 3101 553 3152 Et
566 3111 630 3152 tunc

102 3171 147 3222 hac
155 3190 220 3224 voce
230 3175 340 3240 prolata,
351 3175 435 3224 velum
447 3174 545 3238 templi,
557 3174 630 3240 quod

102 3253 153 3294 erat
166 3244 233 3294 foris
246 3255 308 3296 ante
327 3245 423 3294 faciem
442 3255 468 3295 et
490 3244 630 3294 introitum

102 3314 201 3380 templi,
230 3316 378 3380 prohibens
403 3324 540 3381 aspectum
568 3329 631 3364 san-

101 3393 201 3434 ctorum
222 3400 283 3450 quae
305 3397 379 3436 erant
397 3386 466 3436 intra
488 3386 628 3450 templum,

101 3456 210 3507 scissum
225 3464 266 3506 est
280 3458 306 3507 in
326 3459 395 3507 duas
406 3463 512 3524 parter,
527 3471 545 3505 a
559 3471 629 3506 sum·

100 3539 139 3578 mo
156 3541 238 3592 usque
252 3527 385 3589 deorsum,
402 3543 456 3576 non
472 3526 539 3576 illud
557 3526 630 3592 quod

101 3609 154 3650 erat
174 3600 244 3649 intra
264 3600 395 3664 templum
411 3600 481 3650 inter
495 3608 586 3649 sancta
605 3608 631 3648 et

102 3679 188 3719 sancta
204 3680 369 3719 sanctorum.
385 3669 461 3719 Unde
477 3669 631 3733 Origenes:

103 3757 116 3786 a
128 3741 187 3791 Duo
200 3751 290 3790 autem
303 3741 362 3790 vela
375 3738 459 3791 fuisse
473 3739 631 3804 intelligun-

102 3819 143 3860 tur
153 3829 160 3861 :
171 3827 259 3860 unum
272 3812 344 3876 quod
354 3812 457 3861 velabat
471 3821 560 3862 sancta
575 3825 632 3860 san-

102 3889 221 3944 ctorum;
242 3883 356 3931 alterum
375 3880 500 3942 exterius,
519 3880 576 3930 sive
595 3888 632 3930 tn-

1152 273 1204 340 607

683 395 825 458 bemaculi‚
842 394 898 444 sive
913 393 1015 458 templi.
1033 394 1064 443 ln
1083 391 1210 442 Passione

682 481 744 532 ergo
754 465 862 517 Domini
873 464 1024 524 Salvatoris,
1034 464 1124 513 velum
1136 462 1208 526 quod

682 546 737 586 erat
755 552 769 586 a
787 535 863 596 foris,
880 534 1045 585 conscissum
1065 542 1133 583 esta
1148 547 1210 581 sur-

682 623 742 658 sum
763 623 849 673 usque
872 607 1009 667 deorsum,
1025 614 1056 654 ut
1077 604 1110 654 ab
1132 601 1211 652 initio

682 677 774 727 mundi
796 692 883 742 usque
906 678 939 726 ad
957 675 1048 734 finem,
1076 672 1211 724 conscisso

681 747 830 807 velamine,
856 745 981 813 mysteria
1021 743 1210 810 publicentur,

682 836 743 887 quae
759 835 844 885 usque
857 821 890 868 ad
904 819 1005 869 Christi
1017 819 1161 868 adventum
1174 829 1212 865 ra-

681 895 845 946 tionabiliter
868 893 972 944 fuerant
988 893 1124 943 occultata.
1145 890 1211 940 Cum

681 975 767 1019 antem
787 967 887 1018 venerit
907 966 977 1031 qnod
995 966 1144 1032 perfectum
1161 968 1209 1023 est,

681 1049 743 1089 tunc
756 1037 891 1088 auferetur
904 1037 984 1087 etiam
999 1036 1148 1087 secundum
1163 1047 1210 1084 ve-

682 1111 738 1161 lum
752 1120 782 1160 ut
800 1110 938 1160 videamus
959 1109 1040 1159 etiam
1055 1123 1114 1173 quae
1137 1107 1210 1156 intus

682 1192 744 1232 sunt
766 1181 905 1239 occultata,
929 1178 1029 1229 scilicet
1050 1193 1140 1228 veram
1164 1192 1210 1227 ar-

681 1268 738 1303 cam
762 1249 938 1311 Testamenti,
960 1259 986 1298 et
1001 1241 1080 1299 ‘sicut
1103 1248 1161 1312 ipsa
1181 1261 1209 1296 se

681 1322 762 1372 habet
780 1330 884 1380 natura,
904 1319 1043 1370 videamus
1060 1315 1209 1367 Cherubim

681 1402 707 1442 et
720 1392 772 1442 alia
785 1407 792 1441 z
810 1392 866 1441 haec
884 1390 1024 1455 Origenes.
1041 1390 1088 1438 Per
1101 1388 1151 1436 hoc
1164 1401 1210 1435 er-

681 1479 715 1529 go
727 1462 837 1528 signum
851 1460 1013 1526 figurabatur
1026 1460 1138 1508 revelata
1151 1470 1210 1506 esse

681 1533 808 1600 mysteria
823 1541 849 1582 et
869 1543 969 1581 secreta
985 1537 1210 1580 sacramentorum

680 1604 769 1671 Legis,
787 1618 848 1670 quae
866 1613 926 1652 ante
947 1603 1031 1651 velata
1052 1609 1128 1650 erant
1149 1615 1156 1647 ι
1180 1606 1211 1646 ut

681 1677 814 1729 universis
829 1676 1012 1742 proderentur,
1026 1684 1053 1724 et
1067 1673 1099 1722 ad
1112 1673 1211 1722 Gentes

681 1751 841 1807 transirent;
868 1758 894 1799 et
921 1748 1058 1813 impletam
1085 1760 1143 1795 esse
1163 1759 1211 1794 ve-

681 1824 795 1883 ritatem,
814 1837 874 1887 quae
894 1821 922 1871 in
947 1819 1041 1885 figuris
1061 1818 1173 1879 latebat;
1189 1826 1214 1866 et

681 1896 777 1945 coelum
800 1902 932 1957 apertum,
955 1890 1028 1956 quod
1050 1898 1112 1938 ante
1139 1887 1213 1936 clau-

681 1980 741 2014 sum
756 1972 818 2014 erat.
838 1961 915 2012 Unde
931 1970 957 2010 et
971 1974 1021 2009 nos
1038 1958 1066 2008 in
1086 1956 1212 2007 Passione

681 2036 790 2087 Domini
806 2046 833 2086 et
852 2049 952 2090 cruces,
979 2043 1004 2082 et
1027 2030 1162 2096 reliquias,
1186 2039 1212 2079 et
1285 2062 1289 2079 1

681 2117 765 2159 cetera
791 2121 863 2156 sacra
888 2103 1037 2169 detegimus
1066 2101 1094 2150 in
1122 2102 1211 2151 eccle-

681 2181 721 2232 sia
739 2191 765 2230 et
781 2178 964 2245 patefacimus.
980 2179 1012 2227 Et
1027 2177 1055 2225 in
1074 2175 1212 2240 evangelio

683 2251 868 2300 Nazaraeorum
886 2247 992 2313 legitur,
1009 2243 1213 2309 superliminare

681 2320 773 2385 templi
802 2318 916 2369 infinitae
939 2312 1134 2383 magnitudinis
1157 2312 1213 2364 fra·

682 2401 755 2442 ctum
768 2405 833 2449 esse,
845 2388 1001 2453 auditasque
1015 2401 1093 2436 voces
1104 2384 1133 2434 in
1144 2399 1212 2442 aere,
1294 2416 1304 2436 t

682 2461 832 2512 etVirtutes
842 2458 984 2524 angelicas,
993 2456 1120 2522 praesides
1130 2471 1214 2525 quon·

682 2535 744 2584 dam
759 2532 861 2597 templi,
874 2542 939 2581 tunc
952 2530 1049 2595 pariter
1061 2529 1188 2579 clamasse
1200 2541 1212 2598 .²

682 2605 864 2654 Transeamus
880 2617 913 2652 eu
932 2601 975 2652 his
990 2601 1108 2652 sedibus.
1123 2600 1158 2650 Ut
1172 2613 1215 2648 au·

683 2687 737 2728 tem
760 2677 827 2727 dicit
854 2674 1074 2743 chrysostomus,
1095 2673 1147 2723 hoc
1168 2686 1215 2721 ve-

683 2750 740 2800 lum
764 2749 889 2810 scissum,
913 2758 968 2798 erat
988 2744 1215 2812 pretiosissimum

683 2819 716 2869 de
739 2833 857 2884 purpura
880 2829 906 2868 et
930 2817 1020 2884 bysso,
1044 2827 1070 2865 et
1090 2828 1168 2864 cocco
1192 2820 1217 2862 et

683 2906 759 2950 auro,
776 2900 802 2940 et
822 2890 917 2947 serico,
943 2899 968 2938 et
988 2885 1134 2952 hyacintho
1157 2898 1217 2932 con-

683 2970 796 3020 textum,
811 2959 884 3026 quod
907 2959 935 3008 in
961 2958 1055 3007 diebus
1073 2952 1216 3004 celeberri-

683 3050 746 3085 mus
763 3033 985 3099 suspendebatur.

715 3103 731 3153 6
760 3105 828 3152 Aera
853 3118 928 3152 sronn
955 3115 1053 3163 rncrn,
1082 3112 1215 3147 nonraure

683 3178 800 3228 Damno.
815 3205 846 3212 -
860 3176 916 3225 Hac
937 3188 1045 3239 quoque
1064 3186 1129 3222 voce
1143 3177 1216 3220 terra

684 3252 755 3297 mota
776 3251 843 3296 est:
864 3244 941 3310 quasi
963 3259 1017 3293 non
1037 3244 1129 3293 valens
1150 3239 1217 3290 ferre

685 3316 835 3367 Dominum
848 3330 929 3364 suum
944 3314 1115 3380 pendentem,
1126 3320 1151 3361 et
1163 3325 1218 3360 non

685 3397 779 3455 potens
806 3385 937 3436 sustinere
963 3384 1064 3434 Christi
1092 3389 1216 3439 mortem,

685 3474 767 3523 capax
784 3457 858 3508 enim
873 3456 953 3519 hujus
970 3454 1069 3504 mortui
1092 3467 1217 3503 essenon

685 3536 800 3593 poterat·,
817 3536 843 3576 et
862 3526 890 3575 in
910 3525 1020 3591 signum
1045 3524 1117 3589 quod
1133 3519 1216 3572 Judaei

685 3599 718 3647 de
729 3612 759 3647 ea
772 3596 914 3659 abjiciendi
926 3606 952 3645 et
966 3592 1118 3645 destruendi
1133 3601 1216 3643 erant.

685 3667 724 3716 Et
733 3673 820 3730 petra
842 3665 936 3716 scissae
950 3672 1037 3717 sunt:
1060 3664 1088 3714 in
1108 3663 1217 3728 signum

685 3735 869 3785 conversionis
892 3736 1053 3799 Gentilium3
1079 3743 1105 3783 et
1128 3734 1156 3783 in
1179 3730 1217 3780 si-

685 3823 770 3874 gnum
785 3809 858 3874 quod
880 3808 960 3858 corda
978 3817 1217 3873 quantumcunque

686 3880 752 3930 dura
765 3879 893 3929 deberent
906 3878 1021 3943 compati
1037 3876 1145 3927 Christo
1163 3888 1220 3923 mo·
1301 3877 1304 3885 '
