2626 4328
324 234 371 284 DE
381 236 510 297 sem,
525 237 563 287 {N
583 237 726 287 PASSION
730 238 752 288 E
767 239 906 289 DOMINI.
1135 240 1185 309 593

120 415 229 482 Karia,
244 420 340 473 Mater
355 422 466 490 gratim

119 487 218 540 Mer
227 491 434 557 mimicos-dice,

121 556 170 611 ‘Tu
180 576 232 612 nos
245 563 282 612 ab
291 564 366 616 toste
378 571 503 632 prenge,
513 567 516 574 '

119 630 163 710 Et
170 633 242 685 bora
256 637 352 688 mortis
362 638 479 703 suscipe.

57 771 177 837 Adiuvat
199 790 265 841 ergo
277 776 308 826 in
324 777 377 829 vita
389 797 401 829 s
413 779 461 830 sed
477 778 507 829 in
527 776 593 837 sita,

58 842 174 908 quidam
196 856 262 896 sunt
280 847 355 912 justi,
382 859 409 900 et
424 849 487 900 istis
503 849 594 914 impe-

57 926 357 1041 t‘piudtflpersererantem
377 925 505 990 gratiam,
532 924 594 975 ideo

117 1133 230 1199 Maria,
245 1137 339 1189 Mater
351 1141 462 1206 gmtr'oe,

58 1274 162 1328 scilieet
184 1278 273 1330 datrix
286 1291 313 1331 et
326 1282 530 1346 conservatrix3
544 1282 593 1334 alit

59 1358 126 1400 sunt
147 1363 314 1416 peccatores,
339 1364 365 1404 et
385 1354 446 1404 istis
466 1355 594 1420 impetrat

58 1433 231 1486 pecatorum
251 1426 359 1476 veniam
376 1439 402 1478 et
416 1429 467 1480 Dei
483 1428 594 1479 miseri-

59 1492 189 1555 cordium,
202 1494 267 1545 ideo
281 1497 424 1548 subditur:

119 1634 219 1687 Meter
233 1639 438 1691 msericordiae.

59 1776 203 1829 Seamdus
225 1788 320 1853 status,
338 1782 440 1833 scilicet
449 1784 481 1833 in
496 1796 593 1846 morte,

59 1859 101 1900 est
113 1849 297 1917 periculosus,
311 1855 375 1920 quia
386 1855 490 1917 hostes,
511 1857 538 1907 id
553 1869 595 1910 est

60 1918 209 1982 demones,
231 1923 266 1972 ed
288 1924 433 1976 morientes
456 1928 594 1988 accedunt,

60 1999 86 2040 et
100 1989 125 2040 si
143 1992 220 2058 quod
242 1992 286 2058 jus
309 1994 410 2046 habent
432 1997 593 2063 exquirunt;

60 2062 106 2113 sed
125 2063 205 2115 bema
227 2065 311 2132 Virgo
327 2068 432 2118 animas
455 2069 483 2119 in
507 2083 596 2122 morte

61 2136 187 2272 ffit,
214 2146 242 2186 et
266 2138 361 2190 hostes
383 2141 512 2207 expellit,
534 2143 594 2194 ideo

119 2346 170 2401 Tu
184 2364 235 2402 nos
246 2351 281 2402 ab
294 2351 500 2422 mrtepoege.

62 2491 170 2544 Tertiis
181 2503 279 2556 status,
290 2497 395 2548 scilicet
406 2510 467 2565 post
478 2512 594 2552 mortem

62 2569 86 2611 et
108 2563 209 2615 anime
231 2581 381 2632 egressum,
407 2570 532 2622 similiter
554 2584 596 2623 est

63 2635 239 2699 penuriosus,
252 2640 316 2705 quia
330 2641 368 2690 ibi
378 2653 445 2693 sunt
455 2644 595 2694 daemomes
639 2637 642 2642 μ

64 2704 210 2771 mgierrtes,
226 2710 344 2760 animam
357 2713 485 2764 devorare
499 2716 595 2765 volen-

64 2786 118 2841 τως
144 2780 195 2829 ssd
224 2780 301 2832 beata
328 2783 411 2850 Virgo
435 2786 541 2836 animas
564 2787 594 2836 iu

66 2859 149 2900 morte
162 2850 278 2916 suscipit
299 2864 326 2902 et
346 2854 374 2903 in
396 2857 494 2906 coelum
513 2857 596 2906 dedu-

65 2917 106 2979 cit,
119 2919 183 2971 ideo
196 2923 364 2976 subinfertur
381 2943 388 2976 ε

120 3062 165 3114 Et
176 3063 246 3115 hora
260 3066 355 3116 mortis
367 3067 484 3133 suscipe·

68 3199 227 3254 ODoma'ne
246 3205 322 3269 Jesu,
345 3206 487 3272 Magister
511 3208 596 3273 horre,

67 3276 346 3328 recommendationem
360 3295 439 3345 qzram
447 3278 544 3346 fecisti
559 3282 597 3330 ia-

10 3366 12 3387 ι
68 3346 104 3392 ter
115 3360 166 3397 nos
177 3353 203 3396 et
216 3346 335 3410 Matrem
346 3356 419 3399 tuam
430 3365 557 3402 conserva
570 3352 597 3402 in

68 3422 210 3481 mamam
232 3425 259 3470 et
275 3421 312 3471 da
332 3423 408 3472 nobis
422 3423 546 3487 gratim
565 3431 598 3475 ut

10 3478 12 3553 J
69 3485 240 3541 asateamm
256 3491 348 3541 taliter
363 3493 506 3556 deservire,
527 3495 598 3560 quod

10 3566 13 3583 ¹
70 3557 148 3626 digne
169 3577 320 3614 mereamur
343 3565 401 3629 ejus
417 3566 476 3628 filii
494 3581 596 3617 nuncti-

68 3632 135 3695 lm‘,
148 3639 175 3683 d
185 3633 247 3700 iprsa
260 3635 386 3701 dignetur
395 3641 480 3686 mater·
496 3643 522 3686 et
532 3638 597 3687 Do-

71 3702 138 3754 mina
152 3711 249 3755 nostra
264 3705 325 3757 diei.

10 3826 16 3853 Ι,
97 3771 133 3840 37
157 3776 294 3825 Tenessis
311 3792 402 3826 meris
424 3792 506 3827 suren
530 3793 597 3828 ren-

10 3866 14 3943 l

72 3860 129 3898 mit.
143 3875 175 3887 -
188 3850 214 3898 A
228 3855 309 3898 sexta
320 3850 494 3913 attentiora,
508 3849 597 3914 sactae

636 359 720 403 'sust
745 355 859 405 tenebrae
885 353 1016 413 visibiles,
1042 368 1124 420 usque
1150 356 1188 406 ad
1231 392 1238 401 .

655 423 749 475 lteram
763 440 858 476 noram
872 439 952 492 super
963 425 1117 475 universam
1129 431 1188 477 ter-

656 509 724 544 ram.
747 495 816 556 Quis
838 497 909 546 enim
929 497 1025 562 Agnus
1044 495 1185 559 innocens,

656 577 682 617 et
700 582 780 618 verus
794 569 846 620 Sol
854 569 975 634 justitie
990 567 1113 633 eclipsim
1133 583 1184 632 pa-

655 638 780 701 tiebatur,
802 642 842 691 sol
863 641 913 692 iste
931 641 1047 691 visibilis
1063 639 1184 690 clarissi-

655 725 731 759 mum
758 711 852 762 mundi
875 713 979 769 lumen.
1005 710 1111 762 Factori
1135 725 1184 761 suo

655 781 827 846 compatiens,
851 783 918 833 lucis
944 798 1001 834 suae
1030 783 1119 833 radios
1140 797 1185 832 re-

655 854 737 904 traxit
758 863 785 904 et
800 855 951 914 occultavit,
967 871 1020 904 non
1034 856 1126 905 velens
1140 853 1186 903 in-

654 924 722 974 tueri
737 925 899 990 pendentem
913 925 1104 984 Dominum,ae
1115 940 1184 974 mor-

654 996 691 1046 tis
716 998 775 1061 ejus
795 997 925 1048 vilitatem
950 1008 978 1048 et
1004 997 1184 1048 acerbitatem.

655 1067 733 1117 Unde
747 1067 959 1135 Chrysostomus
973 1087 982 1119 .·
997 1087 1010 1114 tt
1025 1069 1072 1118 Sol
1086 1068 1187 1118 obscu-

655 1148 730 1188 retus
744 1147 797 1201 est;
825 1155 879 1188 non
903 1138 976 1188 enim
999 1137 1067 1188 ferre
1083 1147 1186 1203 poteret

655 1221 775 1261 creatura
801 1211 928 1277 injuriam
954 1210 1098 1260 Creatoris.
1128 1211 1185 1260 Re-

654 1281 735 1332 traxit
756 1282 847 1330 radios
867 1295 940 1345 suos,
961 1281 1055 1330 celavit
1075 1280 1186 1346 igneum

654 1352 741 1416 jubar,
767 1369 801 1403 ne
821 1352 923 1402 videret
948 1351 1096 1416 impiorum
1120 1350 1186 1400 feci-

656 1438 744 1473 nora:
766 1442 779 1470 »
800 1423 859 1473 haec
885 1423 1106 1490 chrysostomus.
1129 1421 1188 1471 Hoc

655 1503 745 1544 autem
758 1494 857 1544 factum
876 1493 929 1544 fuit
944 1492 1043 1559 triplici
1059 1491 1184 1542 ratione:

655 1567 754 1632 primo,
768 1577 799 1617 ut
812 1571 906 1617 namra
917 1564 1095 1625 insensibilis,
1111 1563 1188 1614 Chri·

655 1647 697 1688 sto
724 1639 901 1704 compatiens,
923 1638 1003 1688 corda
1029 1636 1132 1701 lapidea
1151 1633 1187 1685 sd

654 1718 745 1759 vetem
762 1708 863 1759 Christi
876 1706 1092 1773 compassionem
1105 1705 1187 1755 emol-

654 1782 730 1846 liret;
741 1784 872 1843 secundo,
884 1793 915 1832 ut
926 1780 1063 1848 eclipsstio
1073 1777 1187 1829 lumims

655 1853 762 1913 solaris,
774 1853 987 1904 subtractionem
1000 1851 1056 1902 veri
1071 1849 1187 1900 luminis

655 1925 682 1975 in
696 1926 823 1977 sordibus
837 1927 1003 1985 ludaeorum,
1028 1933 1054 1974 et
1068 1923 1187 1972 militum

654 1999 795 2057 Christum
813 1997 1039 2065 crucifigentium,
1061 1996 1190 2047 ostende-

654 2080 712 2134 ret;
732 2071 820 2135 tertio,
843 2086 878 2121 ne
894 2086 992 2136 corpus
1011 2068 1114 2120 Christi
1130 2083 1185 2116 nu-

655 2142 721 2191 dum
747 2141 776 2191 iu
798 2157 903 2191 erucem
934 2151 960 2190 et
987 2149 1102 2188 mortem
1128 2138 1187 2202 ejus

615 2239 617 2242 ⁴
655 2212 921 2279 exprobratissimam
947 2211 981 2261 ab
1006 2209 1098 2274 impiis
1123 2223 1185 2257 cum

655 2282 754 2350 gaudio
766 2283 862 2346 rideri,
879 2282 920 2333 vel
933 2297 981 2332 eos
996 2295 1045 2330 sua
1059 2280 1117 2328 luce
1131 2275 1185 2326 frui

656 2354 830 2420 permitteret
857 2355 918 2404 Non
941 2363 1031 2403 autem
1054 2349 1108 2400 fuit
1136 2349 1188 2399 ists

655 2425 764 2490 eclipsis
783 2426 923 2484 naturalis,
950 2424 1022 2490 quod
1045 2430 1138 2487 patet:
1154 2435 1186 2470 ex

655 2495 759 2546 ratione
780 2496 940 2555 durationis,
962 2495 1026 2560 quia
1049 2507 1186 2558 nunquam

655 2576 743 2634 potest
755 2567 812 2617 fieri
827 2567 981 2618 naturaliter
997 2581 1045 2632 per
1061 2575 1115 2615 tres
1131 2565 1186 2614 ho·

655 2654 716 2703 ras;
739 2639 876 2699 seeundo,
905 2639 1009 2689 ratione
1036 2636 1186 2702 temporis,

655 2709 720 2776 quia
736 2709 905 2776 impossibile
922 2708 1039 2776 estvfieri
1052 2707 1186 2772 eclipsim,

656 2782 710 2833 nisi
728 2783 756 2833 in
779 2783 969 2848 conjunctione
983 2781 1048 2832 solis
1063 2791 1089 2830 et
1106 2782 1188 2837 lunae,

655 2854 702 2904 sed
723 2863 789 2904 tunc
811 2855 876 2904 luna
899 2863 954 2904 erat
969 2853 1056 2918 plena,
1071 2860 1098 2900 et
1113 2865 1128 2898 e
1143 2863 1188 2898 re-

656 2923 736 2988 gione
748 2925 782 2973 ad
796 2925 895 2986 solem3
912 2923 1001 2980 tertio,
1016 2921 1121 2971 ratione
1134 2933 1184 2984 ge-

656 2992 813 3052 neralitatis,
834 2992 940 3057 eclipsis
954 2991 1029 3041 enim
1042 3002 1184 3054 nunquam

655 3074 742 3130 potest
762 3079 824 3114 esse
848 3078 928 3128 super
953 3061 1106 3112 universam
1132 3070 1186 3109 ter-

656 3151 724 3195 ram,
738 3134 808 3184 sicut
830 3135 928 3184 dicitur
951 3132 1005 3192 hic,
1029 3131 1093 3196 quia
1115 3131 1185 3195 apud

656 3208 775 3258 Athenas
791 3207 844 3257 hoc
854 3207 942 3257 visum
953 3205 1014 3256 fuit.
1030 3204 1108 3256 Unde
1123 3203 1187 3254 Dio-

656 3281 762 3346 aysius,
774 3281 847 3345 apud
861 3278 1025 3345 Heliopolim
1038 3288 1104 3328 tunc
1115 3292 1189 3342 prte-

657 3367 729 3410 sens,
753 3351 821 3402 vidit
843 3352 895 3401 hoc
917 3349 974 3400 fieri
997 3365 1045 3416 per
1065 3349 1189 3414 interpo-

658 3420 785 3471 sitionem
800 3422 882 3480 lunae,
898 3419 926 3470 in
945 3430 1043 3469 terram
1056 3429 1082 3469 et
1091 3420 1188 3476 solem,

657 3491 727 3542 sicut
742 3491 771 3541 fit
789 3491 819 3541 in
839 3491 933 3556 eclipsi
951 3490 1028 3549 solis,
1043 3490 1107 3556 quia
1121 3488 1189 3540 vidit

657 3564 751 3613 lunam
763 3564 796 3613 ab
810 3563 923 3614 Oriente
937 3563 1123 3613 ascendentem
1134 3576 1190 3612 ver-

658 3652 704 3686 sus
722 3636 871 3698 meridiem,
896 3646 971 3686 etse
992 3645 1187 3701 supponentem

658 3707 724 3772 soli;
744 3716 770 3756 et
792 3717 923 3757 transacta
941 3705 1042 3772 eclipsi,
1058 3707 1123 3756 luna
1146 3719 1189 3754 re-

658 3779 709 3829 diit
739 3779 772 3828 ad
800 3779 962 3836 Orientem,
989 3778 1026 3828 ita
1058 3777 1131 3842 quod
1159 3774 1189 3824 in

660 3865 769 3917 vespere
788 3849 840 3901 ruit
859 3848 889 3898 in
911 3849 1030 3910 Oriente,
1054 3849 1109 3897 sole
1131 3844 1189 3895 exi-
