2626 4328
302 305 348 357 or
361 307 483 367 rmum,
500 306 536 359 rr
556 306 725 359 passione
738 306 878 377 neuim.

10 446 14 479 .·
48 425 135 491 hphis
160 424 294 475 innocens
316 434 457 475 mnetamr.
479 424 587 475 Intuere

10 496 12 507 '
51 511 118 547 nune
143 495 304 560 opprobriis
328 495 479 547 Dominum
506 510 585 546 vere-

10 600 17 623 ,
51 567 179 626 mudum,
195 565 224 616 in
243 566 387 617 tormentis
399 581 462 617 vero
477 566 586 632 petien-

10 644 18 709 ξ
51 648 110 701 u,
130 649 160 691 et
181 639 290 690 uultum
312 639 464 704 sempered
484 649 584 692 terram

10 726 21 777 ·,'
51 710 214 775 bibentem,
232 722 262 762 er
284 711 407 762 silentem
428 713 462 762 ed
482 713 585 773 omnia,

10 784 19 835 i
50 791 177 851 bnqsum
208 798 270 833 vere
305 793 374 834 esset
402 783 585 847 deprehensus

10 856 17 891 ί
51 853 76 905 in
97 854 206 920 arripe,
231 864 258 905 er
280 855 349 905 mim
373 855 463 905 cordis
480 855 585 906 contri-

10 922 24 991 ἶ,
51 925 119 976 tione
136 934 295 990 competere
314 925 433 977 Creatori
457 943 466 975 ε
488 945 505 973 n
527 926 585 977 haec

10 1002 19 1061 Ι
50 997 201 1049 mei-ue.
234 996 272 1048 Et
299 997 340 1047 sic
364 1008 415 1048 stet
449 998 584 1048 Dominus

10 1072 18 1109 t
51 1078 131 1118 rectus
146 1068 180 1117 ad
197 1067 278 1117 istam
294 1068 448 1118 columnam
474 1068 583 1134 ligatus,

10 1116 22 1229 k
51 1148 222 1191 &saturatus
246 1140 403 1205 opprobriis
422 1155 510 1206 usque
531 1156 584 1190 ma·

52 1225 86 1271 oe,
108 1209 229 1262 afflictus
256 1210 342 1260 nimis
363 1211 464 1276 frigore
490 1219 516 1261 et
540 1211 584 1261 la-

10 1234 22 1351 i
43 1279 119 1342 berc,
142 1280 211 1347 quia
234 1280 323 1331 hiems
353 1291 409 1331 eret
435 1291 463 1332 et
491 1290 585 1331 nocres

54 1352 141 1419 lom.
152 1355 197 1404 Tu
208 1369 273 1418 ergo
282 1353 336 1403 ibis
345 1355 379 1404 ad
388 1370 461 1413 eum,
471 1362 499 1404 et
506 1353 584 1403 vehe-

55 1435 151 1476 uenter
160 1424 217 1476 sibi
230 1425 407 1490 comperiens,
419 1425 534 1497 dicesled
546 1425 584 1491 ip·

1122 309 1174 360 513

639 440 708 475 rum.
724 424 758 475 Et
772 434 837 475 mne
850 423 1027 475 devotissime
1041 424 1176 476 oseulabe

639 496 677 548 ris
689 513 787 547 manus
801 508 827 548 er
839 497 919 563 pedes
930 498 990 563 ejus
998 497 1176 558 venerabiies,

639 578 666 618 et
678 568 785 619 vincula
798 568 842 618 illa
857 568 1012 628 durissime,
1026 577 1052 617 et
1066 567 1174 618 sedebis

639 641 677 691 ibi
693 641 728 690 ed
740 642 821 707 pedes
835 642 910 691 illius
924 642 1021 692 dolens
1037 649 1063 690 et
1076 640 1173 705 lugens

638 720 665 761 et
687 712 759 761 dices
780 728 786 760 ε
810 711 834 760 0
853 712 969 762 Domine
985 713 1062 772 Jeru,
1077 711 1174 760 saitem

638 782 787 847 requiescat
801 788 880 847 caput
896 788 969 832 tuum
983 796 1065 848 super
1078 781 1173 831 hume-

637 870 696 905 rum
710 870 804 917 meum,
818 869 855 905 ex
875 871 926 921 quo
940 862 968 906 re
986 856 1102 906 liberae
1119 870 1171 905 nou

635 942 753 993 porrum
771 927 807 976 Er
820 937 886 976 tunc
899 926 1132 977 recommendrbis
1145 936 1172 976 te

637 998 671 1058 ei,
687 1007 712 1048 et
726 1013 820 1048 omnes
834 997 938 1047 amicos
951 1007 1022 1056 tuos,
1038 1006 1064 1046 et
1083 1006 1171 1047 torum

636 1071 741 1134 absque
760 1068 844 1119 dubio
867 1068 996 1117 ooncedet
1020 1067 1071 1117 tibi
1087 1067 1171 1132 quid-

637 1140 704 1207 quid
717 1139 852 1205 rogaveris
866 1148 892 1188 et
908 1137 1017 1202 petieris
1030 1137 1063 1186 ab
1081 1152 1121 1187 eo.
1138 1137 1172 1187 Et

636 1211 708 1261 dices
723 1211 748 1261 ei
764 1228 772 1260 :
790 1210 814 1260 Ο
826 1209 948 1271 Domine,
961 1209 1026 1274 quid
1039 1209 1127 1258 dicam
1143 1209 1171 1258 in

636 1283 784 1333 crasdmm
802 1282 973 1348 dignissimae
988 1279 1078 1330 Matri
1098 1280 1174 1331 tuce?

637 1355 671 1405 Et
695 1355 735 1404 sie
758 1355 791 1403 ad
817 1354 898 1419 pedes
921 1351 1091 1403 beatissimos
1117 1351 1171 1401 ali-

636 1428 797 1492 quantulum
811 1425 972 1476 dormitabis
993 1434 1020 1474 et
1035 1425 1171 1490 quiesces,

637 1497 659 1547 si
674 1507 765 1547 temen
776 1496 894 1546 dormire
911 1504 994 1560 potes,
1010 1494 1039 1544 in
1054 1493 1100 1544 tali
1116 1504 1171 1544 ste-

636 1579 666 1620 tu
681 1569 830 1619 Dominum
846 1578 924 1618 tuum
940 1566 1047 1617 videns.

57 1510 109 1549 euru
123 1515 133 1549 z
154 1499 182 1549 0
196 1497 319 1557 omae,
336 1499 374 1548 ad
395 1513 508 1564 quorum
523 1513 584 1549 ura·

57 1581 98 1619 ms
117 1567 240 1619 venisti?
261 1568 372 1628 Qetonta
390 1575 432 1619 est
450 1570 585 1635 patientia

59 1636 118 1687 ba?
144 1638 215 1688 Vere
235 1637 291 1688 ista
308 1643 351 1687 est
369 1639 437 1690 hora
456 1639 585 1690 tenebra-

546 1879 686 1931 ORATIO

82 2048 195 2101 Domine
206 2048 271 2101 lesu
283 2049 400 2113 Christe,
412 2048 460 2115 qui
473 2049 540 2100 hom
551 2048 684 2100 matutina
695 2063 786 2099 coram
799 2049 879 2100 Anna
891 2063 906 2099 a
921 2046 1048 2098 ministro
1067 2048 1170 2113 alapam

23 2126 26 2131 '
61 2121 202 2188 noeepisti,
213 2132 241 2173 et
256 2131 282 2171 te
298 2122 412 2188 ligatum
429 2122 462 2172 ad
479 2121 612 2187 Caipham
629 2121 691 2171 duci
705 2120 863 2187 permisisti,
878 2131 903 2170 et
915 2129 970 2169 tota
986 2129 1064 2169 nocte
1083 2121 1169 2170 multa

61 2194 193 2258 opprobria
213 2203 239 2245 et
263 2192 437 2245 incommoda
455 2193 598 2259 pertulisti,
618 2195 717 2254 tribue,
736 2209 837 2261 quaesO,
851 2192 921 2243 mihi
936 2191 1068 2258 peccatori
1082 2202 1112 2241 ut
1126 2193 1168 2242 si-

61 2263 129 2317 milia
146 2265 202 2331 pati
221 2265 353 2332 gaudeam
374 2281 423 2332 pro
440 2265 525 2331 gioria
545 2265 584 2316 tui
607 2263 742 2326 nominis,
764 2276 792 2316 et
811 2264 917 2330 gaudiis
942 2262 1042 2329 perfrui
1064 2277 1169 2312 merear

61 2337 162 2389 eternis
179 2338 236 2389 lnis
255 2353 365 2405 quoque
383 2348 437 2389 tuae
455 2337 562 2403 pietatis
578 2338 674 2399 oculis,
689 2338 790 2404 quibus
804 2347 874 2386 tunc
888 2336 999 2386 Petrum
1018 2333 1168 2398 respexisti,

62 2419 99 2457 me
110 2407 239 2460 miserum
253 2407 406 2474 frequenter
416 2408 551 2473 respicias,
564 2408 612 2476 qui
627 2418 653 2459 te
665 2409 745 2459 toties
761 2407 850 2474 pravis
861 2403 1081 2472 cogitationibus,
1095 2405 1169 2454 locu-

60 2476 179 2541 tionibus,
192 2481 333 2547 operibus‚
346 2479 573 2547 negiigemiisque
585 2480 690 2546 negavi,
708 2490 738 2530 ut
751 2481 852 2531 valeam
874 2475 994 2527 defectus
1013 2490 1090 2526 meos
1105 2492 1169 2544 cog-

62 2563 157 2603 noscere
177 2563 208 2604 et
228 2553 292 2609 iude
317 2552 462 2619 poenitere,
478 2567 509 2602 ac
525 2551 633 2603 veniam
650 2562 677 2604 et
693 2552 811 2620 gratiam
821 2565 923 2602 merear
934 2547 1006 2616 apud
1023 2557 1048 2598 te
1062 2547 1168 2600 inveni-

62 2635 93 2670 re.
103 2623 196 2677 Amen.

470 2923 636 2994 CAPUT
662 2924 744 2991 LXl

245 3211 246 3214 ¹
272 3173 328 3243 De.
347 3173 488 3252 Prima,
515 3170 552 3240 in
574 3173 745 3242 Passt'one
767 3169 924 3241 Domini.

129 3421 274 3484 Metthaei
294 3442 361 3505 cap.
387 3443 440 3506 27,
464 3423 568 3485 Marci
589 3442 656 3504 cap.
686 3424 736 3499 15,
759 3423 854 3483 Lucae
875 3441 943 3505 cap.
969 3441 1021 3498 22,
1047 3424 1086 3484 23

391 3543 422 3591 et
442 3529 575 3592 Joannis
595 3549 664 3611 cap.
691 3529 741 3607 18,
768 3551 817 3613 19.

83 3737 264 3801 rSmurnun',
287 3757 361 3791 nme
383 3757 477 3802 mero,
503 3757 584 3793 mrr-
634 3755 718 3804 mene,
741 3741 842 3793 scilicet
868 3751 900 3794 ut·
918 3745 1015 3811 faetus
1034 3748 1075 3793 est
1099 3742 1168 3804 dies,

58 3820 185 3862 amiur
209 3827 353 3862 coneretur
377 3828 511 3863 inversus
538 3812 583 3862 Jr-
634 3821 819 3876 converte-unt,
834 3816 905 3880 apud
927 3815 1058 3881 Caipham
1073 3814 1167 3864 Ponti-

57 3886 107 3934 ππ.
120 3910 152 3922 —-
165 3884 240 3934 Hom
253 3883 341 3949 prima
358 3885 437 3936 corde
456 3885 583 3936 doloroso
634 3884 712 3934 ficem
726 3901 733 3934 t
745 3885 885 3952 principes
895 3886 1073 3946 sacerdotum,
1087 3884 1114 3933 id
1128 3890 1168 3932 est

57 3956 78 4001 et
102 3963 200 4007 rnoesto
230 3954 420 4014 meditaberis,
448 3954 582 4022 quaiiter,
633 3954 680 4005 alii
694 3955 841 4021 pontifices,
855 3955 903 4024 qui
918 3955 1105 4022 praecedebam
1123 3967 1171 4002 re-
