2626 4328
469 247 515 297 DE
533 248 774 301 PENTECOSTE.

64 367 207 418 sollicitari
217 367 308 428 debet,
319 383 372 434 qua
384 367 470 432 gratia
484 366 604 432 indigeat

66 441 95 490 in
110 439 274 500 adversitate,
289 451 315 490 et
330 439 426 506 quain
441 438 599 505 prosperita-

66 524 102 571 te,
118 527 172 578 qua
186 521 261 576 egeat
279 511 312 561 ad
327 510 439 568 amicos,
457 519 483 560 et
497 523 552 575 qua
565 507 597 558 ad

66 585 203 643 inimicos,
215 583 354 649 quomodo
376 583 473 633 habeat
484 597 512 632 se
520 580 598 630 solus

66 671 128 704 cum
146 657 212 719 Deo,
225 666 251 706 et
266 655 403 721 quomodo
419 656 490 704 inter
503 650 598 704 homi-

65 742 113 776 nes
129 726 328 783 conversand03
345 735 372 775 et
386 724 427 775 sic
439 726 471 776 de
489 723 598 775 ceteris.

64 800 117 849 Sed
142 798 204 864 quir
232 804 274 849 est
298 797 351 860 lu'c,
378 803 404 847 et
426 796 599 847 laudabimus

64 869 151 921 euni?
164 868 294 929 Quamvis
315 868 392 918 enim
407 867 492 934 aliqui
515 867 597 932 hujus

63 943 197 1007 temporis
215 941 267 992 viri
288 943 359 991 bona
382 951 537 1006 operentur,
556 943 598 994 di-

63 1014 142 1063 midii
154 1023 246 1062 tamen
263 1012 354 1077 operis
368 1021 434 1061 sunt
447 1028 453 1061 :
466 1011 532 1077 quia
549 1014 595 1064 alii

62 1084 195 1150 largitatis
217 1081 329 1148 gratiam
348 1091 410 1132 sunt
430 1083 531 1149 adepti,
549 1085 597 1134 sed

61 1155 150 1208 carnis
168 1153 366 1204 incontinentia
393 1164 469 1204 sunt·
479 1155 594 1219 lubrici;

61 1228 107 1278 alii
119 1242 184 1278 vero
198 1241 309 1291 corpore
319 1224 432 1290 quidem
443 1236 508 1276 sunt
519 1226 597 1288 casti,

60 1302 108 1351 sed
131 1299 249 1350 avaritiae
273 1299 385 1348 aestibus
404 1309 469 1348 sunt
485 1299 595 1364 cupidi;

60 1373 107 1422 alii
119 1381 210 1428 autem
225 1371 337 1437 gratiam
352 1370 472 1421 lenitatis
493 1370 596 1420 haben·

61 1454 110 1505 tes,
124 1442 170 1491 sed
185 1457 297 1491 rancore
309 1441 394 1491 animi
409 1451 473 1492 sunt
488 1440 596 1506 pusilla·

60 1516 165 1576 nimes;
189 1513 236 1565 alii
266 1530 329 1564 vero
353 1530 408 1564 non
431 1513 594 1564 recordando

60 1585 174 1650 injurias
200 1599 263 1634 suas
285 1584 339 1633 cito
364 1583 520 1650 ignoscunt,
546 1585 594 1634 sed

61 1657 157 1707 minus
166 1666 242 1706 caute
253 1671 299 1705 cor
312 1656 490 1705 custodiendo
504 1653 595 1705 citius

62 1746 116 1796 que
130 1729 267 1778 irascendo
283 1728 355 1778 rixas
371 1737 532 1793 provocant;
547 1727 592 1778 alii

61 1803 134 1869 quod
149 1801 222 1850 Deus
232 1799 348 1865 singulis
357 1799 494 1866 largiendo
507 1799 593 1849 dona-

58 1874 107 1932 vit,
122 1873 152 1921 in
167 1871 218 1920 hoc
236 1870 313 1936 quasi
326 1869 436 1936 proprio
447 1870 542 1920 labore
555 1884 594 1920 ac-

59 1947 198 2014 quirentes
224 1943 388 2010 gloriantur;
417 1943 463 1994 alii
495 1958 594 2008 corpus

60 2018 89 2068 in
104 2015 268 2066 abstinentia
282 2015 416 2081 affligunt,
434 2016 481 2066 sed
502 2030 594 2080 super·

61 2088 145 2144 biam,
163 2085 313 2147 avaritiam,
337 2087 480 2146 invidiam,
500 2096 527 2136 et
540 2086 593 2136 alia

60 2158 174 2209 nefanda
190 2157 349 2221 admittunt,
363 2159 403 2209 vel
426 2158 592 2208 detrahendo

60 2229 195 2295 proximo,
213 2229 292 2295 quasi
315 2245 407 2280 carnes
432 2229 507 2280 illius
519 2245 592 2280 ,cum

60 2305 191 2369 sanguine
204 2304 361 2354 comedunt.
376 2303 413 2355 Et
427 2303 506 2354 sicin
521 2303 593 2354 rnul-

58 2377 94 2425 tis
111 2374 214 2423 hodie:
230 2373 283 2434 Qui
301 2376 417 2440 optimus
437 2374 465 2423 in
487 2373 527 2423 eis
541 2379 591 2434 ert,

59 2445 141 2511 quasi
160 2444 287 2508 paliurus
306 2462 316 2509 ,·
339 2451 365 2496 et
390 2450 488 2506 reclus,
512 2442 592 2509 quasi

58 2519 140 2583 spina
169 2517 202 2565 de
227 2529 297 2582 sepe.
326 2518 472 2567 Sciendum
498 2525 591 2566 autem

57 2590 133 2655 quod
147 2588 225 2653 plura
245 2598 308 2638 sunt
324 2585 593 2638 necessariahomini

57 2658 160 2710 volenti
172 2656 310 2724 proficere,
323 2669 349 2708 et
361 2659 390 2708 in
398 2657 455 2717 vita
466 2656 593 2723 spiritua·

57 2732 77 2781 li
99 2732 156 2780 Deo
175 2730 294 2781 servire.-
310 2730 431 2796 primum
448 2739 498 2793 est,
520 2729 591 2779 clara

57 2811 84 2851 et
112 2799 227 2865 perfecta
255 2800 352 2849 notitia
385 2815 498 2851 suorum
520 2797 591 2850 defe-

56 2883 152 2922 ctuum
173 2880 200 2921 et
222 2868 425 2937 infirmitatum,
440 2873 591 2922 secundum

57 2954 107 3005 est,
133 2944 173 2994 ira
199 2959 297 3008 magna
320 2955 347 2994 et
369 2944 475 2996 fervens
501 2954 591 2995 contra

56 3031 121 3066 suas
140 3015 275 3065 naturales
296 3015 380 3066 malas
401 3014 591 3065 inclinationes

55 3098 84 3138 et
108 3088 280 3149 voluntates;
304 3086 416 3137 tertium
437 3095 485 3149 est,
509 3086 593 3136 timor

56 3172 183 3222 magnus,
194 3171 277 3222 quem
295 3157 373 3207 debet
388 3158 487 3207 habere
507 3158 540 3208 de
554 3155 592 3206 of-

54 3227 141 3277 fensis
155 3227 285 3277 hactenus
299 3237 391 3277 contra
404 3227 492 3277 Deum
505 3225 589 3289 iactis,

53 3298 122 3364 quia
145 3314 200 3348 non
215 3311 255 3351 est
270 3308 369 3362 certus,
385 3313 420 3349 an
435 3298 503 3349 bene
517 3296 592 3348 satis-

1131 270 1183 322 777

652 381 733 416 suum
746 382 845 433 corpus
866 367 1067 433 subjugandum
1089 368 1118 418 in
1134 369 1187 420 ob-

652 436 778 503 sequium
795 439 857 488 Jesu
877 437 980 489 Christi
989 454 997 502 3
1012 449 1127 501 sextum,
1139 441 1185 492 vi·

651 518 705 559 tare
718 509 839 560 virtuose
856 526 966 561 omnem
989 527 1143 576 personam,
1160 522 1186 563 et

651 597 761 632 omnem
769 583 849 632 aliam
859 593 1016 647 creaturam,
1027 601 1088 650 quae
1097 584 1189 651 impel-

650 651 681 700 lit
695 668 757 702 eum
767 668 827 706 non
835 653 923 704 solum
937 654 970 703 ad
983 666 1130 720 peccatum,
1141 653 1189 706 sed

651 723 783 774 etiamad
810 724 930 790 aliquam
951 724 1188 791 imperfectionem

651 792 803 859 spiritualis
813 794 884 854 vitae,
902 794 973 845 sicut
986 812 1072 846 unum
1089 794 1197 853 daemor

651 882 714 917 nem
746 864 922 931 infernalem,
959 869 1108 934 septimum
1134 877 1184 931 est,

650 937 738 989 dulcis
751 949 778 990 et
791 939 919 990 continua
940 940 1089 992 recordatio
1105 942 1184 993 bene-

649 1011 774 1062 ficiorum
795 1011 855 1072 Dei,
878 1028 939 1079 quae
962 1015 1092 1065 hactenus
1116 1031 1186 1067 rece·

650 1083 699 1148 pit,
720 1092 745 1132 et
761 1082 889 1148 quotidie
911 1082 1006 1148 recipit
1027 1099 1042 1134 a
1064 1083 1185 1137 Domino

648 1155 711 1205 Jesu
728 1152 848 1218 Christ0,
858 1171 920 1205 cum
935 1156 1081 1222 gratiarum
1097 1154 1184 1208 actio-

650 1241 698 1290 ne;
715 1235 838 1275 octavum
852 1237 902 1287 est,
916 1237 995 1276 nocte
1012 1235 1038 1276 et
1055 1226 1099 1276 die
1113 1238 1184 1278 stare

649 1300 677 1348 in
691 1299 829 1362 oratione;
845 1315 948 1350 nonum
963 1309 1011 1362 est,
1026 1300 1099 1366 quod
1116 1316 1183 1366 por-

648 1379 686 1420 tet
707 1385 788 1436 super
811 1386 840 1421 se
862 1387 968 1421 crucem
986 1371 1097 1435 Christi,
1122 1387 1183 1437 quae

648 1451 764 1508 quatuor
774 1440 856 1491 hahet
866 1440 993 1492 brachia:
1003 1458 1122 1508 quorum
1133 1440 1185 1508 pri·

648 1531 725 1565 mum
750 1525 804 1574 est,
822 1513 1005 1566 ‘mortificatio
1029 1516 1185 1566 mortalium

647 1585 786 1647 vitiorum,
799 1586 958 1646 secundum,
974 1586 1111 1637 derelictio
1123 1601 1185 1637 orn-
1262 1639 1264 1644 ,

649 1656 726 1707 nium
746 1657 882 1707 bonorum
900 1657 1102 1722 temporalium,
1126 1667 1183 1707 ter-

647 1729 734 1789 tium,
761 1727 884 1794 praecisio
904 1727 1031 1778 omnium
1058 1727 1185 1778 affectum

647 1799 798 1850 carnalium
809 1798 971 1858 amicorum,
984 1809 1120 1866 quartum,
1131 1799 1185 1849 sui·

647 1871 734 1936 ipsius
744 1880 915 1936 contemptus
923 1869 1091 1920 abominatio
1101 1880 1127 1921 et
1137 1885 1186 1921 aa·

647 1942 781 1994 nihilatio.

681 2029 708 2063 11
733 2013 858 2063 Semirus
876 2012 973 2062 Saucrr
989 2025 1136 2062 asarenam.
1151 2039 1182 2050 --

645 2081 777 2148 Discipuli
789 2082 880 2148 itaque
894 2079 1013 2147 Spiritus
1024 2081 1115 2132 Sancti
1129 2082 1181 2133 vir·

646 2166 703 2206 tute
716 2154 787 2204 docti
809 2165 835 2206 et
857 2153 1015 2213 illuminati,
1032 2153 1136 2204 accensi
1154 2164 1181 2206 et

645 2225 739 2290 adjuti,
754 2222 896 2275 confortati
918 2233 945 2274 et
965 2223 1094 2286 roborati,
1109 2239 1178 2274 con-

646 2298 722 2348 solati
738 2308 765 2347 et
779 2296 855 2347 omni
871 2295 971 2361 gaudio
992 2295 1097 2361 repleti,
1116 2311 1179 2346 cum

645 2366 722 2435 pauci
745 2376 835 2417 essent
860 2375 887 2415 et
909 2364 1066 2430 simplices,
1091 2376 1179 2416 totum

646 2443 780 2492 mundum
798 2450 1001 2501 concusserunt,
1017 2450 1043 2490 et
1057 2456 1105 2506 pro
1118 2456 1179 2492 ma-

645 2532 697 2583 gna
727 2524 801 2581 parte
833 2514 1023 2580 subjecerunt3
1059 2514 1180 2580 partim-

645 2603 698 2655 que
711 2585 801 2637 verbis
815 2585 919 2652 ignitis,
936 2585 1035 2652 partim
1056 2586 1181 2652 perfectis

644 2659 785 2726 exemplis,
807 2658 908 2724 partim
931 2659 1062 2709 mirandis
1083 2661 1181 2725 prodi·

644 2734 713 2800 giis,
741 2747 789 2798 per
810 2741 898 2782 totum
924 2732 1059 2781 mundum
1088 2732 1181 2782 Eccle'b

644 2805 712 2855 siam
728 2804 931 2870 plantavere-unm
946 2818 1006 2867 quae
1019 2811 1045 2851 et
1059 2801 1179 2865 ejusdem

644 2876 762 2942 Spiritus
781 2875 873 2925 Sancti
890 2873 990 2924 virtute
1010 2882 1130 2937 purgata,
1145 2871 1181 2921 il·
1205 2902 1207 2909 ι

644 2945 778 2996 luminata
802 2954 885 3009 atque
909 2940 1034 3008 perfecta,
1055 2940 1181 2991 amabilis

644 3018 712 3069 facta
726 3027 767 3068 est
780 3031 890 3081 sponso,
908 3015 1021 3079 ejusque
1034 3028 1180 3078 paranym-

643 3089 722 3156 phis,
747 3095 780 3137 ut
803 3085 924 3152 speciosa
948 3083 1034 3134 nimis
1055 3084 1180 3149 miraque

644 3159 770 3209 varietate
779 3155 955 3213 circumdata,
964 3155 1070 3205 Satanae
1078 3169 1141 3204 vero
1153 3163 1180 3205 et

644 3232 747 3297 angelis
757 3232 825 3295 ejus,
838 3228 969 3279 terribilis
983 3234 1012 3278 ut
1025 3234 1178 3278 castrorum

644 3303 717 3353 acies
735 3301 861 3354 ordinata
864 3336 912 3352 .....
928 3299 975 3350 Illi
988 3298 1099 3360 quidem
1108 3313 1179 3364 pro-

53 3366 160 3428 facerit,
178 3378 204 3418 et
226 3371 248 3420 si
264 3386 329 3420 cum
343 3369 399 3420 Deo
414 3384 506 3435 pacem
520 3367 591 3419 fece·
639 3374 793 3440 sectisunt,
804 3384 925 3423 nontam
935 3371 1058 3437 passibus
1068 3371 1179 3436 pedum,

54 3440 109 3500 rit;
126 3451 255 3504 quartum
273 3452 321 3504 est,
334 3456 450 3507 magnus
469 3440 552 3491 timot
565 3450 592 3492 et

56 3521 159 3560 tremor
181 3512 229 3578 qui
248 3513 328 3563 debet
342 3527 401 3562 esse
421 3511 452 3561 in
471 3511 540 3578 ipso,
558 3526 592 3563 ne

55 3597 104 3647 per
117 3597 194 3632 suam
211 3582 388 3649 fragilitatem
400 3582 534 3633 relabatur
547 3582 595 3633 ite-

55 3668 119 3702 rum
146 3652 176 3702 in
203 3652 351 3712 similibus,
378 3651 420 3703 vel
445 3635 593 3717 majoribus

56 3725 172 3789 peccatis
180 3742 189 3790 3
205 3726 334 3792 quintum
351 3735 402 3789 est,
414 3723 495 3774 fortis
508 3724 593 3776 disci-

57 3795 140 3861 plina,
154 3812 250 3863 aspera
260 3796 389 3848 correctio
401 3796 435 3848 ad
445 3797 594 3862 regendum

56 3867 181 3935 quinque
191 3884 288 3920 sensus
298 3869 459 3935 corporales,
469 3878 593 3921 et-totum

645 3448 727 3511 quarn
739 3443 865 3510 passibus
874 3442 1017 3506 virtutum,
1030 3440 1181 3491 seeundum

645 3531 728 3582 supra
751 3515 867 3564 dicrum⁴
878 3512 982 3565 Christi
1006 3512 1182 3574 mandatum,

645 3603 700 3637 non
715 3586 873 3636 immediate
893 3593 956 3651 post
974 3583 1181 3636 Ascensionen,

646 3658 693 3710 sed
712 3667 774 3723 post
794 3656 887 3708 Sancti
905 3655 1024 3720 Spiritus
1046 3655 1184 3721 acceptio·

647 3744 726 3794 nem3
752 3743 801 3779 nec
827 3726 920 3778 statim
942 3736 1050 3792 accepto
1079 3723 1183 3791 Spiritu

647 3800 743 3858 Sancto
768 3796 848 3850 divisi
874 3805 938 3849 suat
965 3812 1012 3862 per
1033 3796 1184 3852 mundum,

649 3872 695 3922 sed
725 3871 940 3938 perduraverunt
964 3869 1060 3920 adhuc.
1086 3865 1195 3914 chremes
