2626 4328
142 292 194 342 610

143 408 280 457 cluserunt
294 403 368 471 quod
383 411 454 453 esset
472 399 564 449 factus
578 395 683 447 virtute

143 476 233 527 divina
248 471 453 539 supernaturali,
471 480 496 520 et
514 483 562 532 per
579 481 677 517 conse-

144 562 231 612 quens
249 546 321 611 quod
342 544 398 609 ipse
418 550 488 592 esset
505 539 595 590 Filius
614 536 674 587 Dei.

145 617 223 677 Quod
244 615 325 671 etiam
346 629 378 663 ex
399 612 450 662 hoc
468 609 675 676 perpenderunt,

144 688 209 753 quia
220 685 328 752 quando
348 684 453 741 voluit,
469 692 533 732 tunc
547 679 676 746 spiritum

145 757 264 821 dimisit;
276 766 305 807 ut
317 756 389 806 enim
402 754 467 804 dicit
477 753 674 819 Hieronymus,

146 829 237 879 nullus
250 827 331 877 habet
344 836 501 892 potestatem
522 821 675 874 dimittendi

146 899 281 964 spiritum,
306 896 359 947 nisi
380 897 424 946 ille
453 896 500 963 qui
523 894 676 945 animarum

146 970 270 1020 conditor
279 979 318 1020 est
328 984 336 1032 ;
352 977 387 1027 et,
409 968 557 1018 secundum
576 969 676 1032 Augu-

145 1041 252 1104 stinum,
268 1057 330 1091 cum
347 1050 408 1106 post
424 1039 498 1088 illam
510 1053 603 1088 vocem
619 1052 678 1086 con·

145 1113 222 1163 tinuo
246 1114 360 1164 tradidit
380 1113 514 1177 spiritum,
540 1110 591 1160 hoc
617 1123 677 1158 ma-

146 1185 220 1236 xime
249 1187 296 1252 qui
330 1187 439 1236 aderant
473 1193 537 1234 sunt
567 1181 676 1242 mirati,

146 1258 228 1323 longa
248 1257 320 1308 enim
335 1267 421 1307 morte
440 1255 624 1306 cruciabantur
649 1253 678 1303 in

118 1376 121 1383 ,
147 1328 222 1394 ligno
236 1327 369 1394 suspensi.
385 1328 423 1376 De
440 1325 492 1375 isto
505 1323 678 1382 centurione,

149 1399 188 1449 sic
211 1397 277 1449 dicit
297 1397 455 1465 Bernartius
478 1413 486 1446 :
510 1414 524 1441 a
544 1396 606 1445 Erat
635 1394 680 1443 ille

146 1471 276 1522 Centurio
305 1469 523 1528 incircumcisus,
552 1468 598 1517 sed
624 1481 679 1516 non

147 1558 220 1602 aure,
242 1542 290 1607 qui
311 1542 343 1591 ad
363 1556 444 1593 unam
464 1539 611 1604 expirantis
629 1553 679 1588 vo-

148 1628 207 1663 cem
221 1614 272 1662 sub
295 1622 335 1662 tot
359 1609 547 1661 infirmitatum
571 1608 680 1659 indiciis

148 1684 297 1734 Dominum
312 1683 457 1749 maiestatis
471 1681 594 1748 agnovit;
611 1682 681 1731 ideo·

150 1771 204 1822 que
222 1772 277 1806 non
296 1755 416 1822 despexit
435 1756 508 1820 quod
524 1753 600 1814 vidit,
617 1753 681 1819 quia

151 1828 264 1879 credidit
285 1831 358 1895 quod
379 1829 500 1878 nondum
521 1827 599 1878 vidit.
620 1827 681 1876 Non

150 1910 240 1950 autem
256 1899 369 1950 credidit
394 1915 426 1949 ex
450 1915 482 1949 eo
507 1899 581 1965 quod
603 1898 681 1958 vidit,

150 1973 197 2023 sed
211 1989 243 2023 ex
262 1974 378 2039 eoquod
393 1972 497 2022 audivit
513 1989 520 2022 z
535 1971 599 2037 quia
608 1971 682 2036 fides

151 2056 247 2097 estex
271 2047 374 2108 auditu,
399 2046 509 2096 auditus
529 2051 616 2096 autem
630 2059 682 2111 per

152 2117 259 2167 uerbum
286 2116 397 2167 Christi.
430 2136 443 2163 n
473 2116 509 2166 Et
532 2115 681 2166 secundum

153 2186 385 2253 chrysostomum,
404 2186 545 2248 Centurio,
565 2195 596 2236 ut
619 2185 682 2251 qui-

152 2256 214 2306 dam
236 2257 338 2320 dicunt,
357 2273 412 2306 non
435 2258 523 2306 solum
544 2255 683 2307 confessor

152 2329 219 2394 iuit;
231 2330 277 2379 sed
289 2329 369 2380 etiam
382 2330 571 2380 corroboratus
587 2329 614 2379 in
629 2328 683 2379 lide

153 2401 313 2467 martyrium
328 2400 454 2467 suscepit.
469 2402 519 2452 Per
540 2402 592 2452 hoc
612 2401 684 2467 quod

154 2471 285 2521 Centurio
320 2472 435 2522 Gentilis
468 2471 605 2523 confessus
633 2470 685 2520 fuit

153 2539 294 2590 Christum
329 2552 384 2592 tam
421 2544 505 2607 clare,
536 2541 685 2609 significata

154 2614 205 2665 fuit
230 2614 345 2679 gloriosa
366 2616 502 2666 confessio
525 2616 684 2676 Gentilium,

155 2684 184 2734 in
210 2698 304 2732 eorum
326 2685 514 2747 conversione;
538 2696 564 2735 et
587 2684 686 2735 duritia

125 2792 128 2801 .
154 2755 331 2814 ludaeorum,
359 2755 387 2804 in
415 2754 580 2805 infidelitate.
608 2755 686 2805 Unde

155 2827 344 2891 Hieronymus
365 2843 374 2876 .·
395 2843 408 2872 a
431 2825 577 2875 Novissimi
597 2836 686 2875 autern

156 2916 228 2952 nunc
241 2898 322 2966 primi
337 2898 497 2959 efficiuntur,
512 2898 577 2964 quia
591 2898 687 2949 Genti-

155 2970 189 3021 lis
199 2971 315 3037 populus
332 2968 487 3032 confitetur;
506 2980 532 3019 et
546 2969 622 3034 plebs
637 2969 687 3018 Ju-

157 3043 231 3093 daica
245 3053 338 3094 cecata
357 3052 444 3108 negat,
459 3052 489 3092 ut
504 3041 549 3092 fiat
564 3040 603 3091 eis
615 3056 688 3091 error

157 3113 321 3164 novissimus
336 3113 409 3179 pejor
424 3112 520 3178 priore.
535 3131 549 3160 n
565 3112 641 3162 Unde
663 3120 689 3161 et

157 3183 233 3234 Beda
251 3200 258 3233 :
273 3183 376 3243 Quanta
391 3198 454 3248 ergo
471 3182 572 3232 caecitas
582 3181 689 3231 tudaeo-

157 3270 228 3316 rum,
243 3255 300 3321 qui,
313 3266 339 3305 et
357 3271 403 3320 per
416 3255 565 3304 Dominum
577 3253 689 3304 virtuti-

158 3327 209 3378 bus
233 3327 327 3388 factis,
359 3326 439 3376 tantis
465 3327 492 3377 in
520 3335 606 3375 morte
634 3326 690 3390 ejus

157 3398 348 3462 apparentibus
362 3397 456 3463 signis,
467 3397 574 3446 credere
585 3411 691 3461 respue-

158 3477 240 3529 runt,
268 3479 294 3519 et
317 3467 530 3518 insensibiliores
556 3465 690 3517 Gentibus

159 3539 246 3589 Deum
270 3539 418 3606 glorificare
441 3537 482 3588 vel
504 3539 601 3588 timore
625 3553 688 3588 con·

159 3620 340 3676 tempserunt;
359 3611 431 3662 unde
445 3610 541 3660 merito
556 3625 604 3675 per
617 3610 690 3660 Cen-

158 3683 293 3734 turionem
309 3683 374 3735 fides
388 3683 514 3733 Ecclesiae
526 3683 691 3749 designatur,

159 3768 220 3820 quoe
243 3754 302 3804 velo
326 3754 516 3819 mysteriorum
542 3752 689 3803 coelestium

160 3839 207 3890 per
221 3834 335 3875 mortem
353 3823 463 3874 Domini
479 3833 606 3886 reserato,
622 3838 690 3872 con-

159 3893 235 3947 tinuo
248 3896 350 3958 lesum,
364 3903 390 3946 et
404 3909 465 3945 vere
475 3894 576 3958 justum
592 3893 686 3944 homi-

418 280 592 337 SECUNDAE
612 277 737 329 PARTlS
753 279 870 331 CAPUT
888 281 977 332 LXIV.

730 409 801 456 nem,
817 405 842 446 et
854 413 916 449 vere
932 397 980 448 Dei
996 386 1107 459 Filium,
1122 413 1249 465 synagoga

729 479 839 530 tacente,
862 469 1011 522 confirmat.
1035 490 1048 519 n
1072 471 1151 524 Unde
1177 471 1249 523 edam

728 541 910 592 Ambrosius:
926 562 939 589 a
954 543 977 593 Ο
991 542 1102 593 duriora
1115 542 1189 594 saxis
1206 558 1249 608 pe·

729 621 802 662 ctora
832 613 1005 664 ludaeorum!
1035 614 1121 664 ludex
1153 614 1251 680 arguit,

729 683 812 733 credit
844 684 987 744 minister,
1017 685 1138 750 proditor
1171 685 1252 735 scelus

730 768 810 818 suum
828 765 914 804 morte
937 755 1107 817 condemnat,
1129 756 1252 807 elementa

729 825 846 892 fugiunt,
877 838 946 878 terra
970 829 1134 889 concutitur,
1163 844 1254 880 mouu-

729 912 821 953 menta
848 913 1017 966 reserantur;
1033 904 1192 953 Judoeorum
1216 912 1253 953 tt-

731 988 793 1023 men
806 974 955 1031 immobilis
970 975 1068 1026 duritia
1083 984 1185 1036 manet,
1198 974 1256 1025 orbe

730 1059 860 1095 concusso
876 1062 883 1094 :
899 1065 912 1092 n
930 1046 986 1095 haec
999 1045 1171 1097 Ambrosius.
1304 1086 1307 1101 .

763 1117 883 1183 90uu1s
907 1133 1046 1166 euentura
1066 1117 1187 1167 Cunrsro
1207 1131 1254 1166 tto·
1303 1122 1307 1171 ζ

731 1204 819 1238 arrum
854 1204 1027 1238 cournrrrua.
1056 1216 1087 1226 -
1117 1187 1258 1239 Considera
1305 1242 1307 1249 ¹

732 1274 795 1325 ergo
814 1269 853 1323 tu,
879 1260 962 1310 homo
982 1260 1130 1325 redempte,
1159 1258 1220 1325 quis
1235 1266 1260 1307 et

733 1343 850 1398 quantus
870 1343 897 1384 et
916 1333 1003 1398 qualis
1026 1343 1076 1393 est,
1097 1332 1145 1398 qui
1169 1346 1216 1398 pro
1235 1342 1258 1381 te

734 1407 832 1470 pendet
852 1406 880 1455 in
908 1421 996 1468 cruce;
1021 1406 1098 1470 cuius
1117 1404 1257 1455 transitum

733 1483 759 1524 et
775 1477 872 1526 coelum
886 1478 959 1542 luget
973 1486 997 1526 et
1011 1487 1097 1539 terra,
1113 1484 1139 1526 et
1160 1475 1258 1541 lapides
1302 1500 1307 1507 ·

733 1545 804 1606 duri,
813 1547 890 1612 quasi
901 1546 1087 1612 compassione
1095 1546 1262 1605 scinduntur,

735 1617 810 1682 cujus
836 1633 910 1668 mors
938 1629 1058 1668 mortuos
1081 1617 1215 1680 vivificat,
1238 1625 1262 1666 et

735 1702 815 1753 quern
847 1689 938 1739 omnis
966 1698 1087 1739 creatura
1117 1688 1261 1738 Dominum

735 1772 815 1807 suum
836 1759 1024 1810 confitetur.0
1045 1774 1091 1808 cor
1115 1758 1262 1809 humanum

736 1828 860 1878 omnium
873 1831 992 1895 lapidum
1007 1829 1109 1880 duritia
1123 1829 1229 1890 durius,
1241 1827 1262 1879 si

736 1900 768 1949 ad
788 1900 854 1950 tanti
880 1900 1133 1951 rememorationem
1160 1899 1263 1967 piaculi,

735 1984 783 2018 nec
808 1980 908 2020 terrore
934 1970 1095 2031 concuteris,
1121 1986 1173 2022 nec
1192 1985 1264 2021 com-

736 2040 859 2106 passione
872 2041 993 2101 afficeris,
1001 2056 1049 2091 nec
1060 2041 1265 2108 compunctione

736 2112 887 2174 scindetis,
920 2130 968 2165 nec
1000 2114 1098 2179 pietate
1131 2110 1263 2165 mollitis!

737 2185 813 2235 Unde
834 2184 1019 2252 Hieronymus
1033 2201 1039 2234 :
1055 2202 1069 2230 a
1083 2184 1187 2235 Omnis
1199 2195 1263 2234 crea·

737 2267 797 2308 tura
813 2258 922 2308 Christo
940 2257 1065 2308 morienti
1082 2257 1265 2324 compatitur:

738 2328 778 2378 sol
793 2328 960 2389 obscuratur,
980 2338 1050 2379 terra
1071 2338 1207 2392 movetur,
1221 2341 1265 2393 pe-

739 2412 786 2453 trae
801 2401 970 2463 scinduntur,
986 2403 1074 2453 velum
1089 2401 1187 2468 templi
1198 2398 1265 2451 diri·

738 2472 821 2536 ditur,
845 2474 988 2539 sepulchra
1015 2471 1193 2538 aperiuntur;
1221 2469 1265 2522 sed

739 2542 814 2593 solus
829 2543 911 2593 miser
932 2543 1015 2592 homo
1035 2558 1092 2592 non
1106 2542 1264 2609 compatitur

739 2627 852 2679 proquo
867 2614 925 2662 solo
942 2612 1066 2662 Christus
1081 2611 1192 2677 patitur.
1199 2609 1268 2663 Unde

738 2693 764 2732 et
776 2684 934 2733 Bernordus
950 2700 957 2732 :
973 2702 986 2729 ι(
999 2681 1128 2732 Ascendit
1141 2681 1266 2732 Christus

741 2752 768 2801 in
782 2754 875 2816 altum,
891 2764 920 2803 ut
934 2755 967 2803 ab
978 2752 1265 2814 omnibusvideretur3

740 2824 791 2872 alta
804 2837 867 2872 voce
878 2823 1011 2882 clamavit,
1030 2832 1076 2873 aut
1087 2822 1121 2872 ab
1139 2821 1267 2873 omnibus

740 2892 1110 2955 audiretur3clamorifletum
1118 2890 1270 2950 admiscuit,

741 2974 772 3014 ut
783 2964 866 3013 homo
877 2972 1081 3028 compateretur.
1093 2961 1147 3022 Qui
1162 2962 1197 3012 ad
1205 2961 1271 3012 hauc

742 3050 836 3084 vocem
857 3050 911 3083 non
935 3032 1095 3095 concutitur,
1116 3041 1191 3083 terra
1212 3045 1271 3098 gra·

742 3104 800 3155 vior
825 3113 873 3164 est,
899 3115 974 3169 petra
997 3103 1099 3165 durior,
1126 3103 1270 3168 sepulchro

743 3177 881 3228 foetidior:
902 3196 915 3223 n
939 3177 996 3226 haec
1011 3175 1182 3227 Bernartius.

778 3264 809 3298 ιο
827 3249 921 3298 Doroa
949 3262 1099 3306 uuatanuu,
1120 3261 1275 3297 erasmus

743 3318 840 3367 Bruma
862 3319 961 3368 Minue
988 3319 1123 3368 Vmouus.
1136 3344 1169 3354 -
1183 3316 1273 3367 Erant

743 3393 830 3438 autem
848 3389 886 3439 ibi
900 3389 933 3438 ad
947 3387 1149 3445 associandum,
1164 3387 1200 3436 ad
1211 3401 1276 3437 con·

743 3457 922 3527 siderandum,
937 3459 968 3507 ad
981 3456 1200 3522 compatiendum
1214 3471 1275 3507 cum

744 3537 828 3579 matre
846 3528 967 3588 Domini,
984 3528 1102 3577 loannes
1123 3536 1150 3576 et
1164 3526 1276 3593 Magda-

744 3601 812 3660 lena,
831 3610 856 3650 et
870 3600 929 3650 duae
943 3613 1048 3648 sorores
1064 3597 1206 3657 Dominae,
1221 3595 1279 3646 sci-

744 3669 804 3720 licet
835 3671 918 3721 Maria
948 3669 1097 3734 cleophae,
1131 3677 1158 3718 et
1194 3666 1280 3719 Maria

744 3745 850 3794 Salome
861 3754 887 3794 et
901 3754 995 3808 praeter
1008 3741 1082 3803 istas,
1101 3755 1163 3807 quse
1178 3738 1281 3806 princi-

744 3815 816 3880 pales
831 3823 913 3873 erant,
936 3811 1017 3861 etiam
1039 3811 1131 3862 multoe
1142 3809 1204 3861 alite
1218 3824 1281 3860 mu-

745 3889 824 3941 lieres
839 3902 857 3938 a
873 3885 952 3951 louge
972 3889 1083 3946 stantes,
1101 3891 1128 3933 et
1145 3881 1283 3941 videntes,
