2626 4328
113 253 167 320 614

115 371 216 421 dilectoe
238 368 330 419 Matris
361 382 417 418 suae
445 362 641 424 amaritudine3

116 443 235 503 tertium,
249 452 355 507 propter
373 448 530 507 peccatores,
544 435 643 502 quibus

60 539 64 545 ·
115 529 191 564 suam
205 512 359 562 Passionem
372 507 504 574 praescivit
515 522 570 556 non
586 520 644 570 pro-

115 584 233 634 futuram
260 582 326 632 fore.
358 581 394 630 Et
423 578 534 642 insuper
564 591 645 641 super

114 655 174 713 hoc,
189 652 273 704 Judaei
288 651 439 701 invaserunt
463 663 523 697 eum
550 645 644 713 gladiis

114 727 268 792 linguarum
278 738 386 774 suarum
401 721 563 772 acutissimis
574 736 581 783 ;
593 720 644 768 hoc

114 797 195 845 modo
210 809 304 843 omnes
329 791 471 842 voluntarii
493 799 644 856 peccatores

114 868 254 919 Christum
291 865 438 925 invadunt,
469 864 516 930 qui
551 871 645 928 sponte

115 938 256 1005 peccando,
269 936 363 986 iterato
374 935 464 1001 ipsum
476 933 643 999 crucifigunt.

115 1009 180 1057 Plus
194 1017 281 1057 autem
304 1017 421 1072 peccant,
443 1006 489 1072 qui
507 1004 645 1055 offendunt

114 1079 255 1129 Christum
269 1088 425 1144 regnantem
447 1079 475 1127 in
497 1076 651 1134 divinitate,-

113 1164 195 1214 quam
214 1148 261 1214 qui
283 1148 470 1198 crucifixerunt
491 1164 554 1198 eum
578 1162 644 1196 con-

114 1229 262 1269 versantem
278 1219 493 1268 inhumanitate.

149 1287 177 1338 13
191 1305 345 1340 utancuuun
361 1306 394 1339 ar
403 1303 577 1339 stcnrsrcnrro
588 1303 646 1337 sru-

115 1377 203 1411 aunus
219 1378 252 1411 rr
267 1378 344 1420 nous
363 1379 396 1411 ns
415 1377 516 1411 urruns
535 1359 645 1409 Cnnrsrt

115 1449 253 1483 sensuris.
271 1461 301 1471 -
317 1433 369 1483 Sed
391 1432 552 1484 contumelia
567 1447 582 1481 a
597 1432 645 1481 lu-

115 1503 180 1552 daeis
194 1503 266 1552 illata
279 1503 307 1551 in
329 1503 439 1567 signum
458 1502 566 1566 prodiit,
582 1502 646 1566 quia

116 1573 149 1622 de
166 1587 277 1636 corpore
292 1572 422 1621 exstincto
437 1571 546 1636 sanguis
558 1586 644 1629 verus,

116 1653 142 1692 et
164 1657 233 1708 aqua
256 1657 321 1707 pura
336 1642 496 1691 miraculose
520 1641 645 1691 manavit.

115 1715 191 1766 Unde
207 1714 348 1780 sequitur:
364 1715 403 1764 Et
417 1714 539 1765 continuo
560 1714 646 1764 exivit

119 1784 233 1848 sanguis
247 1791 273 1834 et
284 1798 362 1849 aqua,
377 1799 409 1834 ex
425 1785 524 1850 quibus
546 1784 646 1834 habent

119 1852 262 1903 efficaciam
277 1853 401 1904 Ecclesiae
411 1855 646 1904 sacramentaHoc

121 1933 210 1972 autem
225 1923 324 1973 factum
339 1935 388 1985 est,
403 1925 435 1975 ad
450 1927 645 1976 ostendendum

116 1994 188 2059 quod
204 2010 249 2058 per
259 1994 416 2045 Passionem
427 1996 528 2046 Christi
539 1998 646 2062 plenam

115 2064 307 2131 consequimur
331 2067 517 2131 ablutionem,
546 2067 646 2118 scilicet

72 2201 75 2207 ι
114 2135 265 2200 apeccatis,
294 2147 320 2188 ct
347 2139 646 2206 maculiszapeccatis

115 2208 241 2273 quidem,
268 2226 315 2276 per
337 2212 513 2278 sanguinem,
534 2213 581 2280 qui
607 2223 647 2265 est

116 2278 232 2343 pretium
249 2291 348 2333 nostrae
372 2283 576 2349 redemptionis,
602 2301 646 2336 se-

113 2349 233 2399 cundum
255 2351 322 2402 illud
355 2353 424 2403 Petri
440 2370 446 2403 ε
462 2355 525 2405 Non
549 2371 646 2407 corru-

113 2418 251 2485 ptibilibus
267 2435 335 2472 auro
347 2428 372 2472 et
386 2431 501 2489 argento
517 2427 647 2492 redempti

116 2488 192 2551 estis,
208 2489 256 2537 sed
275 2492 394 2554 pretioso
422 2497 555 2560 sanguine
570 2498 647 2548 Chri-

114 2558 150 2606 sti
158 2572 195 2619 ;a
212 2559 325 2609 maculis
352 2576 424 2622 ver0,
461 2580 508 2629 per
532 2583 644 2633 aquam,

116 2633 176 2684 quae
190 2620 322 2670 lavacrum
339 2633 379 2672 est
396 2636 493 2676 nostrae
504 2643 646 2694 regenera-

114 2689 207 2750 tionis,
225 2693 374 2742 secundum
395 2695 462 2745 illud
478 2700 644 2752 Ezechielis:
679 2703 686 2716 ⁴

116 2762 264 2829 Effundam
282 2777 362 2828 super
383 2780 431 2817 vos
447 2783 544 2834 aquam
568 2788 646 2823 mun-

116 2835 194 2898 dam,
219 2840 245 2885 et
270 2836 461 2889 mundabimini
492 2843 527 2892 ab
554 2845 646 2894 omni-

117 2905 164 2954 bus
199 2905 403 2971 inquinamentis
441 2912 547 2962 vestris.
583 2915 645 2977 Vel,

115 2986 203 3041 potest
245 2977 338 3028 referri
376 2981 490 3047 sanguis
522 2985 555 3034 ad
589 3002 647 3052 pre·

116 3046 186 3096 tium
199 3057 225 3097 et
240 3058 357 3099 nostram
380 3053 603 3119 redemptionem,
619 3068 647 3109 ut

118 3117 307 3170 redimamura
322 3122 409 3186 poenis
424 3140 430 3174 ε
444 3139 514 3190 aqua
528 3143 592 3178 vero
614 3131 647 3180 ad

117 3188 282 3241 lavacrumet
291 3204 459 3256 peccatorum
471 3199 646 3264 ablutionem,

117 3268 158 3339 ut¹
174 3275 320 3327 purgemur
346 3280 361 3315 a
388 3269 483 3333 culpis.
511 3273 647 3340 Sanguine

117 3343 190 3379 emm
205 3332 267 3396 agni
281 3333 378 3385 domus
400 3349 539 3391 servantur
553 3359 568 3393 a
584 3360 647 3410 per-

118 3401 241 3451 cussione
266 3406 383 3470 Angeli3
412 3420 437 3459 ct
467 3426 536 3478 aqua
565 3417 647 3469 maris

117 3473 191 3523 rubri
202 3476 409 3543 exstinguuntur
417 3481 531 3536 inimici.
540 3486 646 3541 Effusas

117 3556 158 3596 est
173 3545 294 3613 inquam,
310 3551 354 3602 ille
368 3554 400 3603 ad
423 3556 645 3628 redemptionem,

47 3653 49 3657 .
118 3615 169 3666 ista
184 3618 216 3666 ad
237 3618 366 3686 redempti
394 3624 577 3694 ablutionem;
599 3633 646 3689 ille

117 3695 149 3736 ut
173 3685 315 3738 redimeret
353 3693 506 3758 captivum,
532 3697 583 3750 ista
616 3714 646 3754 ut

117 3756 236 3807 ablueret
254 3756 436 3815 immundum.
460 3767 511 3816 Sed
535 3769 579 3820 hic
600 3788 645 3823 se-

118 3830 221 3882 cundus
235 3837 330 3884 sensus
352 3835 416 3888 satis
438 3837 599 3907 intelligitur
616 3846 643 3897 in

382 249 561 303 SECUNDAE
578 245 702 296 PARTIS
717 244 832 296 CAPUT
851 247 940 298 LXIV.

698 360 796 430 primo,
807 361 870 427 quia
881 362 928 413 ubi
946 372 986 413 est
999 363 1078 427 plena
1091 377 1106 413 a
1116 363 1230 428 peccatis

696 431 815 495 ablutio,
842 431 879 482 ibi
910 433 1030 498 sequitur
1056 442 1083 483 et
1104 448 1119 482 a
1145 433 1231 499 poenis

696 503 860 569 redemptio;
886 515 912 554 et
944 504 989 554 ubi
1014 514 1054 555 est
1075 519 1091 554 a
1117 505 1230 556 maculis

696 575 809 638 ablutio,
832 575 869 625 ibi
894 577 1018 642 praeccdit
1039 586 1065 626 et
1085 577 1230 643 apeccatis

697 646 828 713 purgatio.
842 647 900 696 Hoc
914 647 993 697 etiam
1008 647 1107 697 factum
1126 663 1231 715 compe·

697 719 728 768 tit
739 716 845 783 figurae:
856 717 921 782 quia
932 721 1001 768 sicut
1012 719 1043 768 de
1056 720 1138 770 latere
1147 720 1230 770 Chri-

698 790 731 840 sti
744 789 904 839 dormientis
920 790 946 839 in
958 806 1036 841 cruce
1059 790 1139 842 fluxit
1164 807 1230 857 suu-

698 861 763 926 guis
782 865 808 910 et
828 874 907 925 aqua,
928 861 1028 926 quibus
1057 873 1229 914 consecratur

700 929 879 991 Ecclesia;ita
901 931 934 980 de
961 931 1042 980 latere
1067 933 1132 982 Adae
1161 934 1228 984 dor-

699 998 808 1049 mientis
823 999 850 1048 in
871 999 1009 1065 paradis0,
1034 1001 1146 1062 mulier,
1170 1017 1230 1068 quae

698 1073 784 1138 ipsam
798 1071 945 1138 Ecclesiam
962 1073 1101 1139 figurabat,
1116 1085 1157 1125 est
1173 1075 1230 1125 for-

699 1156 778 1196 mata.
789 1145 825 1195 Et
835 1144 932 1195 factum
943 1156 983 1196 est
995 1147 1045 1196 hoc
1057 1147 1229 1212 miraculose3

699 1215 764 1280 quia
778 1215 811 1265 dc
825 1231 936 1281 corpore
949 1217 1058 1277 mortui,
1073 1217 1102 1266 in
1116 1233 1172 1283 quo
1183 1228 1231 1269 sta·

700 1287 748 1336 tim
762 1302 808 1352 per
822 1287 917 1337 mortis
933 1286 1108 1353 frigiditatem
1121 1290 1231 1356 sanguis

699 1361 864 1424 coagulatur,
880 1369 906 1409 et
919 1359 947 1407 in
958 1359 1045 1409 tabem
1057 1361 1229 1421 convertitur,

700 1444 755 1478 non
780 1430 848 1479 solet
873 1429 983 1495 sanguis
1012 1430 1094 1488 exire,
1124 1446 1172 1481 nec
1200 1431 1232 1481 de

700 1503 791 1568 aliquo
807 1517 876 1568 aqua
899 1518 965 1570 pura
984 1518 1101 1553 manare.
1122 1504 1169 1554 llle
1184 1518 1231 1555 au·

699 1585 753 1623 tem
765 1574 881 1639 sanguis
895 1583 950 1623 erat
960 1590 1037 1624 verus
1050 1584 1076 1624 et
1087 1591 1191 1641 purus;
1206 1587 1231 1627 et

699 1659 770 1709 aqua
786 1651 847 1694 vera
861 1653 886 1693 ct
905 1659 981 1708 pura,
996 1655 1022 1694 et
1036 1661 1101 1705 non,
1122 1657 1151 1696 ut
1167 1646 1231 1713 qui·

699 1715 760 1764 dam
788 1715 931 1774 dixerunt,
958 1715 1056 1765 humor
1082 1716 1230 1783 aquaticus,

699 1801 745 1836 seu
756 1784 889 1852 phlegma.
898 1786 1044 1836 Considera
1054 1802 1126 1837 nunc
1133 1798 1232 1853 quanta

700 1857 751 1906 fuit
771 1857 873 1907 malitia
894 1858 1057 1918 Judaeorum,
1082 1858 1130 1922 qui
1145 1860 1233 1909 adhuc

699 1943 754 1977 non
768 1927 877 1978 fuerunt
901 1928 1008 1978 saturati
1026 1928 1113 1993 poenis
1139 1940 1165 1980 et
1185 1946 1233 1997 op·

700 1999 816 2063 probriis
828 1998 936 2049 Christo
947 1999 975 2048 in
989 1999 1044 2048 vita
1058 1999 1148 2060 illatis,
1162 2001 1229 2066 quin

699 2069 779 2118 etiam
810 2084 872 2128 eum
905 2078 1129 2134 persequerentur
1154 2086 1231 2121 mor-

699 2148 786 2188 tuum.
799 2139 832 2188 Et
846 2138 970 2204 quamvis
985 2138 1065 2188 etiam
1079 2138 1151 2189 istud
1166 2142 1232 2203 {vul-

700 2226 751 2261 nus
765 2210 855 2260 lateris
875 2226 930 2260 non
955 2210 1077 2270 senserit,
1095 2227 1157 2262 cum
1172 2229 1233 2264 cor·

700 2297 751 2348 pus
773 2289 911 2332 mortuum
941 2281 1039 2344 fuerit;
1066 2290 1157 2332 tamen
1186 2299 1233 2349 per

700 2356 752 2407 hoc
773 2355 952 2415 contumeliae,
979 2366 1004 2405 et
1033 2356 1150 2406 convitia
1179 2357 1231 2408 sibi

699 2424 895 2486 inferebantur,
921 2425 985 2491 quia
1011 2440 1107 2475 omnes
1133 2437 1233 2478 contu·

700 2496 787 2548 metiae
809 2506 835 2546 et
855 2496 1022 2547 crudelitates
1049 2495 1130 2546 illatae
1154 2512 1231 2547 mor-

699 2577 807 2616 tuorum
827 2566 993 2631 corporibus,
1017 2575 1178 2631 reputantur
1200 2582 1228 2617 ac

700 2639 722 2688 si
741 2639 810 2689 vivis
826 2639 993 2688 inferrentur.
1048 2641 1051 2648 '

735 2727 766 2775 14
781 2713 851 2760 Turn
865 2727 1023 2761 nocunsnrn
1036 2727 1052 2760 a
1064 2727 1231 2764 tnncarrto·

699 2796 733 2829 ns
746 2795 857 2829 tnrrms
873 2782 992 2842 Cunrsrr,
1010 2795 1093 2830 serus
1108 2781 1232 2833 conson-

700 2866 863 2901 nnrtourssr
873 2867 1016 2920 onnr10.-
1028 2854 1066 2903 Ex
1077 2853 1128 2903 hoc
1140 2855 1235 2906 articu-

699 2924 725 2974 lo
738 2923 908 2974 lanceationis
919 2925 1018 2988 lateris,
1031 2926 1168 2977 habentur
1180 2927 1233 2978 tria

700 2995 869 3046 documenta.
889 2995 1009 3046 Primum
1033 3007 1082 3059 est,
1098 2998 1172 3063 quod
1185 3013 1236 3049 nos

700 3080 762 3115 cum
776 3066 875 3117 mortui
888 3065 1020 3117 fuerimus
1033 3082 1094 3116 cum
1111 3067 1232 3128 Christo,

700 3135 800 3185 scilicet
822 3136 923 3186 mundo
947 3146 972 3186 et
1002 3137 1132 3199 peccatis,
1166 3148 1231 3188 tunc

700 3207 828 3257 debemus
849 3218 875 3257 et
897 3207 1011 3257 lanceari
1027 3222 1090 3256 cum
1113 3207 1233 3269 Christo,

701 3280 810 3345 cuspide
846 3280 969 3330 videlicet
994 3280 1136 3345 caritatis3
1165 3282 1235 3333 sicut

700 3350 789 3400 anima
816 3350 861 3400 illa
881 3364 909 3400 se
932 3351 1077 3400 lanceatam
1096 3351 1235 3417 gloriaba-

701 3430 753 3481 tur,
765 3435 826 3487 quae
844 3420 956 3481 dicebat,
971 3421 1108 3471 vulnerata
1126 3422 1235 3488 caritate

700 3508 749 3558 ego
772 3508 843 3543 sum.
868 3493 923 3542 Hac
942 3493 1022 3543 etiam
1046 3493 1148 3544 amoris
1174 3495 1234 3545 lan-

700 3582 753 3626 cea,
768 3583 905 3617 corsuum
921 3566 1047 3632 perforari
1060 3569 1234 3633 Augustinus

700 3638 786 3703 petiit,
802 3639 909 3689 dicens:
929 3658 942 3686 n
963 3639 1038 3704 Rogo
1053 3648 1088 3699 te,
1105 3639 1232 3701 Domine,

700 3723 746 3773 per
761 3709 805 3760 illa
827 3709 962 3760 salutifera
975 3711 1089 3769 vulnera¹
1100 3719 1156 3770 tua,
1171 3725 1232 3777 quae

699 3793 794 3846 passus
807 3794 835 3830 es
846 3795 895 3846 pro
905 3781 989 3830 salute
1001 3791 1092 3830 nostra
1102 3778 1130 3829 in
1141 3794 1231 3841 cruce,

699 3851 845 3917 exquibus
870 3850 1003 3903 emanavit
1025 3851 1069 3902 ille
1096 3850 1232 3916 pretiosus
