2626 4328
143 285 195 337 536

141 417 196 453 non
216 411 324 453 excusat
340 402 459 453 Pilatum
481 401 511 452 in
527 410 593 461 toto,
611 401 675 467 quia

140 473 247 524 nullum
267 489 360 539 perse
379 475 482 523 malum
503 481 592 538 potest
609 488 675 538 pro-

139 556 199 612 pter
217 546 314 595 bonam
332 545 514 595 intentionem
536 544 606 594 effici
630 555 675 595 to-

139 619 227 670 taliter
250 619 369 678 bonum,
395 634 444 668 nec
468 617 590 669 facienda
613 629 676 668 sunt

139 694 209 742 mala
226 703 256 743 ut
272 691 383 742 veniant
399 692 482 757 bona;
497 691 616 758 affligere
630 708 676 742 au-

139 773 194 813 tem
216 763 399 821 innocentem,
420 771 446 811 et
467 761 601 828 proecipue
625 761 674 811 Dei

138 832 260 891 Filium,
285 841 326 880 est
354 831 475 882 maxime
500 833 621 893 malum,
649 843 675 881 et

138 903 200 952 ideo
222 903 297 952 nulla
325 901 478 953 intentione
500 912 542 954 est
563 919 675 953 excusa-

140 974 204 1032 bile,
226 983 335 1022 etcum
358 973 437 1038 judex
457 984 536 1035 esset,
550 990 605 1024 non
627 976 677 1025 de-

139 1045 220 1095 bebat
246 1045 269 1094 ei
299 1061 381 1111 quem
411 1046 584 1097 innocentem
606 1046 676 1097 scie-

140 1117 186 1166 bat
197 1116 276 1166 etiarn
289 1117 433 1167 minimam
448 1117 548 1168 inferre
558 1133 675 1183 poenam.

141 1187 185 1238 Ob
206 1188 258 1237 hoc
284 1188 375 1249 etiam,
397 1190 546 1239 secundum
571 1189 676 1239 Hiero-

139 1272 264 1325 nymum,
288 1274 350 1309 eum
374 1259 502 1325 flagellari
521 1260 623 1320 voluit,
646 1271 676 1309 ut

140 1331 272 1382 Romanis
294 1332 399 1398 legibus
425 1333 550 1394 serviret,
576 1333 676 1400 quibus

139 1403 272 1453 sancitum
287 1411 343 1452 erat
363 1414 394 1452 ut
413 1403 610 1470 crucifigendus
625 1404 677 1454 fla-

139 1474 282 1538 gellaretur
310 1473 404 1537 prius,
430 1473 498 1524 forte
525 1476 558 1524 ad
583 1485 676 1525 extor-

138 1544 278 1608 quendum
300 1543 333 1592 ab
355 1559 387 1592 eo
408 1544 497 1593 socios
511 1546 632 1610 sceleris;
650 1557 676 1595 et

138 1615 177 1665 sic
197 1614 341 1679 Christus,
365 1616 387 1664 si
414 1615 532 1682 crucifigi
556 1618 674 1678 deberet,

137 1689 191 1751 jam
214 1687 363 1752 flagellatus
387 1699 466 1738 esset.
486 1689 545 1754 lpse
565 1705 675 1756 quoque

138 1760 272 1810 Dominus
293 1759 419 1825 flagellari
445 1762 541 1823 voluit,
561 1772 593 1813 ut
611 1764 675 1829 quie
696 1752 708 1798 l·

137 1830 268 1896 scriptum
288 1839 355 1880 est:
371 1830 464 1881 Multa
478 1833 598 1900 flagella
615 1848 675 1899 pac-

138 1902 256 1962 catoris,
283 1901 362 1951 nobis
386 1913 551 1967 parceretur,
574 1915 601 1955 et
625 1921 675 1954 nos

138 1989 188 2025 suo
206 1974 312 2042 flagello
326 1991 342 2026 a
356 1977 492 2058 perpetuis
511 1978 623 2045 flagellis
637 1979 674 2030 li-

138 2046 306 2109 beraremur3
323 2046 392 2097 sicut
407 2047 451 2112 pia
468 2059 554 2099 mater
565 2052 674 2116 quando

137 2115 212 2167 videt
237 2127 339 2183 patrem
368 2119 435 2168 velle
459 2119 593 2201 flagellare
618 2122 674 2172 ali-

139 2202 221 2254 quem
237 2189 271 2239 de
288 2187 353 2240 filiis
367 2189 433 2250 suis,
446 2191 564 2242 extensis
578 2208 674 2242 occur-

138 2260 175 2310 rit
198 2260 326 2322 brachiis,
345 2271 372 2311 et
391 2276 453 2311 eum
475 2263 602 2330 protegit,
626 2260 674 2315 e'x-

138 2347 240 2417 ponens
261 2351 289 2386 se
314 2351 413 2401 proco
441 2335 563 2404 flagellis.
585 2339 675 2388 Homo

138 2407 213 2456 enim
227 2409 314 2458 Deum
339 2408 494 2474 offenderat,
510 2419 536 2461 et
556 2411 617 2461 ideo
632 2412 675 2460 di-

136 2478 273 2543 sciplinari
285 2481 410 2549 debebat;
423 2485 548 2536 Christus
563 2500 626 2552 ergo
638 2483 676 2534 di-

136 2549 273 2629 sciplinari
296 2552 392 2614 voluit,
411 2566 438 2605 et
460 2556 497 2605 sic
510 2556 598 2607 Deum
614 2557 675 2622 pla-

136 2619 214 2678 cavit,
237 2630 263 2669 et
285 2621 345 2671 ideo
368 2623 498 2674 dicitur:
521 2625 674 2709 Disciplina

133 2691 214 2758 pacis
233 2700 335 2744 nostrae
348 2709 429 2761 super
449 2711 517 2746 eum.
531 2697 602 2747 Et
581 2713 604 2747 sr
619 2708 674 2749 tarn

136 2764 253 2831 graviter
264 2765 413 2832 flagellatus
426 2777 465 2818 est
479 2769 611 2820 innocens
626 2787 675 2837 pro

135 2835 257 2916 peccatis
267 2836 371 2897 alienis,
389 2853 470 2905 quam
485 2839 600 2920 graviter
621 2858 675 2907 pu-

136 2915 179 2958 tas
195 2906 302 2972 noxios,
318 2907 369 2957 nisi
385 2923 415 2958 se
436 2910 609 2971 correxerint,
623 2911 674 2962 fla-

136 2978 276 3043 gellandos
288 2994 337 3044 pro
351 2979 469 3045 peccatis
479 2980 610 3046 propriis?

168 3050 186 3100 8
210 3052 331 3103 Dosrnus
352 3069 524 3104 vrsrmmrrs
544 3069 673 3117 murm,

136 3136 191 3172 nuo
217 3139 390 3186 nocuerunt,
413 3140 497 3176 ictos
517 3140 674 3177 consonui-

134 3206 226 3242 ttortrs
241 3210 274 3242 rr
291 3210 398 3247 orario.
415 3197 528 3248 —Cum
545 3212 608 3264 ergo
623 3198 675 3248 Do

137 3262 228 3313 minus
248 3264 375 3330 flagellari
401 3268 519 3332 jubetur,
541 3270 674 3335 spoliatur

135 3347 185 3398 per
196 3335 299 3386 milites
316 3339 480 3403 apparitores
496 3339 630 3402 Prasidis,
646 3351 674 3392 et

134 3407 257 3456 vestibus
271 3409 372 3474 quibus
390 3410 502 3462 indutus
516 3423 574 3463 erat
592 3413 673 3463 exui-

135 3486 189 3536 tur,
204 3487 231 3526 et
252 3493 342 3528 coram
364 3481 494 3532 omnibus
510 3483 671 3534 denudatur.

134 3545 186 3597 Est
199 3557 289 3597 autem
305 3548 521 3616 intelligendum,
536 3554 645 3620 quod
622 3569 673 3604 stc-

134 3628 165 3668 trt
183 3618 313 3669 remissus
334 3620 420 3672 fuerat
433 3624 467 3672 ab
484 3624 591 3674 Herode
610 3640 672 3674 curn

133 3690 193 3740 alba
215 3700 297 3750 veste,
313 3691 352 3742 sic
373 3694 505 3745 remansit
527 3695 556 3745 in
578 3696 672 3745 eedem

133 3770 207 3810 veste
231 3776 319 3828 usque
338 3764 371 3812 ad
396 3764 491 3814 horam
511 3763 671 3830 flagellatio-

133 3831 187 3890 nis,
201 3841 229 3882 et
242 3842 308 3883 tunc
317 3844 449 3884 exuerunt
462 3850 526 3884 eum
536 3835 586 3884 hec
597 3842 672 3886 veste

133 3911 160 3953 et
170 3903 229 3954 suis
244 3903 305 3973 aliis
319 3904 497 3958 vestimentis.
511 3905 551 3957 Ex
565 3904 617 3956 hoc
631 3918 671 3956 ar-

433 283 607 338 SECUNDAE
624 283 750 335 PARTlS
764 283 883 335 CAPUT
899 285 978 335 thl.

728 401 811 452 riculo
832 402 971 453 exutionis
990 402 1107 453 vestium
1132 402 1261 453 labemus
1304 418 1307 427 ·

728 473 782 523 duo
797 473 967 524 documenta.
983 473 1106 524 Primum
1119 483 1170 534 est,
1180 482 1212 525 ut
1223 489 1261 525 ca·
1303 484 1307 509 ·'

727 560 838 596 veamus
857 561 936 596 nosa
951 546 1082 605 nuditate,
1096 556 1153 595 tam
1167 561 1262 613 corpa-

728 616 787 678 rali,
806 632 888 682 quarn
909 616 1056 682 spirituali,
1072 631 1108 666 ne
1121 615 1192 667 forte
1211 632 1263 666 un-

728 704 810 754 quam
826 688 891 738 nudi
906 703 1082 753 appareamus
1096 702 1190 737 coram
1209 688 1262 738 Deo

728 768 754 809 et
768 759 879 825 Angelis
893 769 921 809 et
938 759 1110 820 hominibus;
1130 774 1195 809 nam
1215 758 1262 810 etti

728 831 813 881 homo
838 830 976 880 interdum
1001 845 1057 879 uon
1083 828 1208 880 videatur
1230 829 1263 880 ab

728 901 898 960 hominibus,
913 901 1052 950 erubescat
1076 911 1169 950 tamen
1184 900 1262 951 nudi·

728 985 810 1024 tatem
830 989 907 1024 suam
921 989 1010 1023 coram
1026 975 1082 1023 Deo
1100 983 1127 1022 et
1143 973 1261 1040 Angelis.

729 1047 807 1097 Unde
828 1044 910 1110 primi
926 1055 1049 1110 parentes
1068 1045 1264 1095 erubueruute

728 1117 795 1168 facie
809 1117 867 1177 Dei,
883 1117 931 1182 qui
945 1116 1049 1182 ubique
1067 1117 1139 1181 apud
1161 1132 1215 1168 nos
1226 1124 1264 1167 ert

728 1204 791 1238 cum
805 1187 915 1251 Angelis
927 1186 994 1236 suis.
1009 1187 1048 1236 De
1065 1186 1188 1237 nuditate
1204 1201 1261 1238 vero

728 1259 861 1326 spirituali
876 1269 918 1310 est
930 1259 999 1308 illud
1012 1259 1155 1324 Apostoli:
1172 1259 1208 1310 Si
1221 1265 1263 1310 ta·

728 1348 786 1385 men
809 1334 907 1397 vestiti,
929 1339 956 1383 et
980 1347 1031 1383 non
1055 1333 1121 1382 nudi
1143 1333 1262 1384 inamis-

728 1422 804 1469 mur;
828 1405 901 1468 item,
922 1415 963 1454 est
979 1404 1046 1453 illud
1064 1404 1260 1470 Apocalypsis:

735 1477 904 1527 Vestimentis
923 1475 995 1525 albis
1018 1475 1152 1536 induaris,
1169 1489 1202 1526 ne
1216 1490 1260 1540 ap

724 1556 824 1614 pareat
839 1549 965 1614 confusio
981 1548 1113 1598 nuditatis
1127 1555 1194 1598 ttae.
1209 1547 1260 1600 Ubi

728 1635 776 1684 per
787 1619 946 1669 vestimenta
955 1619 1015 1668 alba
1028 1617 1193 1682 intelligitur
1205 1634 1264 1669 cau·

727 1692 777 1741 dor
795 1701 892 1741 sanctoe
904 1689 1126 1750 conversationis,
1140 1706 1205 1757 quse
1219 1691 1261 1741 in·

726 1773 782 1812 star
804 1761 958 1813 vestimenti
984 1760 1076 1810 multis
1096 1761 1179 1812 debet
1205 1775 1261 1812 esse

727 1844 850 1885 contexta
866 1834 935 1896 filis,·
951 1833 995 1883 his
1012 1833 1183 1884 vestimentis
1197 1848 1262 1885 sesn-

704 1920 775 1977 per
794 1906 888 1956 induta
907 1905 986 1954 debet
1008 1919 1066 1954 esse
1084 1905 1178 1955 anima
1194 1905 1261 1955 fide·

704 1970 774 2038 lis,
801 1991 835 2025 ne
861 1975 985 2025 confusio
1011 1974 1153 2024 nuditatis*
1167 1976 1263 2041 ejuse

727 2047 874 2097 virtutibus
896 2055 1021 2111 appareat
1044 2061 1133 2095 coram
1156 2047 1215 2097 Deo
1236 2056 1262 2097 et

726 2119 839 2186 Angelis
859 2128 887 2168 et
912 2119 1081 2168 hominibus.
1103 2144 1135 2155 -
1156 2119 1261 2170 Secun-

703 2194 706 2203 '
727 2193 793 2242 dum
814 2193 1007 2241 documentum
1030 2200 1079 2248 est,
1100 2191 1177 2256 quod
1192 2192 1262 2242 sicut

727 2276 823 2316 exutus
839 2265 891 2315 fnit
904 2264 1074 2316 vestimentis
1092 2264 1165 2325 suis,
1182 2264 1262 2315 sicet

727 2352 777 2388 nos
799 2353 929 2388 emamus
948 2347 1065 2386 veterem
1084 2335 1217 2400 tunicam,
1237 2345 1263 2387 et

726 2408 861 2459 nudemus
881 2406 1059 2458 conscientias
1081 2415 1188 2457 nostras
1210 2421 1263 2457 co-

727 2494 784 2530 ram
799 2480 864 2540 Deo,
879 2494 927 2544 per
939 2479 1039 2527 nudam
1055 2486 1187 2542 etpuram
1201 2492 1263 2527 con·

727 2549 873 2601 fessionem
892 2559 1073 2615 peccatorum,
1083 2548 1265 2629 deponentes

727 2636 809 2670 omne
839 2621 950 2687 pellium
975 2618 1172 2700 excusationis,
1199 2617 1263 2684 quis

726 2692 800 2742 nuda
820 2697 847 2741 et
866 2697 961 2756 aperta
981 2695 1044 2739 sunt
1061 2689 1151 2740 omnia
1174 2688 1266 2740 ostiis

727 2777 794 2830 qus.
809 2763 852 2812 Ad
863 2762 1090 2812 conformandum
1106 2777 1136 2811 se
1147 2761 1214 2811 huic
1223 2776 1263 2811 ar·

727 2834 820 2894 titulo,
832 2832 960 2899 recogitet
974 2832 1058 2882 homo
1077 2847 1161 2898 quam
1177 2832 1264 2883 mise·

726 2903 856 2963 rabiliter,
872 2913 899 2953 et
916 2919 979 2952 cum
997 2912 1098 2969 quanta
1118 2903 1219 2968 iniuria
1237 2913 1265 2953 et

725 2974 887 3026 verecundia
899 2974 1027 3024 Christus
1038 2974 1090 3024 fuit
1104 2982 1202 3025 exutus
1214 2988 1264 3024 ve-

727 3047 814 3096 stibus
835 3045 903 3104 suis,
922 3055 948 3096 et
964 3046 1117 3096 denudatus
1136 3061 1188 3111 pro
1210 3060 1264 3096 no·

727 3117 778 3181 bis,
801 3126 833 3167 ut
855 3131 910 3166 nos
925 3117 1035 3166 vestiret
1059 3116 1221 3175 virtutibus,
1238 3123 1264 3166 et

724 3198 784 3239 oret
804 3188 857 3236 lroc
875 3187 959 3236 modo
980 3203 988 3236 τ
1012 3189 1088 3250 lesu,
1108 3187 1155 3252 qui
1177 3186 1263 3236 vesti·

724 3259 822 3309 mentis
835 3258 890 3306 tuis
906 3257 981 3319 exui,
997 3265 1023 3308 et
1035 3259 1074 3308 ad
1080 3258 1202 3324 flagella
1214 3270 1268 3306 ntr-

725 3331 790 3382 durt'
802 3329 926 3391 voluisti,
943 3330 978 3379 da
994 3331 1059 3380 stilti
1073 3331 1146 3380 nuda
1163 3343 1263 3395 pmcn-

725 3409 814 3453 mrum
835 3414 952 3450 uteorum
965 3402 1133 3466 consessione
1146 3407 1262 3453 verm

724 3472 859 3522 honestem
878 3484 939 3520 cum
955 3472 1061 3522 actibus
1076 3471 1135 3521 sais
1150 3482 1262 3534 mm,

723 3549 753 3594 et
768 3544 799 3593 in
812 3548 956 3608 compertu
970 3549 1016 3593 tuo
1029 3543 1129 3593 nudem
1141 3556 1161 3592 a
1174 3543 1267 3593 virtu-

725 3616 797 3665 tibus
804 3629 849 3664 me
858 3628 1024 3680 sequaquam
1039 3627 1185 3679 apparere.

754 3686 920 3754 ocmusrus
930 3700 1074 3736 memus
1087 3700 1220 3736 centron.
1231 3710 1264 3722 -

725 3760 826 3810 Deinde
845 3757 979 3808 Dominus
997 3759 1030 3807 ad
1047 3759 1206 3808 columnam
1220 3755 1264 3807 di·

723 3830 831 3881 rissime
843 3830 951 3895 ligatur,
963 3827 1009 3878 ille
1018 3829 1065 3894 qui
1077 3830 1181 3879 solvere
1191 3842 1266 3879 com·

722 3903 829 3969 pudicos
841 3901 923 3966 solet3
940 3909 967 3951 et
978 3900 1058 3966 piena
1070 3901 1126 3951 Deo
1140 3900 1265 3952 membru
