2626 4328
98 273 145 322 DE
161 271 287 326 APPAR.
304 271 435 333 PETRO,
451 268 591 334 JOSEPH,
608 269 726 322 JACOB.
744 267 984 330 u1NOR1,ETc.,
998 268 1124 320 FACTA.
1152 268 1206 338 695

482 819 650 890 cneus
680 763 809 886 cxxv

87 1123 268 1212 Quomodo
288 1122 461 1190 Dominus
476 1119 642 1213 apparuit
657 1121 782 1199 Petro,
799 1129 832 1188 et
843 1119 968 1211 loseph
989 1119 1032 1186 ab
1056 1120 1202 1187 Arima·

131 1265 204 1334 thia
218 1275 252 1333 et
271 1264 401 1333 Jacobo
416 1261 570 1343 Minori,
590 1283 630 1330 oc
645 1260 779 1330 sanctis
793 1261 968 1330 Patribus
984 1261 1020 1329 in
1036 1260 1155 1330 limbo.

115 1593 124 1629 1
145 1577 203 1628 Cur
223 1579 312 1628 Patro
327 1590 518 1626 siusumatren
537 1573 617 1624 Cum-

79 1664 146 1699 stus
169 1648 321 1698 areanum?
340 1647 452 1696 —Cum
471 1661 534 1711 ergo
555 1645 615 1695 Ma·

78 1719 190 1784 gdalena
217 1730 259 1768 et
279 1718 358 1768 sociae
387 1718 444 1783 ejus
472 1716 614 1767 redeuntes

78 1789 202 1848 domum,
215 1796 367 1838 narrassent
379 1786 519 1852 discipulis
528 1801 615 1837 resur-

78 1859 181 1909 rexisse
204 1859 361 1917 Dominum‚
382 1859 476 1908 Petrus
499 1851 614 1908 moerens

78 1929 154 1994 quod
169 1929 317 1978 Dominum
334 1943 413 1978 suum
433 1944 488 1978 non
502 1928 612 1992 viderat,

79 2015 129 2049 nec
140 2001 277 2065 quiescere
289 1999 390 2059 valens,
410 2009 519 2065 propter
533 2013 612 2049 amo-

78 2071 118 2120 ris
145 2070 353 2130 vehementiam,
382 2078 464 2136 quam
489 2071 522 2121 ad
548 2086 611 2120 eum

79 2142 204 2200 habebat,
228 2140 351 2191 discessit
375 2140 465 2190 subito
493 2141 527 2190 ab
550 2140 611 2190 aliis

78 2213 112 2262 ad
129 2215 306 2278 quaerendum
320 2213 480 2276 Dominum,
495 2224 521 2263 et
537 2214 611 2263 solus

77 2283 134 2333 ibat
148 2299 240 2334 versus
260 2285 445 2349 sepulchrum.
470 2283 611 2333 Nesciebat

77 2356 160 2421 enim,
175 2357 293 2407 ubieum
304 2357 368 2407 alibi
382 2366 522 2423 quaereret.
537 2357 609 2406 Dum

76 2441 142 2491 ergo
160 2436 289 2492 pergeret,
316 2425 450 2477 Dominus
466 2425 494 2475 in
519 2425 562 2476 via
585 2426 611 2476 ei

75 2497 214 2560 apparuit,
232 2497 295 2546 licet
317 2496 485 2562 Evangelista
505 2496 553 2545 ubi
567 2497 610 2546 vel

76 2582 131 2632 qua
145 2568 211 2617 hora
227 2567 327 2618 factum
343 2567 387 2627 sit,
413 2583 467 2617 non
484 2567 610 2633 designa-

75 2637 152 2687 verit.
161 2639 237 2688 Tunc
244 2640 338 2689 Petrus
348 2637 609 2701 vidensDominum,

75 2710 193 2775 procidit
206 2711 234 2760 in
248 2722 356 2772 terram,
371 2720 397 2761 et
407 2710 514 2761 veniam
534 2711 611 2778 petiit

75 2780 110 2831 de
138 2782 189 2831 hoc
216 2782 288 2848 quod
319 2797 381 2832 eum
402 2781 554 2848 dereliquit,
585 2791 610 2833 et

74 2851 178 2917 pluries
208 2852 329 2919 negarit3
355 2852 491 2902 Dominus
519 2863 610 2904 autem

74 2921 129 2971 sibi
161 2933 266 2987 peccata
296 2923 453 2983 dimittens,
486 2933 513 2974 et
546 2939 610 2974 eum

74 2996 239 3045 consolando
264 2995 434 3056 confortans,
456 2996 522 3047 dicit
541 2997 565 3048 ei
579 3006 611 3047 ut

74 3067 217 3118 confirmet
233 3069 314 3118 etiam
332 3068 427 3118 fratres
443 3084 516 3120 suos.
533 3070 611 3120 Stant

74 3142 168 3200 simul,
184 3151 209 3192 et
227 3158 289 3192 cum
304 3142 402 3209 gaudio
417 3143 611 3208 colloquuntur

73 3213 107 3262 ad
120 3213 247 3272 invicem,
260 3223 286 3263 et
300 3212 331 3262 fit
344 3213 390 3264 hic
403 3213 529 3264 similiter
544 3214 611 3265 Pas-

73 3282 126 3333 cha
154 3276 292 3349 magnum.
332 3283 510 3350 Singulariter
546 3299 611 3350 ergo

74 3354 153 3403 Petro
165 3355 297 3420 apparuit,
308 3354 355 3420 qui
366 3355 538 3422 singulariter
548 3371 611 3406 eum

73 3425 190 3490 negavit.
212 3426 346 3475 Omnium
369 3435 459 3476 autem
477 3427 609 3488 virorum,

72 3510 143 3560 quos
158 3496 335 3561 Evangelistae
352 3506 379 3546 et
393 3498 517 3562 Apostoli
532 3514 609 3549 com·

73 3576 236 3625 memorant,
258 3567 346 3631 primo
371 3567 505 3619 Dominus
533 3569 610 3622 Petro

73 3635 200 3700 pluribus
225 3638 257 3686 de
279 3637 367 3687 causis
389 3653 435 3688 seu
459 3638 611 3689 rationibus

71 3721 201 3772 apparere
220 3709 327 3759 voluit:
346 3710 435 3774 prima
463 3722 519 3772 est,
546 3712 611 3778 quia

73 3779 163 3846 primo
179 3781 317 3847 confessus
333 3793 373 3833 est
393 3799 454 3834 eum
470 3783 611 3835 Christum

73 3865 142 3912 esse,
167 3852 255 3918 primo
285 3854 520 3906 Resurrectionem
552 3855 611 3921 ejus

140 3967 210 4018 Vtra
224 3969 289 4020 Jasu
301 3970 425 4035 Cnnrsrr,
440 3987 528 4024 rosus
544 3971 587 4024 tv.

670 1570 822 1621 merebatur
831 1569 942 1637 videre;
956 1570 1081 1630 secunda,
1093 1579 1123 1620 ut
1136 1584 1210 1620 men·
1261 1587 1262 1590 ¹

668 1656 723 1696 tem
738 1647 803 1712 ejus,
823 1660 884 1712 quae
905 1646 934 1696 in
952 1645 1078 1696 Passione
1098 1644 1202 1694 tituba-

667 1726 749 1776 verat,
783 1713 948 1775 reformaret,
977 1725 1003 1766 et
1032 1715 1080 1782 qui
1109 1714 1208 1766 timore

670 1786 805 1837 Passionis
820 1787 876 1852 ejus
892 1785 1044 1836 evidentius
1061 1785 1207 1846 ceciderat,

667 1873 714 1922 per
756 1873 832 1924 spem
869 1857 1089 1909 Resurrectionis
1131 1856 1209 1922 prius

665 1939 837 1996 resurgeret;
871 1929 959 1991 tertia,
995 1938 1026 1979 ut
1065 1938 1205 1994 peccatum

665 2001 742 2051 trinae
752 1999 902 2067 negationis
915 1999 938 2051 ei
954 2000 1093 2050 indultum
1108 2010 1203 2050 osten-

664 2070 747 2131 deret,
758 2072 899 2123 consolans
911 2087 973 2121 eum
990 2087 1024 2122 ne
1034 2072 1201 2136 desperaret;

664 2150 767 2205 quarta,
788 2151 818 2191 ut
837 2140 976 2206 apostolus
998 2141 1055 2206 ejus
1077 2139 1202 2190 ordinem

664 2211 853 2271 consolidaret,
873 2222 900 2260 et
914 2211 1004 2276 ipsum
1022 2211 1050 2260 in
1071 2225 1102 2260 eo
1117 2210 1202 2259 robo-

664 2294 749 2347 raret;
766 2284 871 2351 quinta,
887 2293 918 2334 ut
934 2299 995 2335 eum
1010 2285 1079 2335 facto
1095 2284 1202 2334 doceret

664 2354 778 2419 qualiter
792 2354 909 2404 subditis
927 2354 986 2404 suis
1006 2353 1203 2420 poenitentibus

663 2425 875 2475 condescendere
903 2424 1019 2484 deberet,
1049 2434 1202 2491 quantum-

663 2514 771 2564 cunque
789 2508 956 2564 peccassent,
972 2508 1055 2558 sexta,
1071 2508 1100 2548 ut
1110 2512 1199 2564 pecca·

662 2574 769 2624 toribus
782 2573 911 2624 omnibus
922 2589 997 2638 spem
1009 2572 1202 2624 misericordiae
1284 2598 1286 2603 ¹

663 2652 689 2693 et
713 2643 796 2694 veniae
823 2643 906 2703 daret,
924 2644 1100 2694 'ostendendo
1127 2641 1202 2708 quod

664 2726 814 2782 peccatores
828 2732 884 2766 non
900 2716 1062 2778 despiceret,
1084 2715 1200 2780 septima

661 2796 750 2851 potest
765 2786 837 2845 addi,
861 2786 1011 2836 secundum
1028 2786 1201 2852 Chrysosto-

663 2873 742 2920 mum,
758 2857 805 2923 qui
821 2857 908 2908 dicit:
925 2875 939 2904 a
954 2856 1015 2906 Non
1032 2855 1106 2904 enim
1118 2854 1201 2904 simul

663 2929 792 2978 omnibus
808 2943 837 2996 se
851 2926 1047 2985 manifestabat,
1058 2936 1088 2976 ut
1102 2932 1203 2976 sereret

662 2999 726 3049 fidei
733 2998 922 3049 semina.Nam
933 2997 1076 3063 quiprimo
1086 2995 1200 3060 viderat,

662 3080 689 3120 et
701 3078 789 3119 certus
801 3077 865 3129 erat,
872 3067 933 3118 aliis
944 3066 1090 3130 referebam
1102 3064 1201 3116 deinde

663 3155 752 3191 sermo
762 3138 890 3205 prodiens
900 3137 1065 3204 praeparabat
1075 3135 1200 3187 animum

662 3210 794 3261 auditoris
818 3207 930 3260 visioni.
955 3208 991 3260 Et
1021 3207 1081 3258 ideo
1109 3205 1200 3273 primo

663 3281 782 3348 digniori
795 3291 821 3333 et
835 3280 949 3332 fideliori
965 3279 1095 3331 omnibus
1113 3292 1200 3344 appa-

664 3352 728 3402 ruit.
747 3353 811 3403 Erat
824 3351 896 3402 enim
918 3367 987 3418 opus
1008 3350 1106 3400 animae
1132 3348 1201 3421 fide÷

664 3422 786 3486 lissimae,
803 3439 864 3490 quae
888 3423 964 3489 prius
981 3422 1111 3488 acciperet
1130 3420 1204 3471 hunc

664 3505 821 3562 aspectum,
852 3504 882 3546 ut
908 3493 1022 3544 minime
1051 3493 1206 3542 turbaretur

665 3569 805 3635 inopinata
842 3567 958 3620 visione.
995 3567 1058 3617 Post
1089 3566 1205 3616 ‘Petrum

662 3655 726 3690 vero
768 3639 831 3691 aliis
864 3637 998 3704 apparuit,
1040 3636 1204 3702 quandoque

664 3713 848 3779 paucioribus,
859 3711 1023 3777 quandoque
1032 3708 1157 3775 pluribus
1168 3723 1174 3757 :
1187 3725 1202 3754 n

665 3784 722 3835 haec
752 3783 971 3850 chrysostomus.
1014 3781 1109 3830 Petrus
1134 3791 1198 3827 vero

666 3855 853 3908 benedictione
883 3869 898 3905 a
930 3851 1047 3904 Domino
1078 3856 1184 3914 accepta

1195 3923 1204 3949 r

1046 3963 1078 4016 16
