<?xml version="1.0" encoding="UTF-8"?>
<!DOCTYPE html PUBLIC "-//W3C//DTD XHTML 1.0 Transitional//EN"
    "http://www.w3.org/TR/xhtml1/DTD/xhtml1-transitional.dtd">
<html xmlns="http://www.w3.org/1999/xhtml" xml:lang="en" lang="en">
 <head>
  <title>
</title>
<meta http-equiv="Content-Type" content="text/html;charset=utf-8" />
  <meta name='ocr-system' content='tesseract 3.04.00' />
  <meta name='ocr-capabilities' content='ocr_page ocr_carea ocr_par ocr_line ocrx_word'/>
</head>
<body>
  <div class='ocr_page' id='page_1' title='image "./vitajesuchristi00rigogoog_0074.png"; bbox 0 0 2626 4328; ppageno 0'>
   <div class='ocr_carea' id='block_1_1' title="bbox 333 164 909 230">
    <p class='ocr_par' dir='ltr' id='par_1_1' title="bbox 333 164 909 230">
     <span class='ocr_line' id='line_1_1' title="bbox 333 164 909 230; baseline 0.005 -13"><span class='ocrx_word' id='word_1_1' title='bbox 333 166 379 217; x_wconf 89' lang='lat' dir='ltr'><strong>DE</strong></span> <span class='ocrx_word' id='word_1_2' title='bbox 397 165 515 230; x_wconf 75' lang='lat' dir='ltr'><strong>PRIMA,</strong></span> <span class='ocrx_word' id='word_1_3' title='bbox 532 164 566 214; x_wconf 88' lang='lat' dir='ltr'><strong>IN</strong></span> <span class='ocrx_word' id='word_1_4' title='bbox 585 167 753 218; x_wconf 80' lang='lat' dir='ltr'><strong>PASSIONE</strong></span> <span class='ocrx_word' id='word_1_5' title='bbox 771 168 909 220; x_wconf 85' lang='lat' dir='ltr'><strong>DOMINI.</strong></span> 
     </span>
    </p>
   </div>
   <div class='ocr_carea' id='block_1_2' title="bbox 10 280 599 3842">
    <p class='ocr_par' dir='ltr' id='par_1_2' title="bbox 10 280 599 3842">
     <span class='ocr_line' id='line_1_2' title="bbox 60 280 598 346; baseline 0 -15"><span class='ocrx_word' id='word_1_6' title='bbox 60 280 167 332; x_wconf 89' lang='lat' dir='ltr'><strong>nullum</strong></span> <span class='ocrx_word' id='word_1_7' title='bbox 189 281 368 331; x_wconf 89' lang='lat' dir='ltr'><strong>condemnare</strong></span> <span class='ocrx_word' id='word_1_8' title='bbox 385 281 438 331; x_wconf 88' lang='lat' dir='ltr'><strong>nisi</strong></span> <span class='ocrx_word' id='word_1_9' title='bbox 454 281 534 346; x_wconf 90' lang='lat' dir='ltr'><strong>prius</strong></span> <span class='ocrx_word' id='word_1_10' title='bbox 551 295 598 331; x_wconf 87' lang='lat' dir='ltr'><strong>ac-</strong></span> 
     </span>
     <span class='ocr_line' id='line_1_3' title="bbox 60 353 597 412; baseline 0 -8"><span class='ocrx_word' id='word_1_11' title='bbox 60 353 228 404; x_wconf 84' lang='lat' dir='ltr'><strong>cusationem</strong></span> <span class='ocrx_word' id='word_1_12' title='bbox 253 369 330 409; x_wconf 86' lang='lat' dir='ltr'><strong>suam</strong></span> <span class='ocrx_word' id='word_1_13' title='bbox 353 353 487 412; x_wconf 83' lang='lat' dir='ltr'>audirent,</span> <span class='ocrx_word' id='word_1_14' title='bbox 508 363 535 404; x_wconf 91' lang='lat' dir='ltr'><strong>et</strong></span> <span class='ocrx_word' id='word_1_15' title='bbox 551 354 597 404; x_wconf 91' lang='lat' dir='ltr'><strong>ille</strong></span> 
     </span>
     <span class='ocr_line' id='line_1_4' title="bbox 40 423 595 489; baseline -0.002 -14"><span class='ocrx_word' id='word_1_16' title='bbox 40 425 148 487; x_wconf 66' lang='lat' dir='ltr'><strong>,locum</strong></span> <span class='ocrx_word' id='word_1_17' title='bbox 160 423 325 475; x_wconf 89' lang='lat' dir='ltr'><strong>defendendi</strong></span> <span class='ocrx_word' id='word_1_18' title='bbox 339 424 458 475; x_wconf 88' lang='lat' dir='ltr'><strong>haberet.</strong></span> <span class='ocrx_word' id='word_1_19' title='bbox 470 425 595 489; x_wconf 85' lang='lat' dir='ltr'><strong>Respon-</strong></span> 
     </span>
     <span class='ocr_line' id='line_1_5' title="bbox 59 494 598 547; baseline 0.004 -3"><span class='ocrx_word' id='word_1_20' title='bbox 59 494 156 545; x_wconf 82' lang='lat' dir='ltr'><em>derunt</em></span> <span class='ocrx_word' id='word_1_21' title='bbox 171 500 198 544; x_wconf 87' lang='lat' dir='ltr'><strong>et</strong></span> <span class='ocrx_word' id='word_1_22' title='bbox 209 494 340 546; x_wconf 87' lang='lat' dir='ltr'><strong>dixerunt</strong></span> <span class='ocrx_word' id='word_1_23' title='bbox 354 495 399 545; x_wconf 81' lang='lat' dir='ltr'><strong>ei.-</strong></span> <span class='ocrx_word' id='word_1_24' title='bbox 415 496 448 546; x_wconf 89' lang='lat' dir='ltr'><strong>Si</strong></span> <span class='ocrx_word' id='word_1_25' title='bbox 461 511 512 547; x_wconf 85' lang='lat' dir='ltr'><strong>non</strong></span> <span class='ocrx_word' id='word_1_26' title='bbox 527 501 598 546; x_wconf 84' lang='lat' dir='ltr'><strong>esset</strong></span> 
     </span>
     <span class='ocr_line' id='line_1_6' title="bbox 59 564 597 633; baseline 0.006 -19"><span class='ocrx_word' id='word_1_27' title='bbox 59 565 101 615; x_wconf 79' lang='lat' dir='ltr'><strong>liic</strong></span> <span class='ocrx_word' id='word_1_28' title='bbox 113 564 287 631; x_wconf 78' lang='lat' dir='ltr'><em>malefactor,</em></span> <span class='ocrx_word' id='word_1_29' title='bbox 303 581 385 633; x_wconf 89' lang='lat' dir='ltr'><strong>quem</strong></span> <span class='ocrx_word' id='word_1_30' title='bbox 399 568 470 617; x_wconf 89' lang='lat' dir='ltr'><strong>Deus</strong></span> <span class='ocrx_word' id='word_1_31' title='bbox 486 567 514 617; x_wconf 92' lang='lat' dir='ltr'><strong>in</strong></span> <span class='ocrx_word' id='word_1_32' title='bbox 528 568 597 633; x_wconf 85' lang='lat' dir='ltr'>Lege</span> 
     </span>
     <span class='ocr_line' id='line_1_7' title="bbox 58 636 598 703; baseline 0.002 -16"><span class='ocrx_word' id='word_1_33' title='bbox 58 636 186 702; x_wconf 73' lang='lat' dir='ltr'><strong>praecepit</strong></span> <span class='ocrx_word' id='word_1_34' title='bbox 206 652 262 687; x_wconf 91' lang='lat' dir='ltr'><strong>non</strong></span> <span class='ocrx_word' id='word_1_35' title='bbox 284 637 339 703; x_wconf 90' lang='lat' dir='ltr'><strong>pati</strong></span> <span class='ocrx_word' id='word_1_36' title='bbox 359 638 455 699; x_wconf 89' lang='lat' dir='ltr'><strong>vivere,</strong></span> <span class='ocrx_word' id='word_1_37' title='bbox 475 654 526 690; x_wconf 87' lang='lat' dir='ltr'><strong>non</strong></span> <span class='ocrx_word' id='word_1_38' title='bbox 549 638 598 688; x_wconf 85' lang='lat' dir='ltr'><strong>tibi</strong></span> 
     </span>
     <span class='ocr_line' id='line_1_8' title="bbox 59 706 596 775; baseline 0.006 -19"><span class='ocrx_word' id='word_1_39' title='bbox 59 706 270 757; x_wconf 78' lang='lat' dir='ltr'><em>tradidissemus</em></span> <span class='ocrx_word' id='word_1_40' title='bbox 284 720 351 769; x_wconf 87' lang='lat' dir='ltr'><strong>eum,</strong></span> <span class='ocrx_word' id='word_1_41' title='bbox 369 723 418 759; x_wconf 92' lang='lat' dir='ltr'><strong>nos</strong></span> <span class='ocrx_word' id='word_1_42' title='bbox 442 708 490 775; x_wconf 92' lang='lat' dir='ltr'><strong>qui</strong></span> <span class='ocrx_word' id='word_1_43' title='bbox 501 724 596 759; x_wconf 91' lang='lat' dir='ltr'><strong>sumus</strong></span> 
     </span>
     <span class='ocr_line' id='line_1_9' title="bbox 58 776 598 842; baseline 0.006 -15"><span class='ocrx_word' id='word_1_44' title='bbox 58 786 139 828; x_wconf 73' lang='lat' dir='ltr'><strong>tantae</strong></span> <span class='ocrx_word' id='word_1_45' title='bbox 150 776 293 842; x_wconf 82' lang='lat' dir='ltr'><strong>religionis</strong></span> <span class='ocrx_word' id='word_1_46' title='bbox 303 787 330 827; x_wconf 91' lang='lat' dir='ltr'><strong>et</strong></span> <span class='ocrx_word' id='word_1_47' title='bbox 341 779 515 830; x_wconf 82' lang='lat' dir='ltr'><strong>auctoritatis.</strong></span> <span class='ocrx_word' id='word_1_48' title='bbox 529 780 598 839; x_wconf 92' lang='lat' dir='ltr'><strong>Qua·</strong></span> 
     </span>
     <span class='ocr_line' id='line_1_10' title="bbox 59 847 597 902; baseline 0.006 -4"><span class='ocrx_word' id='word_1_49' title='bbox 59 847 82 898; x_wconf 89' lang='lat' dir='ltr'><strong>si</strong></span> <span class='ocrx_word' id='word_1_50' title='bbox 105 847 228 898; x_wconf 85' lang='lat' dir='ltr'><strong>dicerent</strong></span> <span class='ocrx_word' id='word_1_51' title='bbox 244 865 250 898; x_wconf 91' lang='lat'><strong>:</strong></span> <span class='ocrx_word' id='word_1_52' title='bbox 277 849 333 898; x_wconf 90' lang='lat' dir='ltr'><strong>Nos</strong></span> <span class='ocrx_word' id='word_1_53' title='bbox 347 865 443 900; x_wconf 90' lang='lat' dir='ltr'><strong>sumus</strong></span> <span class='ocrx_word' id='word_1_54' title='bbox 456 860 535 901; x_wconf 90' lang='lat' dir='ltr'><strong>tantae</strong></span> <span class='ocrx_word' id='word_1_55' title='bbox 550 866 597 902; x_wconf 89' lang='lat' dir='ltr'><strong>ve-</strong></span> 
     </span>
     <span class='ocr_line' id='line_1_11' title="bbox 59 918 596 986; baseline 0.004 -16"><span class='ocrx_word' id='word_1_56' title='bbox 59 919 145 970; x_wconf 87' lang='lat' dir='ltr'><strong>ritatis</strong></span> <span class='ocrx_word' id='word_1_57' title='bbox 163 929 190 968; x_wconf 88' lang='lat' dir='ltr'><strong>et</strong></span> <span class='ocrx_word' id='word_1_58' title='bbox 212 918 331 980; x_wconf 81' lang='lat' dir='ltr'><strong>iustitiae,</strong></span> <span class='ocrx_word' id='word_1_59' title='bbox 353 921 427 986; x_wconf 91' lang='lat' dir='ltr'><strong>quod</strong></span> <span class='ocrx_word' id='word_1_60' title='bbox 451 922 531 972; x_wconf 89' lang='lat' dir='ltr'><strong>nobis</strong></span> <span class='ocrx_word' id='word_1_61' title='bbox 547 922 596 972; x_wconf 88' lang='lat' dir='ltr'><strong>de-</strong></span> 
     </span>
     <span class='ocr_line' id='line_1_12' title="bbox 60 989 597 1056; baseline 0.007 -16"><span class='ocrx_word' id='word_1_62' title='bbox 60 991 134 1043; x_wconf 81' lang='lat' dir='ltr'><strong>beret</strong></span> <span class='ocrx_word' id='word_1_63' title='bbox 161 989 235 1040; x_wconf 86' lang='lat' dir='ltr'><strong>credi</strong></span> <span class='ocrx_word' id='word_1_64' title='bbox 266 989 382 1056; x_wconf 84' lang='lat' dir='ltr'><strong>simplici</strong></span> <span class='ocrx_word' id='word_1_65' title='bbox 413 993 504 1054; x_wconf 92' lang='lat' dir='ltr'><strong>verbo,</strong></span> <span class='ocrx_word' id='word_1_66' title='bbox 537 993 597 1044; x_wconf 90' lang='lat' dir='ltr'><strong>sine</strong></span> 
     </span>
     <span class='ocr_line' id='line_1_13' title="bbox 58 1058 596 1126; baseline 0.006 -16"><span class='ocrx_word' id='word_1_67' title='bbox 58 1058 150 1126; x_wconf 86' lang='lat' dir='ltr'><strong>aliqua</strong></span> <span class='ocrx_word' id='word_1_68' title='bbox 167 1059 371 1126; x_wconf 84' lang='lat' dir='ltr'><strong>disquisitione,</strong></span> <span class='ocrx_word' id='word_1_69' title='bbox 392 1077 443 1111; x_wconf 92' lang='lat' dir='ltr'><strong>nos</strong></span> <span class='ocrx_word' id='word_1_70' title='bbox 466 1063 540 1125; x_wconf 88' lang='lat' dir='ltr'><strong>enim</strong></span> <span class='ocrx_word' id='word_1_71' title='bbox 554 1063 596 1113; x_wconf 90' lang='lat' dir='ltr'><strong>fa-</strong></span> 
     </span>
     <span class='ocr_line' id='line_1_14' title="bbox 57 1131 594 1198; baseline 0.007 -15"><span class='ocrx_word' id='word_1_72' title='bbox 57 1143 132 1183; x_wconf 89' lang='lat' dir='ltr'><strong>ctum</strong></span> <span class='ocrx_word' id='word_1_73' title='bbox 154 1131 300 1198; x_wconf 86' lang='lat' dir='ltr'><strong>diligenter</strong></span> <span class='ocrx_word' id='word_1_74' title='bbox 319 1134 542 1197; x_wconf 80' lang='lat' dir='ltr'><strong>examinavaus,</strong></span> <span class='ocrx_word' id='word_1_75' title='bbox 568 1146 594 1187; x_wconf 92' lang='lat' dir='ltr'><strong>et</strong></span> 
     </span>
     <span class='ocr_line' id='line_1_15' title="bbox 58 1209 595 1276; baseline 0.007 -15"><span class='ocrx_word' id='word_1_76' title='bbox 58 1225 123 1261; x_wconf 87' lang='lat' dir='ltr'><strong>eum</strong></span> <span class='ocrx_word' id='word_1_77' title='bbox 143 1209 260 1276; x_wconf 87' lang='lat' dir='ltr'><strong>dignum</strong></span> <span class='ocrx_word' id='word_1_78' title='bbox 281 1222 367 1262; x_wconf 91' lang='lat' dir='ltr'><strong>morte</strong></span> <span class='ocrx_word' id='word_1_79' title='bbox 384 1213 554 1276; x_wconf 89' lang='lat' dir='ltr'><strong>invenimus;</strong></span> <span class='ocrx_word' id='word_1_80' title='bbox 569 1224 595 1265; x_wconf 89' lang='lat' dir='ltr'><strong>et</strong></span> 
     </span>
     <span class='ocr_line' id='line_1_16' title="bbox 58 1280 596 1344; baseline 0.007 -14"><span class='ocrx_word' id='word_1_81' title='bbox 58 1281 120 1330; x_wconf 90' lang='lat' dir='ltr'><strong>ideo</strong></span> <span class='ocrx_word' id='word_1_82' title='bbox 146 1280 203 1344; x_wconf 87' lang='lat' dir='ltr'><strong>jam</strong></span> <span class='ocrx_word' id='word_1_83' title='bbox 230 1281 439 1333; x_wconf 88' lang='lat' dir='ltr'><strong>condemnatum</strong></span> <span class='ocrx_word' id='word_1_84' title='bbox 464 1284 596 1334; x_wconf 88' lang='lat' dir='ltr'><strong>tradimus</strong></span> 
     </span>
     <span class='ocr_line' id='line_1_17' title="bbox 58 1354 597 1423; baseline 0.009 -19"><span class='ocrx_word' id='word_1_85' title='bbox 58 1370 122 1405; x_wconf 89' lang='lat' dir='ltr'><strong>eum</strong></span> <span class='ocrx_word' id='word_1_86' title='bbox 145 1354 197 1404; x_wconf 91' lang='lat' dir='ltr'><strong>tibi</strong></span> <span class='ocrx_word' id='word_1_87' title='bbox 215 1355 393 1421; x_wconf 89' lang='lat' dir='ltr'><strong>puniendum,</strong></span> <span class='ocrx_word' id='word_1_88' title='bbox 419 1373 468 1408; x_wconf 89' lang='lat' dir='ltr'><strong>nec</strong></span> <span class='ocrx_word' id='word_1_89' title='bbox 492 1369 597 1423; x_wconf 89' lang='lat' dir='ltr'><strong>oportet</strong></span> 
     </span>
     <span class='ocr_line' id='line_1_18' title="bbox 57 1424 597 1480; baseline 0.007 -4"><span class='ocrx_word' id='word_1_90' title='bbox 57 1425 140 1476; x_wconf 85' lang='lat' dir='ltr'><strong>aliam</strong></span> <span class='ocrx_word' id='word_1_91' title='bbox 167 1424 254 1476; x_wconf 88' lang='lat' dir='ltr'><strong>facere</strong></span> <span class='ocrx_word' id='word_1_92' title='bbox 282 1427 519 1479; x_wconf 82' lang='lat' dir='ltr'><strong>examinationem.</strong></span> <span class='ocrx_word' id='word_1_93' title='bbox 553 1429 597 1480; x_wconf 90' lang='lat' dir='ltr'><strong>Sic</strong></span> 
     </span>
     <span class='ocr_line' id='line_1_19' title="bbox 58 1499 596 1567; baseline 0.009 -18"><span class='ocrx_word' id='word_1_94' title='bbox 58 1499 188 1550; x_wconf 88' lang='lat' dir='ltr'><strong>homines</strong></span> <span class='ocrx_word' id='word_1_95' title='bbox 207 1500 335 1551; x_wconf 81' lang='lat' dir='ltr'><strong>malitiosi</strong></span> <span class='ocrx_word' id='word_1_96' title='bbox 353 1517 442 1551; x_wconf 91' lang='lat' dir='ltr'><strong>coram</strong></span> <span class='ocrx_word' id='word_1_97' title='bbox 462 1503 596 1567; x_wconf 83' lang='lat' dir='ltr'><strong>judicibus</strong></span> 
     </span>
     <span class='ocr_line' id='line_1_20' title="bbox 59 1570 596 1641; baseline 0.006 -19"><span class='ocrx_word' id='word_1_98' title='bbox 59 1586 88 1622; x_wconf 88' lang='lat' dir='ltr'><strong>se</strong></span> <span class='ocrx_word' id='word_1_99' title='bbox 108 1570 272 1636; x_wconf 73' lang='lat' dir='ltr'><strong>justificant,</strong></span> <span class='ocrx_word' id='word_1_100' title='bbox 299 1582 329 1622; x_wconf 90' lang='lat' dir='ltr'><strong>ut</strong></span> <span class='ocrx_word' id='word_1_101' title='bbox 352 1572 487 1624; x_wconf 86' lang='lat' dir='ltr'><strong>innocenti</strong></span> <span class='ocrx_word' id='word_1_102' title='bbox 509 1575 596 1641; x_wconf 86' lang='lat' dir='ltr'><strong>magis</strong></span> 
     </span>
     <span class='ocr_line' id='line_1_21' title="bbox 60 1644 596 1699; baseline 0.009 -5"><span class='ocrx_word' id='word_1_103' title='bbox 60 1659 156 1695; x_wconf 88' lang='lat' dir='ltr'><strong>nocere</strong></span> <span class='ocrx_word' id='word_1_104' title='bbox 166 1645 281 1695; x_wconf 90' lang='lat' dir='ltr'><strong>valeant.</strong></span> <span class='ocrx_word' id='word_1_105' title='bbox 297 1644 386 1696; x_wconf 89' lang='lat' dir='ltr'><strong>Miseri</strong></span> <span class='ocrx_word' id='word_1_106' title='bbox 401 1646 485 1697; x_wconf 87' lang='lat' dir='ltr'><strong>ludaei</strong></span> <span class='ocrx_word' id='word_1_107' title='bbox 500 1647 596 1699; x_wconf 90' lang='lat' dir='ltr'><strong>dicunt</strong></span> 
     </span>
     <span class='ocr_line' id='line_1_22' title="bbox 59 1716 596 1784; baseline 0.007 -18"><span class='ocrx_word' id='word_1_108' title='bbox 59 1730 123 1766; x_wconf 88' lang='lat' dir='ltr'><strong>eum</strong></span> <span class='ocrx_word' id='word_1_109' title='bbox 148 1730 209 1766; x_wconf 87' lang='lat' dir='ltr'><strong>esse</strong></span> <span class='ocrx_word' id='word_1_110' title='bbox 233 1716 440 1775; x_wconf 84' lang='lat' dir='ltr'><strong>malefactorem,</strong></span> <span class='ocrx_word' id='word_1_111' title='bbox 464 1719 510 1783; x_wconf 84' lang='lat' dir='ltr'><strong>qui</strong></span> <span class='ocrx_word' id='word_1_112' title='bbox 527 1733 596 1784; x_wconf 81' lang='lat' dir='ltr'><strong>per-</strong></span> 
     </span>
     <span class='ocr_line' id='line_1_23' title="bbox 60 1785 595 1851; baseline 0.006 -16"><span class='ocrx_word' id='word_1_113' title='bbox 60 1785 173 1836; x_wconf 83' lang='lat' dir='ltr'><strong>transiit</strong></span> <span class='ocrx_word' id='word_1_114' title='bbox 200 1785 387 1851; x_wconf 83' lang='lat' dir='ltr'><strong>benefaciendo</strong></span> <span class='ocrx_word' id='word_1_115' title='bbox 420 1793 447 1837; x_wconf 91' lang='lat' dir='ltr'><strong>et</strong></span> <span class='ocrx_word' id='word_1_116' title='bbox 473 1788 595 1840; x_wconf 82' lang='lat' dir='ltr'><strong>sanando</strong></span> 
     </span>
     <span class='ocr_line' id='line_1_24' title="bbox 61 1857 595 1922; baseline 0.004 -15"><span class='ocrx_word' id='word_1_117' title='bbox 61 1870 154 1908; x_wconf 85' lang='lat' dir='ltr'><strong>omnes</strong></span> <span class='ocrx_word' id='word_1_118' title='bbox 166 1870 312 1922; x_wconf 82' lang='lat' dir='ltr'><strong>oppressos</strong></span> <span class='ocrx_word' id='word_1_119' title='bbox 332 1871 349 1906; x_wconf 86' lang='lat' dir='ltr'><strong>a</strong></span> <span class='ocrx_word' id='word_1_120' title='bbox 368 1857 475 1908; x_wconf 84' lang='lat' dir='ltr'><strong>diabolo</strong></span> <span class='ocrx_word' id='word_1_121' title='bbox 484 1876 494 1922; x_wconf 91' lang='lat'><em>;</em></span> <span class='ocrx_word' id='word_1_122' title='bbox 514 1868 540 1908; x_wconf 91' lang='lat' dir='ltr'><strong>et</strong></span> <span class='ocrx_word' id='word_1_123' title='bbox 553 1859 595 1909; x_wconf 89' lang='lat' dir='ltr'><strong>fa-</strong></span> 
     </span>
     <span class='ocr_line' id='line_1_25' title="bbox 59 1926 595 1993; baseline 0.006 -17"><span class='ocrx_word' id='word_1_124' title='bbox 59 1926 139 1976; x_wconf 86' lang='lat' dir='ltr'><strong>cIunt</strong></span> <span class='ocrx_word' id='word_1_125' title='bbox 151 1926 301 1977; x_wconf 91' lang='lat' dir='ltr'><strong>secundum</strong></span> <span class='ocrx_word' id='word_1_126' title='bbox 319 1926 386 1976; x_wconf 91' lang='lat' dir='ltr'><strong>illud</strong></span> <span class='ocrx_word' id='word_1_127' title='bbox 408 1928 481 1993; x_wconf 93' lang='lat' dir='ltr'><strong>quod</strong></span> <span class='ocrx_word' id='word_1_128' title='bbox 503 1928 536 1978; x_wconf 91' lang='lat' dir='ltr'><strong>de</strong></span> <span class='ocrx_word' id='word_1_129' title='bbox 556 1927 595 1979; x_wconf 90' lang='lat' dir='ltr'><strong>eis</strong></span> 
     </span>
     <span class='ocr_line' id='line_1_26' title="bbox 59 1996 595 2064; baseline 0.004 -17"><span class='ocrx_word' id='word_1_130' title='bbox 59 2012 107 2063; x_wconf 90' lang='lat' dir='ltr'><strong>per</strong></span> <span class='ocrx_word' id='word_1_131' title='bbox 121 1997 286 2062; x_wconf 89' lang='lat' dir='ltr'><strong>Prophetam</strong></span> <span class='ocrx_word' id='word_1_132' title='bbox 305 1996 358 2061; x_wconf 83' lang='lat' dir='ltr'><strong>jam</strong></span> <span class='ocrx_word' id='word_1_133' title='bbox 380 1998 438 2063; x_wconf 92' lang='lat' dir='ltr'><strong>ipse</strong></span> <span class='ocrx_word' id='word_1_134' title='bbox 459 1999 595 2064; x_wconf 85' lang='lat' dir='ltr'><strong>praedixe-</strong></span> 
     </span>
     <span class='ocr_line' id='line_1_27' title="bbox 59 2067 595 2135; baseline 0.006 -17"><span class='ocrx_word' id='word_1_135' title='bbox 59 2077 124 2118; x_wconf 88' lang='lat' dir='ltr'><strong>rat:</strong></span> <span class='ocrx_word' id='word_1_136' title='bbox 145 2068 341 2119; x_wconf 82' lang='lat' dir='ltr'><strong>Retribuebant</strong></span> <span class='ocrx_word' id='word_1_137' title='bbox 364 2067 429 2118; x_wconf 83' lang='lat' dir='ltr'><strong>milri</strong></span> <span class='ocrx_word' id='word_1_138' title='bbox 449 2071 523 2120; x_wconf 88' lang='lat' dir='ltr'><strong>mala</strong></span> <span class='ocrx_word' id='word_1_139' title='bbox 544 2085 595 2135; x_wconf 84' lang='lat' dir='ltr'><strong>pro</strong></span> 
     </span>
     <span class='ocr_line' id='line_1_28' title="bbox 60 2137 145 2188; baseline 0.012 -1"><span class='ocrx_word' id='word_1_140' title='bbox 60 2137 145 2188; x_wconf 85' lang='lat' dir='ltr'><strong>bonis.</strong></span> 
     </span>
     <span class='ocr_line' id='line_1_29' title="bbox 91 2205 594 2267; baseline 0.006 -10"><span class='ocrx_word' id='word_1_141' title='bbox 91 2205 359 2267; x_wconf 80' lang='lat' dir='ltr'><strong>8Qu1usrorur1car</strong></span> <span class='ocrx_word' id='word_1_142' title='bbox 377 2209 525 2260; x_wconf 70' lang='lat' dir='ltr'><strong>iuononuu</strong></span> <span class='ocrx_word' id='word_1_143' title='bbox 544 2226 594 2260; x_wconf 79' lang='lat' dir='ltr'><strong>na-</strong></span> 
     </span>
     <span class='ocr_line' id='line_1_30' title="bbox 59 2280 596 2333; baseline 0.007 -4"><span class='ocrx_word' id='word_1_144' title='bbox 59 2294 167 2330; x_wconf 79' lang='lat' dir='ltr'><strong>srortsro</strong></span> <span class='ocrx_word' id='word_1_145' title='bbox 178 2295 185 2328; x_wconf 77' lang='grc' dir='ltr'>ι</span> <span class='ocrx_word' id='word_1_146' title='bbox 197 2280 281 2330; x_wconf 79' lang='lat' dir='ltr'><strong>Nouis</strong></span> <span class='ocrx_word' id='word_1_147' title='bbox 295 2295 348 2330; x_wconf 80' lang='lat' dir='ltr'><strong>nou</strong></span> <span class='ocrx_word' id='word_1_148' title='bbox 362 2297 438 2332; x_wconf 69' lang='lat' dir='ltr'><strong>arear</strong></span> <span class='ocrx_word' id='word_1_149' title='bbox 448 2298 596 2333; x_wconf 73' lang='lat' dir='ltr'><strong>inremea-</strong></span> 
     </span>
     <span class='ocr_line' id='line_1_31' title="bbox 60 2351 596 2421; baseline 0.011 -21"><span class='ocrx_word' id='word_1_150' title='bbox 60 2366 93 2400; x_wconf 69' lang='grc' dir='ltr'><strong>ιε</strong></span> <span class='ocrx_word' id='word_1_151' title='bbox 108 2367 260 2410; x_wconf 74' lang='lat' dir='ltr'><strong>Qunuouarr</strong></span> <span class='ocrx_word' id='word_1_152' title='bbox 271 2351 280 2400; x_wconf 69' lang='lat' dir='ltr'><strong>i</strong></span> <span class='ocrx_word' id='word_1_153' title='bbox 291 2379 323 2389; x_wconf 94' lang='lat'><em>-</em></span> <span class='ocrx_word' id='word_1_154' title='bbox 336 2353 375 2404; x_wconf 86' lang='lat' dir='ltr'><strong>Et</strong></span> <span class='ocrx_word' id='word_1_155' title='bbox 388 2354 505 2418; x_wconf 83' lang='lat' dir='ltr'><strong>Pilatus,</strong></span> <span class='ocrx_word' id='word_1_156' title='bbox 518 2356 596 2421; x_wconf 91' lang='lat' dir='ltr'><strong>quasi</strong></span> 
     </span>
     <span class='ocr_line' id='line_1_32' title="bbox 61 2423 595 2492; baseline 0.009 -20"><span class='ocrx_word' id='word_1_157' title='bbox 61 2423 217 2489; x_wconf 87' lang='lat' dir='ltr'><strong>indignatus</strong></span> <span class='ocrx_word' id='word_1_158' title='bbox 241 2439 273 2474; x_wconf 87' lang='lat' dir='ltr'><strong>ex</strong></span> <span class='ocrx_word' id='word_1_159' title='bbox 296 2439 391 2475; x_wconf 90' lang='lat' dir='ltr'><strong>eorum</strong></span> <span class='ocrx_word' id='word_1_160' title='bbox 412 2426 595 2492; x_wconf 89' lang='lat' dir='ltr'><strong>responsione,</strong></span> 
     </span>
     <span class='ocr_line' id='line_1_33' title="bbox 62 2495 595 2564; baseline 0.009 -19"><span class='ocrx_word' id='word_1_161' title='bbox 62 2495 125 2561; x_wconf 92' lang='lat' dir='ltr'><strong>quia</strong></span> <span class='ocrx_word' id='word_1_162' title='bbox 161 2496 267 2560; x_wconf 56' lang='lat' dir='ltr'><strong>sciebat,</strong></span> <span class='ocrx_word' id='word_1_163' title='bbox 294 2512 340 2548; x_wconf 89' lang='lat' dir='ltr'><strong>eos</strong></span> <span class='ocrx_word' id='word_1_164' title='bbox 377 2514 424 2564; x_wconf 91' lang='lat' dir='ltr'><strong>per</strong></span> <span class='ocrx_word' id='word_1_165' title='bbox 465 2498 595 2550; x_wconf 88' lang='lat' dir='ltr'><strong>invidiam</strong></span> 
     </span>
     <span class='ocr_line' id='line_1_34' title="bbox 63 2566 596 2631; baseline 0.015 -18"><span class='ocrx_word' id='word_1_166' title='bbox 63 2566 151 2631; x_wconf 89' lang='lat' dir='ltr'><strong>ipsum</strong></span> <span class='ocrx_word' id='word_1_167' title='bbox 176 2566 329 2629; x_wconf 88' lang='lat' dir='ltr'><strong>tradidisse,</strong></span> <span class='ocrx_word' id='word_1_168' title='bbox 347 2568 422 2619; x_wconf 83' lang='lat' dir='ltr'><strong>dixit</strong></span> <span class='ocrx_word' id='word_1_169' title='bbox 442 2570 500 2622; x_wconf 84' lang='lat' dir='ltr'><strong>eis:</strong></span> <span class='ocrx_word' id='word_1_170' title='bbox 514 2571 596 2621; x_wconf 87' lang='lat' dir='ltr'><strong>Acci-</strong></span> 
     </span>
     <span class='ocr_line' id='line_1_35' title="bbox 60 2636 594 2707; baseline 0.011 -21"><span class='ocrx_word' id='word_1_171' title='bbox 60 2636 116 2700; x_wconf 84' lang='lat' dir='ltr'><strong>pite</strong></span> <span class='ocrx_word' id='word_1_172' title='bbox 138 2652 197 2688; x_wconf 86' lang='lat' dir='ltr'><strong>eum</strong></span> <span class='ocrx_word' id='word_1_173' title='bbox 222 2652 278 2699; x_wconf 86' lang='lat' dir='ltr'><strong>vos,</strong></span> <span class='ocrx_word' id='word_1_174' title='bbox 304 2643 331 2688; x_wconf 88' lang='lat' dir='ltr'><strong>et</strong></span> <span class='ocrx_word' id='word_1_175' title='bbox 349 2641 493 2690; x_wconf 87' lang='lat' dir='ltr'><strong>secundum</strong></span> <span class='ocrx_word' id='word_1_176' title='bbox 508 2641 594 2707; x_wconf 87' lang='lat' dir='ltr'><strong>legem</strong></span> 
     </span>
     <span class='ocr_line' id='line_1_36' title="bbox 63 2707 596 2773; baseline 0.009 -16"><span class='ocrx_word' id='word_1_177' title='bbox 63 2714 176 2758; x_wconf 84' lang='lat' dir='ltr'><strong>vestram</strong></span> <span class='ocrx_word' id='word_1_178' title='bbox 193 2707 314 2773; x_wconf 74' lang='lat' dir='ltr'><strong>iudicate</strong></span> <span class='ocrx_word' id='word_1_179' title='bbox 330 2723 399 2759; x_wconf 84' lang='lat' dir='ltr'><strong>eum.</strong></span> <span class='ocrx_word' id='word_1_180' title='bbox 416 2710 498 2769; x_wconf 91' lang='lat' dir='ltr'><strong>Quasi</strong></span> <span class='ocrx_word' id='word_1_181' title='bbox 522 2712 596 2762; x_wconf 91' lang='lat' dir='ltr'><strong>dice-</strong></span> 
     </span>
     <span class='ocr_line' id='line_1_37' title="bbox 64 2778 596 2843; baseline 0.013 -17"><span class='ocrx_word' id='word_1_182' title='bbox 64 2788 120 2828; x_wconf 89' lang='lat' dir='ltr'><strong>ret:</strong></span> <span class='ocrx_word' id='word_1_183' title='bbox 143 2779 172 2830; x_wconf 90' lang='lat' dir='ltr'><strong>Si</strong></span> <span class='ocrx_word' id='word_1_184' title='bbox 197 2778 298 2829; x_wconf 87' lang='lat' dir='ltr'><strong>sufficit</strong></span> <span class='ocrx_word' id='word_1_185' title='bbox 316 2789 403 2831; x_wconf 86' lang='lat' dir='ltr'><strong>vestra</strong></span> <span class='ocrx_word' id='word_1_186' title='bbox 425 2781 596 2843; x_wconf 84' lang='lat' dir='ltr'><strong>examinatio,</strong></span> 
     </span>
     <span class='ocr_line' id='line_1_38' title="bbox 66 2851 598 2920; baseline 0.013 -21"><span class='ocrx_word' id='word_1_187' title='bbox 66 2851 177 2902; x_wconf 87' lang='lat' dir='ltr'><strong>sufficiat</strong></span> <span class='ocrx_word' id='word_1_188' title='bbox 196 2862 282 2902; x_wconf 87' lang='lat' dir='ltr'><strong>vestra</strong></span> <span class='ocrx_word' id='word_1_189' title='bbox 302 2853 454 2904; x_wconf 88' lang='lat' dir='ltr'><strong>sententia:</strong></span> <span class='ocrx_word' id='word_1_190' title='bbox 473 2869 521 2920; x_wconf 91' lang='lat' dir='ltr'><strong>ego</strong></span> <span class='ocrx_word' id='word_1_191' title='bbox 546 2871 598 2906; x_wconf 90' lang='lat' dir='ltr'><strong>ne-</strong></span> 
     </span>
     <span class='ocr_line' id='line_1_39' title="bbox 67 2923 597 2990; baseline 0.009 -17"><span class='ocrx_word' id='word_1_192' title='bbox 67 2937 198 2990; x_wconf 90' lang='lat' dir='ltr'><strong>quaquam</strong></span> <span class='ocrx_word' id='word_1_193' title='bbox 223 2923 285 2974; x_wconf 89' lang='lat' dir='ltr'><strong>talis</strong></span> <span class='ocrx_word' id='word_1_194' title='bbox 310 2925 389 2988; x_wconf 80' lang='lat' dir='ltr'><strong>iudex</strong></span> <span class='ocrx_word' id='word_1_195' title='bbox 413 2926 520 2978; x_wconf 86' lang='lat' dir='ltr'><strong>efficiar.</strong></span> <span class='ocrx_word' id='word_1_196' title='bbox 547 2929 597 2978; x_wconf 89' lang='lat' dir='ltr'><strong>Per</strong></span> 
     </span>
     <span class='ocr_line' id='line_1_40' title="bbox 68 2995 598 3061; baseline 0.006 -16"><span class='ocrx_word' id='word_1_197' title='bbox 68 3008 143 3059; x_wconf 90' lang='lat' dir='ltr'><strong>quam</strong></span> <span class='ocrx_word' id='word_1_198' title='bbox 155 2995 363 3061; x_wconf 85' lang='lat' dir='ltr'><strong>responsionem</strong></span> <span class='ocrx_word' id='word_1_199' title='bbox 383 3009 498 3048; x_wconf 90' lang='lat' dir='ltr'><strong>mortem</strong></span> <span class='ocrx_word' id='word_1_200' title='bbox 513 2998 598 3048; x_wconf 92' lang='lat' dir='ltr'><strong>Chri-</strong></span> 
     </span>
     <span class='ocr_line' id='line_1_41' title="bbox 69 3065 597 3133; baseline 0.013 -21"><span class='ocrx_word' id='word_1_201' title='bbox 69 3074 105 3114; x_wconf 93' lang='lat' dir='ltr'><strong>sto</strong></span> <span class='ocrx_word' id='word_1_202' title='bbox 120 3065 219 3116; x_wconf 91' lang='lat' dir='ltr'><strong>inferre</strong></span> <span class='ocrx_word' id='word_1_203' title='bbox 234 3065 385 3130; x_wconf 89' lang='lat' dir='ltr'><strong>inhibebat,</strong></span> <span class='ocrx_word' id='word_1_204' title='bbox 401 3067 466 3133; x_wconf 90' lang='lat' dir='ltr'><strong>quia</strong></span> <span class='ocrx_word' id='word_1_205' title='bbox 481 3068 597 3120; x_wconf 90' lang='lat' dir='ltr'><strong>Romani</strong></span> 
     </span>
     <span class='ocr_line' id='line_1_42' title="bbox 70 3133 598 3201; baseline 0.009 -17"><span class='ocrx_word' id='word_1_206' title='bbox 70 3133 153 3201; x_wconf 88' lang='lat' dir='ltr'><strong>aliqua</strong></span> <span class='ocrx_word' id='word_1_207' title='bbox 183 3135 290 3186; x_wconf 91' lang='lat' dir='ltr'><strong>minora</strong></span> <span class='ocrx_word' id='word_1_208' title='bbox 322 3136 463 3200; x_wconf 87' lang='lat' dir='ltr'><strong>judicanda</strong></span> <span class='ocrx_word' id='word_1_209' title='bbox 500 3137 598 3189; x_wconf 87' lang='lat' dir='ltr'><strong>Judaeis</strong></span> 
     </span>
     <span class='ocr_line' id='line_1_43' title="bbox 71 3203 598 3273; baseline 0.008 -20"><span class='ocrx_word' id='word_1_210' title='bbox 71 3203 240 3269; x_wconf 86' lang='lat' dir='ltr'><strong>dimiserant;</strong></span> <span class='ocrx_word' id='word_1_211' title='bbox 265 3205 311 3255; x_wconf 87' lang='lat' dir='ltr'><strong>sed</strong></span> <span class='ocrx_word' id='word_1_212' title='bbox 329 3221 436 3257; x_wconf 85' lang='lat' dir='ltr'><strong>causam</strong></span> <span class='ocrx_word' id='word_1_213' title='bbox 458 3207 598 3273; x_wconf 86' lang='lat' dir='ltr'><strong>sanguinis</strong></span> 
     </span>
     <span class='ocr_line' id='line_1_44' title="bbox 71 3274 597 3341; baseline 0.011 -17"><span class='ocrx_word' id='word_1_214' title='bbox 71 3284 94 3324; x_wconf 84' lang='lat' dir='ltr'><strong>et</strong></span> <span class='ocrx_word' id='word_1_215' title='bbox 104 3277 184 3327; x_wconf 87' lang='lat' dir='ltr'><strong>altam</strong></span> <span class='ocrx_word' id='word_1_216' title='bbox 200 3276 332 3341; x_wconf 84' lang='lat' dir='ltr'><strong>justitiam</strong></span> <span class='ocrx_word' id='word_1_217' title='bbox 347 3274 399 3327; x_wconf 90' lang='lat' dir='ltr'><strong>sibi</strong></span> <span class='ocrx_word' id='word_1_218' title='bbox 423 3278 597 3330; x_wconf 86' lang='lat' dir='ltr'><strong>retinuerant.</strong></span> 
     </span>
     <span class='ocr_line' id='line_1_45' title="bbox 10 3340 597 3402; baseline 0.007 -7"><span class='ocrx_word' id='word_1_219' title='bbox 10 3340 13 3387; x_wconf 79' lang='lat' dir='ltr'><strong>I</strong></span> <span class='ocrx_word' id='word_1_220' title='bbox 73 3345 142 3397; x_wconf 91' lang='lat' dir='ltr'><strong>Unde</strong></span> <span class='ocrx_word' id='word_1_221' title='bbox 159 3347 292 3399; x_wconf 80' lang='lat' dir='ltr'><strong>dixerunt</strong></span> <span class='ocrx_word' id='word_1_222' title='bbox 307 3349 419 3402; x_wconf 77' lang='lat' dir='ltr'><strong>Juaaei:</strong></span> <span class='ocrx_word' id='word_1_223' title='bbox 442 3349 531 3400; x_wconf 80' lang='lat' dir='ltr'><strong>Nobis</strong></span> <span class='ocrx_word' id='word_1_224' title='bbox 545 3364 597 3400; x_wconf 89' lang='lat' dir='ltr'><strong>non</strong></span> 
     </span>
     <span class='ocr_line' id='line_1_46' title="bbox 71 3417 598 3488; baseline 0.009 -20"><span class='ocrx_word' id='word_1_225' title='bbox 71 3417 125 3470; x_wconf 84' lang='lat' dir='ltr'><strong>licet</strong></span> <span class='ocrx_word' id='word_1_226' title='bbox 140 3421 293 3487; x_wconf 85' lang='lat' dir='ltr'><strong>interficere</strong></span> <span class='ocrx_word' id='word_1_227' title='bbox 313 3437 478 3488; x_wconf 85' lang='lat' dir='ltr'><strong>quemquam,</strong></span> <span class='ocrx_word' id='word_1_228' title='bbox 497 3422 598 3473; x_wconf 89' lang='lat' dir='ltr'><strong>scilicet</strong></span> 
     </span>
     <span class='ocr_line' id='line_1_47' title="bbox 71 3493 598 3558; baseline 0.008 -18"><span class='ocrx_word' id='word_1_229' title='bbox 71 3502 171 3558; x_wconf 88' lang='lat' dir='ltr'><strong>propter</strong></span> <span class='ocrx_word' id='word_1_230' title='bbox 181 3502 343 3558; x_wconf 88' lang='lat' dir='ltr'><strong>potestatem</strong></span> <span class='ocrx_word' id='word_1_231' title='bbox 352 3495 385 3544; x_wconf 87' lang='lat' dir='ltr'><strong>ad</strong></span> <span class='ocrx_word' id='word_1_232' title='bbox 399 3493 467 3543; x_wconf 87' lang='lat' dir='ltr'><strong>alios</strong></span> <span class='ocrx_word' id='word_1_233' title='bbox 481 3494 598 3544; x_wconf 88' lang='lat' dir='ltr'><strong>transla-</strong></span> 
     </span>
     <span class='ocr_line' id='line_1_48' title="bbox 70 3564 598 3630; baseline 0.004 -18"><span class='ocrx_word' id='word_1_234' title='bbox 70 3571 127 3614; x_wconf 89' lang='lat' dir='ltr'><strong>tam.</strong></span> <span class='ocrx_word' id='word_1_235' title='bbox 153 3565 259 3615; x_wconf 88' lang='lat' dir='ltr'><strong>Tamen</strong></span> <span class='ocrx_word' id='word_1_236' title='bbox 284 3574 376 3616; x_wconf 87' lang='lat' dir='ltr'><strong>contra</strong></span> <span class='ocrx_word' id='word_1_237' title='bbox 395 3565 499 3630; x_wconf 89' lang='lat' dir='ltr'><strong>seipsos</strong></span> <span class='ocrx_word' id='word_1_238' title='bbox 523 3564 598 3614; x_wconf 90' lang='lat' dir='ltr'><strong>dice-</strong></span> 
     </span>
     <span class='ocr_line' id='line_1_49' title="bbox 10 3631 596 3702; baseline 0.007 -20"><span class='ocrx_word' id='word_1_239' title='bbox 10 3638 15 3667; x_wconf 84' lang='lat'><strong>¹</strong></span> <span class='ocrx_word' id='word_1_240' title='bbox 71 3631 143 3696; x_wconf 90' lang='lat' dir='ltr'><strong>bant,</strong></span> <span class='ocrx_word' id='word_1_241' title='bbox 169 3634 235 3702; x_wconf 91' lang='lat' dir='ltr'><strong>quia</strong></span> <span class='ocrx_word' id='word_1_242' title='bbox 267 3635 482 3696; x_wconf 89' lang='lat' dir='ltr'><strong>interficiebant,</strong></span> <span class='ocrx_word' id='word_1_243' title='bbox 514 3652 596 3701; x_wconf 88' lang='lat' dir='ltr'><strong>quem</strong></span> 
     </span>
     <span class='ocr_line' id='line_1_50' title="bbox 70 3702 599 3769; baseline 0.006 -16"><span class='ocrx_word' id='word_1_244' title='bbox 70 3702 162 3769; x_wconf 87' lang='lat' dir='ltr'><strong>injuste</strong></span> <span class='ocrx_word' id='word_1_245' title='bbox 175 3704 389 3757; x_wconf 87' lang='lat' dir='ltr'><strong>interficiendum</strong></span> <span class='ocrx_word' id='word_1_246' title='bbox 406 3705 559 3767; x_wconf 86' lang='lat' dir='ltr'><strong>offerebant,</strong></span> <span class='ocrx_word' id='word_1_247' title='bbox 572 3716 599 3756; x_wconf 91' lang='lat' dir='ltr'><strong>et</strong></span> 
     </span>
     <span class='ocr_line' id='line_1_51' title="bbox 69 3775 597 3842; baseline 0.004 -16"><span class='ocrx_word' id='word_1_248' title='bbox 69 3776 223 3842; x_wconf 84' lang='lat' dir='ltr'><strong>sanguinem</strong></span> <span class='ocrx_word' id='word_1_249' title='bbox 247 3775 419 3826; x_wconf 90' lang='lat' dir='ltr'><strong>innocentem</strong></span> <span class='ocrx_word' id='word_1_250' title='bbox 440 3776 597 3839; x_wconf 91' lang='lat' dir='ltr'><strong>fundebant,</strong></span> 
     </span>
    </p>
   </div>
   <div class='ocr_carea' id='block_1_3' title="bbox 51 3873 572 3955">
    <p class='ocr_par' dir='ltr' id='par_1_3' title="bbox 51 3873 572 3955">
     <span class='ocr_line' id='line_1_52' title="bbox 51 3873 572 3955; baseline 0.002 -12"><span class='ocrx_word' id='word_1_251' title='bbox 51 3873 70 3917; x_wconf 60' lang='lat'><strong>⁴</strong></span> <span class='ocrx_word' id='word_1_252' title='bbox 123 3891 194 3943; x_wconf 75' lang='lat' dir='ltr'><strong>Vtra</strong></span> <span class='ocrx_word' id='word_1_253' title='bbox 209 3892 274 3943; x_wconf 78' lang='lat' dir='ltr'><strong>Iesu</strong></span> <span class='ocrx_word' id='word_1_254' title='bbox 288 3892 409 3955; x_wconf 78' lang='lat' dir='ltr'><strong>Cuarsrr,</strong></span> <span class='ocrx_word' id='word_1_255' title='bbox 425 3907 512 3944; x_wconf 87' lang='lat' dir='ltr'><strong>rouus</strong></span> <span class='ocrx_word' id='word_1_256' title='bbox 529 3892 572 3945; x_wconf 92' lang='lat' dir='ltr'><strong>lV.</strong></span> 
     </span>
    </p>
   </div>
   <div class='ocr_carea' id='block_1_4' title="bbox 1127 173 1182 242">
    <p class='ocr_par' dir='ltr' id='par_1_4' title="bbox 1127 173 1182 242">
     <span class='ocr_line' id='line_1_53' title="bbox 1127 173 1182 242; baseline 0.018 -17"><span class='ocrx_word' id='word_1_257' title='bbox 1127 173 1182 242; x_wconf 85' lang='lat'><strong>519</strong></span> 
     </span>
    </p>
   </div>
   <div class='ocr_carea' id='block_1_5' title="bbox 649 283 1185 908">
    <p class='ocr_par' dir='ltr' id='par_1_5' title="bbox 649 283 1185 908">
     <span class='ocr_line' id='line_1_54' title="bbox 651 283 1182 348; baseline 0.021 -18"><span class='ocrx_word' id='word_1_258' title='bbox 651 298 732 348; x_wconf 91' lang='lat' dir='ltr'><strong>quern</strong></span> <span class='ocrx_word' id='word_1_259' title='bbox 753 283 923 334; x_wconf 90' lang='lat' dir='ltr'><strong>fundendum</strong></span> <span class='ocrx_word' id='word_1_260' title='bbox 942 286 1017 337; x_wconf 90' lang='lat' dir='ltr'><strong>alteri</strong></span> <span class='ocrx_word' id='word_1_261' title='bbox 1035 288 1182 341; x_wconf 85' lang='lat' dir='ltr'><strong>tradebant.</strong></span> 
     </span>
     <span class='ocr_line' id='line_1_55' title="bbox 650 354 1183 420; baseline 0.015 -18"><span class='ocrx_word' id='word_1_262' title='bbox 650 354 845 418; x_wconf 82' lang='lat' dir='ltr'><strong>Argumentum</strong></span> <span class='ocrx_word' id='word_1_263' title='bbox 868 366 958 406; x_wconf 88' lang='lat' dir='ltr'><strong>contra</strong></span> <span class='ocrx_word' id='word_1_264' title='bbox 972 358 1127 420; x_wconf 87' lang='lat' dir='ltr'><strong>sentientes,</strong></span> <span class='ocrx_word' id='word_1_265' title='bbox 1142 361 1183 412; x_wconf 90' lang='lat' dir='ltr'><strong>vel</strong></span> 
     </span>
     <span class='ocr_line' id='line_1_56' title="bbox 650 426 1183 488; baseline 0.015 -16"><span class='ocrx_word' id='word_1_266' title='bbox 650 435 832 488; x_wconf 86' lang='lat' dir='ltr'><strong>procurantes,</strong></span> <span class='ocrx_word' id='word_1_267' title='bbox 844 436 889 476; x_wconf 91' lang='lat' dir='ltr'><strong>aut</strong></span> <span class='ocrx_word' id='word_1_268' title='bbox 896 426 1052 478; x_wconf 90' lang='lat' dir='ltr'><strong>simulantes</strong></span> <span class='ocrx_word' id='word_1_269' title='bbox 1060 429 1183 480; x_wconf 87' lang='lat' dir='ltr'><strong>fraudem</strong></span> 
     </span>
     <span class='ocr_line' id='line_1_57' title="bbox 651 492 1185 564; baseline 0.017 -22"><span class='ocrx_word' id='word_1_270' title='bbox 651 492 819 546; x_wconf 87' lang='lat' dir='ltr'><strong>inferendam</strong></span> <span class='ocrx_word' id='word_1_271' title='bbox 843 497 976 561; x_wconf 87' lang='lat' dir='ltr'><strong>proximo,</strong></span> <span class='ocrx_word' id='word_1_272' title='bbox 998 514 1060 548; x_wconf 89' lang='lat' dir='ltr'><strong>cum</strong></span> <span class='ocrx_word' id='word_1_273' title='bbox 1079 501 1185 564; x_wconf 90' lang='lat' dir='ltr'><strong>possint</strong></span> 
     </span>
     <span class='ocr_line' id='line_1_58' title="bbox 650 563 1184 633; baseline 0.017 -20"><span class='ocrx_word' id='word_1_274' title='bbox 650 563 758 615; x_wconf 90' lang='lat' dir='ltr'><strong>obviare</strong></span> <span class='ocrx_word' id='word_1_275' title='bbox 786 567 874 629; x_wconf 90' lang='lat' dir='ltr'><strong>malo;</strong></span> <span class='ocrx_word' id='word_1_276' title='bbox 904 568 968 633; x_wconf 91' lang='lat' dir='ltr'><strong>quia</strong></span> <span class='ocrx_word' id='word_1_277' title='bbox 995 570 1060 619; x_wconf 90' lang='lat' dir='ltr'><strong>tales</strong></span> <span class='ocrx_word' id='word_1_278' title='bbox 1080 570 1184 622; x_wconf 88' lang='lat' dir='ltr'><strong>similes</strong></span> 
     </span>
     <span class='ocr_line' id='line_1_59' title="bbox 650 635 1184 699; baseline 0.017 -16"><span class='ocrx_word' id='word_1_279' title='bbox 650 644 715 685; x_wconf 91' lang='lat' dir='ltr'><strong>sunt</strong></span> <span class='ocrx_word' id='word_1_280' title='bbox 730 635 830 686; x_wconf 84' lang='lat' dir='ltr'><strong>Judaeis</strong></span> <span class='ocrx_word' id='word_1_281' title='bbox 844 638 901 687; x_wconf 85' lang='lat' dir='ltr'><strong>haec</strong></span> <span class='ocrx_word' id='word_1_282' title='bbox 914 638 1075 699; x_wconf 89' lang='lat' dir='ltr'><strong>dicentibus,</strong></span> <span class='ocrx_word' id='word_1_283' title='bbox 1091 651 1116 690; x_wconf 90' lang='lat' dir='ltr'><strong>et</strong></span> <span class='ocrx_word' id='word_1_284' title='bbox 1132 642 1184 692; x_wconf 91' lang='lat' dir='ltr'><strong>sub</strong></span> 
     </span>
     <span class='ocr_line' id='line_1_60' title="bbox 651 706 1184 777; baseline 0.017 -24"><span class='ocrx_word' id='word_1_285' title='bbox 651 715 780 771; x_wconf 86' lang='lat' dir='ltr'><strong>praetextu</strong></span> <span class='ocrx_word' id='word_1_286' title='bbox 802 706 912 771; x_wconf 80' lang='lat' dir='ltr'><strong>justitiae</strong></span> <span class='ocrx_word' id='word_1_287' title='bbox 932 711 972 759; x_wconf 91' lang='lat' dir='ltr'><strong>vel</strong></span> <span class='ocrx_word' id='word_1_288' title='bbox 1000 710 1184 777; x_wconf 87' lang='lat' dir='ltr'><strong>cujuscunque</strong></span> 
     </span>
     <span class='ocr_line' id='line_1_61' title="bbox 649 780 1184 846; baseline 0.009 -19"><span class='ocrx_word' id='word_1_289' title='bbox 649 793 733 828; x_wconf 86' lang='lat' dir='ltr'><strong>causae</strong></span> <span class='ocrx_word' id='word_1_290' title='bbox 754 793 828 828; x_wconf 88' lang='lat' dir='ltr'><strong>suam</strong></span> <span class='ocrx_word' id='word_1_291' title='bbox 850 780 996 846; x_wconf 83' lang='lat' dir='ltr'><strong>nequitiam</strong></span> <span class='ocrx_word' id='word_1_292' title='bbox 1015 782 1184 834; x_wconf 88' lang='lat' dir='ltr'><strong>defendenti-</strong></span> 
     </span>
     <span class='ocr_line' id='line_1_62' title="bbox 650 850 1184 908; baseline 0.017 -9"><span class='ocrx_word' id='word_1_293' title='bbox 650 850 710 901; x_wconf 87' lang='lat' dir='ltr'><strong>bus.</strong></span> <span class='ocrx_word' id='word_1_294' title='bbox 737 851 815 901; x_wconf 89' lang='lat' dir='ltr'><strong>Multi</strong></span> <span class='ocrx_word' id='word_1_295' title='bbox 841 852 922 903; x_wconf 89' lang='lat' dir='ltr'><strong>etiam</strong></span> <span class='ocrx_word' id='word_1_296' title='bbox 947 855 1010 904; x_wconf 90' lang='lat' dir='ltr'><strong>mali</strong></span> <span class='ocrx_word' id='word_1_297' title='bbox 1034 856 1124 907; x_wconf 84' lang='lat' dir='ltr'><strong>clefici</strong></span> <span class='ocrx_word' id='word_1_298' title='bbox 1145 858 1184 908; x_wconf 91' lang='lat' dir='ltr'><strong>sic</strong></span> 
     </span>
    </p>
   </div>
   <div class='ocr_carea' id='block_1_6' title="bbox 649 922 1260 980">
    <p class='ocr_par' dir='ltr' id='par_1_6' title="bbox 649 922 1260 980">
     <span class='ocr_line' id='line_1_63' title="bbox 649 922 1260 980; baseline 0.016 -9"><span class='ocrx_word' id='word_1_299' title='bbox 649 922 750 979; x_wconf 83' lang='lat' dir='ltr'><strong>dicunt,</strong></span> <span class='ocrx_word' id='word_1_300' title='bbox 774 922 875 974; x_wconf 91' lang='lat' dir='ltr'><strong>scilicet</strong></span> <span class='ocrx_word' id='word_1_301' title='bbox 897 940 904 973; x_wconf 76' lang='lat' dir='ltr'><strong>t</strong></span> <span class='ocrx_word' id='word_1_302' title='bbox 936 926 1024 976; x_wconf 83' lang='lat' dir='ltr'><strong>Nobis</strong></span> <span class='ocrx_word' id='word_1_303' title='bbox 1047 943 1098 979; x_wconf 86' lang='lat' dir='ltr'><strong>non</strong></span> <span class='ocrx_word' id='word_1_304' title='bbox 1122 929 1183 980; x_wconf 85' lang='lat' dir='ltr'><strong>licet</strong></span> <span class='ocrx_word' id='word_1_305' title='bbox 1258 958 1260 963; x_wconf 61' lang='lat'>&gt;</span> 
     </span>
    </p>
   </div>
   <div class='ocr_carea' id='block_1_7' title="bbox 648 993 1258 3845">
    <p class='ocr_par' dir='ltr' id='par_1_7' title="bbox 648 993 1258 3766">
     <span class='ocr_line' id='line_1_64' title="bbox 650 993 1258 1066; baseline 0.016 -23"><span class='ocrx_word' id='word_1_306' title='bbox 650 993 799 1060; x_wconf 79' lang='lat' dir='ltr'><strong>Interficere</strong></span> <span class='ocrx_word' id='word_1_307' title='bbox 818 1009 983 1062; x_wconf 84' lang='lat' dir='ltr'><strong>quemquam,</strong></span> <span class='ocrx_word' id='word_1_308' title='bbox 1003 997 1183 1066; x_wconf 89' lang='lat' dir='ltr'><strong>intelligentes</strong></span> <span class='ocrx_word' id='word_1_309' title='bbox 1252 1008 1258 1019; x_wconf 80' lang='grc'><em>“</em></span> 
     </span>
     <span class='ocr_line' id='line_1_65' title="bbox 649 1064 1182 1136; baseline 0.013 -22"><span class='ocrx_word' id='word_1_310' title='bbox 649 1064 681 1114; x_wconf 92' lang='lat' dir='ltr'><strong>de</strong></span> <span class='ocrx_word' id='word_1_311' title='bbox 696 1076 783 1115; x_wconf 88' lang='lat' dir='ltr'><strong>morte</strong></span> <span class='ocrx_word' id='word_1_312' title='bbox 803 1066 944 1131; x_wconf 87' lang='lat' dir='ltr'><strong>corporali,</strong></span> <span class='ocrx_word' id='word_1_313' title='bbox 959 1067 1006 1132; x_wconf 94' lang='lat' dir='ltr'><strong>qui</strong></span> <span class='ocrx_word' id='word_1_314' title='bbox 1021 1078 1111 1120; x_wconf 89' lang='lat' dir='ltr'><strong>tamen</strong></span> <span class='ocrx_word' id='word_1_315' title='bbox 1134 1086 1182 1136; x_wconf 91' lang='lat' dir='ltr'><strong>pro</strong></span> 
     </span>
     <span class='ocr_line' id='line_1_66' title="bbox 650 1137 1182 1193; baseline 0.013 -7"><span class='ocrx_word' id='word_1_316' title='bbox 650 1137 757 1188; x_wconf 90' lang='lat' dir='ltr'><strong>modico</strong></span> <span class='ocrx_word' id='word_1_317' title='bbox 786 1137 885 1188; x_wconf 88' lang='lat' dir='ltr'><strong>habent</strong></span> <span class='ocrx_word' id='word_1_318' title='bbox 907 1139 1008 1189; x_wconf 92' lang='lat' dir='ltr'><strong>multos</strong></span> <span class='ocrx_word' id='word_1_319' title='bbox 1034 1140 1182 1193; x_wconf 87' lang='lat' dir='ltr'><strong>interficere</strong></span> 
     </span>
     <span class='ocr_line' id='line_1_67' title="bbox 649 1208 1182 1276; baseline 0.008 -18"><span class='ocrx_word' id='word_1_320' title='bbox 649 1224 698 1258; x_wconf 91' lang='lat' dir='ltr'><strong>suo</strong></span> <span class='ocrx_word' id='word_1_321' title='bbox 710 1209 780 1258; x_wconf 91' lang='lat' dir='ltr'><strong>malo</strong></span> <span class='ocrx_word' id='word_1_322' title='bbox 793 1208 925 1274; x_wconf 85' lang='lat' dir='ltr'><strong>exemplo,</strong></span> <span class='ocrx_word' id='word_1_323' title='bbox 941 1220 1027 1261; x_wconf 90' lang='lat' dir='ltr'><strong>morte</strong></span> <span class='ocrx_word' id='word_1_324' title='bbox 1039 1212 1182 1276; x_wconf 85' lang='lat' dir='ltr'><strong>spirituali,</strong></span> 
     </span>
     <span class='ocr_line' id='line_1_68' title="bbox 649 1281 1181 1351; baseline 0.009 -21"><span class='ocrx_word' id='word_1_325' title='bbox 649 1297 709 1346; x_wconf 87' lang='lat' dir='ltr'><strong>quae</strong></span> <span class='ocrx_word' id='word_1_326' title='bbox 734 1281 808 1346; x_wconf 89' lang='lat' dir='ltr'><strong>pejor</strong></span> <span class='ocrx_word' id='word_1_327' title='bbox 824 1291 864 1331; x_wconf 92' lang='lat' dir='ltr'><strong>est</strong></span> <span class='ocrx_word' id='word_1_328' title='bbox 880 1281 1065 1334; x_wconf 85' lang='lat' dir='ltr'><strong>interfectione</strong></span> <span class='ocrx_word' id='word_1_329' title='bbox 1084 1300 1181 1351; x_wconf 91' lang='lat' dir='ltr'><strong>corpo-</strong></span> 
     </span>
     <span class='ocr_line' id='line_1_69' title="bbox 649 1352 1180 1417; baseline 0.008 -15"><span class='ocrx_word' id='word_1_330' title='bbox 649 1352 708 1403; x_wconf 88' lang='lat' dir='ltr'><strong>rali.</strong></span> <span class='ocrx_word' id='word_1_331' title='bbox 723 1354 781 1416; x_wconf 91' lang='lat' dir='ltr'><strong>Vel,</strong></span> <span class='ocrx_word' id='word_1_332' title='bbox 803 1353 929 1404; x_wconf 87' lang='lat' dir='ltr'><strong>dixerunt</strong></span> <span class='ocrx_word' id='word_1_333' title='bbox 942 1355 1037 1417; x_wconf 86' lang='lat' dir='ltr'><strong>Judaei,</strong></span> <span class='ocrx_word' id='word_1_334' title='bbox 1056 1355 1109 1405; x_wconf 89' lang='lat' dir='ltr'><strong>sibi</strong></span> <span class='ocrx_word' id='word_1_335' title='bbox 1126 1372 1180 1407; x_wconf 92' lang='lat' dir='ltr'><strong>non</strong></span> 
     </span>
     <span class='ocr_line' id='line_1_70' title="bbox 649 1424 1181 1491; baseline 0.008 -17"><span class='ocrx_word' id='word_1_336' title='bbox 649 1424 728 1475; x_wconf 92' lang='lat' dir='ltr'><strong>licere</strong></span> <span class='ocrx_word' id='word_1_337' title='bbox 746 1425 801 1475; x_wconf 90' lang='lat' dir='ltr'><strong>illis</strong></span> <span class='ocrx_word' id='word_1_338' title='bbox 815 1425 918 1487; x_wconf 90' lang='lat' dir='ltr'><strong>diebus,</strong></span> <span class='ocrx_word' id='word_1_339' title='bbox 937 1436 1045 1491; x_wconf 89' lang='lat' dir='ltr'><strong>propter</strong></span> <span class='ocrx_word' id='word_1_340' title='bbox 1057 1426 1117 1477; x_wconf 86' lang='lat' dir='ltr'><strong>festi</strong></span> <span class='ocrx_word' id='word_1_341' title='bbox 1134 1443 1181 1479; x_wconf 92' lang='lat' dir='ltr'><strong>so-</strong></span> 
     </span>
     <span class='ocr_line' id='line_1_71' title="bbox 648 1497 1184 1566; baseline 0.007 -20"><span class='ocrx_word' id='word_1_342' title='bbox 648 1497 814 1548; x_wconf 88' lang='lat' dir='ltr'><strong>lemnitatem</strong></span> <span class='ocrx_word' id='word_1_343' title='bbox 829 1507 855 1547; x_wconf 88' lang='lat' dir='ltr'><strong>et</strong></span> <span class='ocrx_word' id='word_1_344' title='bbox 869 1498 1046 1560; x_wconf 89' lang='lat' dir='ltr'><strong>sanctitatem,</strong></span> <span class='ocrx_word' id='word_1_345' title='bbox 1062 1500 1134 1566; x_wconf 92' lang='lat' dir='ltr'><strong>quod</strong></span> <span class='ocrx_word' id='word_1_346' title='bbox 1145 1517 1184 1550; x_wconf 92' lang='lat' dir='ltr'><strong>ce-</strong></span> 
     </span>
     <span class='ocr_line' id='line_1_72' title="bbox 648 1567 1182 1636; baseline 0.009 -19"><span class='ocrx_word' id='word_1_347' title='bbox 648 1567 750 1618; x_wconf 90' lang='lat' dir='ltr'><strong>lebrare</strong></span> <span class='ocrx_word' id='word_1_348' title='bbox 762 1569 814 1633; x_wconf 90' lang='lat' dir='ltr'><strong>jam</strong></span> <span class='ocrx_word' id='word_1_349' title='bbox 830 1580 972 1634; x_wconf 89' lang='lat' dir='ltr'><strong>coeperant,</strong></span> <span class='ocrx_word' id='word_1_350' title='bbox 987 1572 1182 1636; x_wconf 87' lang='lat' dir='ltr'><strong>propterquod</strong></span> 
     </span>
     <span class='ocr_line' id='line_1_73' title="bbox 648 1640 1184 1706; baseline 0.009 -17"><span class='ocrx_word' id='word_1_351' title='bbox 648 1640 681 1690; x_wconf 90' lang='lat' dir='ltr'><strong>de</strong></span> <span class='ocrx_word' id='word_1_352' title='bbox 708 1640 831 1706; x_wconf 89' lang='lat' dir='ltr'><strong>ingressu</strong></span> <span class='ocrx_word' id='word_1_353' title='bbox 854 1641 935 1692; x_wconf 90' lang='lat' dir='ltr'><strong>etiam</strong></span> <span class='ocrx_word' id='word_1_354' title='bbox 954 1642 1073 1706; x_wconf 89' lang='lat' dir='ltr'><strong>praetorii</strong></span> <span class='ocrx_word' id='word_1_355' title='bbox 1090 1652 1184 1694; x_wconf 91' lang='lat' dir='ltr'><strong>conta·</strong></span> 
     </span>
     <span class='ocr_line' id='line_1_74' title="bbox 649 1709 1184 1780; baseline 0.007 -20"><span class='ocrx_word' id='word_1_356' title='bbox 649 1709 746 1761; x_wconf 88' lang='lat' dir='ltr'><strong>minari</strong></span> <span class='ocrx_word' id='word_1_357' title='bbox 770 1714 932 1763; x_wconf 88' lang='lat' dir='ltr'><strong>metuebant.</strong></span> <span class='ocrx_word' id='word_1_358' title='bbox 952 1713 1030 1764; x_wconf 91' lang='lat' dir='ltr'><strong>Unde</strong></span> <span class='ocrx_word' id='word_1_359' title='bbox 1048 1714 1184 1780; x_wconf 82' lang='lat' dir='ltr'><strong>Augusti-</strong></span> 
     </span>
     <span class='ocr_line' id='line_1_75' title="bbox 648 1783 1181 1848; baseline 0.008 -16"><span class='ocrx_word' id='word_1_360' title='bbox 648 1796 716 1833; x_wconf 84' lang='lat' dir='ltr'><strong>nus:</strong></span> <span class='ocrx_word' id='word_1_361' title='bbox 734 1802 745 1829; x_wconf 73' lang='lat' dir='ltr'><strong>a</strong></span> <span class='ocrx_word' id='word_1_362' title='bbox 764 1783 792 1833; x_wconf 88' lang='lat' dir='ltr'><strong>Si</strong></span> <span class='ocrx_word' id='word_1_363' title='bbox 810 1784 963 1835; x_wconf 86' lang='lat' dir='ltr'><strong>malefactor</strong></span> <span class='ocrx_word' id='word_1_364' title='bbox 988 1795 1037 1848; x_wconf 90' lang='lat' dir='ltr'><strong>est,</strong></span> <span class='ocrx_word' id='word_1_365' title='bbox 1057 1801 1104 1836; x_wconf 92' lang='lat' dir='ltr'><strong>cur</strong></span> <span class='ocrx_word' id='word_1_366' title='bbox 1126 1802 1181 1837; x_wconf 92' lang='lat' dir='ltr'><strong>non</strong></span> 
     </span>
     <span class='ocr_line' id='line_1_76' title="bbox 648 1853 1182 1922; baseline 0.009 -19"><span class='ocrx_word' id='word_1_367' title='bbox 648 1853 708 1904; x_wconf 89' lang='lat' dir='ltr'><strong>licet</strong></span> <span class='ocrx_word' id='word_1_368' title='bbox 727 1854 894 1905; x_wconf 77' lang='lat' dir='ltr'><strong>interficere?</strong></span> <span class='ocrx_word' id='word_1_369' title='bbox 908 1856 936 1906; x_wconf 90' lang='lat' dir='ltr'><strong>Si</strong></span> <span class='ocrx_word' id='word_1_370' title='bbox 952 1866 1060 1922; x_wconf 92' lang='lat' dir='ltr'><strong>propter</strong></span> <span class='ocrx_word' id='word_1_371' title='bbox 1083 1857 1182 1908; x_wconf 90' lang='lat' dir='ltr'><strong>festum</strong></span> 
     </span>
     <span class='ocr_line' id='line_1_77' title="bbox 649 1926 1182 1996; baseline 0.011 -21"><span class='ocrx_word' id='word_1_372' title='bbox 649 1941 704 1976; x_wconf 90' lang='lat' dir='ltr'><strong>non</strong></span> <span class='ocrx_word' id='word_1_373' title='bbox 727 1926 802 1976; x_wconf 86' lang='lat' dir='ltr'><strong>licuit</strong></span> <span class='ocrx_word' id='word_1_374' title='bbox 825 1926 981 1989; x_wconf 89' lang='lat' dir='ltr'><strong>interficere,</strong></span> <span class='ocrx_word' id='word_1_375' title='bbox 1005 1945 1053 1979; x_wconf 90' lang='lat' dir='ltr'><strong>cur</strong></span> <span class='ocrx_word' id='word_1_376' title='bbox 1072 1930 1182 1996; x_wconf 87' lang='lat' dir='ltr'><strong>crucifi-</strong></span> 
     </span>
     <span class='ocr_line' id='line_1_78' title="bbox 648 1997 1181 2067; baseline 0.011 -20"><span class='ocrx_word' id='word_1_377' title='bbox 648 2011 692 2062; x_wconf 84' lang='lat' dir='ltr'><strong>ge,</strong></span> <span class='ocrx_word' id='word_1_378' title='bbox 706 1997 835 2063; x_wconf 81' lang='lat' dir='ltr'><strong>crucifige</strong></span> <span class='ocrx_word' id='word_1_379' title='bbox 848 2013 914 2060; x_wconf 83' lang='lat' dir='ltr'><strong>eum,</strong></span> <span class='ocrx_word' id='word_1_380' title='bbox 930 2000 1081 2050; x_wconf 85' lang='lat' dir='ltr'><strong>clamastis?</strong></span> <span class='ocrx_word' id='word_1_381' title='bbox 1096 2021 1109 2048; x_wconf 75' lang='lat' dir='ltr'><strong>u</strong></span> <span class='ocrx_word' id='word_1_382' title='bbox 1124 2002 1181 2067; x_wconf 85' lang='lat' dir='ltr'><strong>Vel,</strong></span> 
     </span>
     <span class='ocr_line' id='line_1_79' title="bbox 648 2068 1177 2136; baseline 0.008 -19"><span class='ocrx_word' id='word_1_383' title='bbox 648 2068 700 2117; x_wconf 93' lang='lat' dir='ltr'><strong>hoc</strong></span> <span class='ocrx_word' id='word_1_384' title='bbox 719 2068 852 2128; x_wconf 86' lang='lat' dir='ltr'><strong>dixerunt,</strong></span> <span class='ocrx_word' id='word_1_385' title='bbox 877 2069 942 2135; x_wconf 87' lang='lat' dir='ltr'><strong>quia</strong></span> <span class='ocrx_word' id='word_1_386' title='bbox 961 2070 1080 2136; x_wconf 90' lang='lat' dir='ltr'><strong>crucifigi</strong></span> <span class='ocrx_word' id='word_1_387' title='bbox 1104 2087 1177 2131; x_wconf 91' lang='lat' dir='ltr'><strong>eum,</strong></span> 
     </span>
     <span class='ocr_line' id='line_1_80' title="bbox 648 2140 1178 2202; baseline 0.008 -13"><span class='ocrx_word' id='word_1_388' title='bbox 648 2148 678 2189; x_wconf 91' lang='lat' dir='ltr'><strong>ut</strong></span> <span class='ocrx_word' id='word_1_389' title='bbox 690 2140 770 2190; x_wconf 90' lang='lat' dir='ltr'><strong>etiam</strong></span> <span class='ocrx_word' id='word_1_390' title='bbox 782 2141 864 2191; x_wconf 90' lang='lat' dir='ltr'><strong>modo</strong></span> <span class='ocrx_word' id='word_1_391' title='bbox 880 2143 975 2192; x_wconf 89' lang='lat' dir='ltr'><strong>mortis</strong></span> <span class='ocrx_word' id='word_1_392' title='bbox 996 2142 1178 2202; x_wconf 83' lang='lat' dir='ltr'><strong>infamaretur,</strong></span> 
     </span>
     <span class='ocr_line' id='line_1_81' title="bbox 649 2209 1180 2274; baseline 0.004 -15"><span class='ocrx_word' id='word_1_393' title='bbox 649 2209 807 2274; x_wconf 90' lang='lat' dir='ltr'><strong>cupiebant;</strong></span> <span class='ocrx_word' id='word_1_394' title='bbox 838 2221 864 2261; x_wconf 91' lang='lat' dir='ltr'><strong>et</strong></span> <span class='ocrx_word' id='word_1_395' title='bbox 888 2211 939 2261; x_wconf 92' lang='lat' dir='ltr'><strong>hoc</strong></span> <span class='ocrx_word' id='word_1_396' title='bbox 966 2212 1006 2262; x_wconf 89' lang='lat' dir='ltr'><strong>eis</strong></span> <span class='ocrx_word' id='word_1_397' title='bbox 1033 2213 1180 2262; x_wconf 90' lang='lat' dir='ltr'><strong>secundum</strong></span> 
     </span>
     <span class='ocr_line' id='line_1_82' title="bbox 651 2280 1180 2344; baseline 0.006 -16"><span class='ocrx_word' id='word_1_398' title='bbox 651 2280 749 2344; x_wconf 90' lang='lat' dir='ltr'><strong>Legem</strong></span> <span class='ocrx_word' id='word_1_399' title='bbox 765 2296 819 2329; x_wconf 90' lang='lat' dir='ltr'><strong>non</strong></span> <span class='ocrx_word' id='word_1_400' title='bbox 834 2281 938 2342; x_wconf 89' lang='lat' dir='ltr'><strong>licebat,</strong></span> <span class='ocrx_word' id='word_1_401' title='bbox 954 2281 1014 2331; x_wconf 90' lang='lat' dir='ltr'><strong>licet</strong></span> <span class='ocrx_word' id='word_1_402' title='bbox 1025 2282 1078 2331; x_wconf 91' lang='lat' dir='ltr'><strong>alio</strong></span> <span class='ocrx_word' id='word_1_403' title='bbox 1098 2282 1180 2331; x_wconf 91' lang='lat' dir='ltr'><strong>modo</strong></span> 
     </span>
     <span class='ocr_line' id='line_1_83' title="bbox 650 2350 1182 2417; baseline 0.002 -17"><span class='ocrx_word' id='word_1_404' title='bbox 650 2361 760 2417; x_wconf 90' lang='lat' dir='ltr'><strong>possent</strong></span> <span class='ocrx_word' id='word_1_405' title='bbox 766 2351 939 2416; x_wconf 87' lang='lat' dir='ltr'><strong>blasphemos</strong></span> <span class='ocrx_word' id='word_1_406' title='bbox 951 2350 1108 2412; x_wconf 87' lang='lat' dir='ltr'><strong>interficere,</strong></span> <span class='ocrx_word' id='word_1_407' title='bbox 1120 2367 1182 2417; x_wconf 91' lang='lat' dir='ltr'><strong>qua-</strong></span> 
     </span>
     <span class='ocr_line' id='line_1_84' title="bbox 650 2423 1185 2490; baseline 0.006 -18"><span class='ocrx_word' id='word_1_408' title='bbox 650 2425 703 2474; x_wconf 89' lang='lat' dir='ltr'><strong>lem</strong></span> <span class='ocrx_word' id='word_1_409' title='bbox 718 2423 858 2474; x_wconf 89' lang='lat' dir='ltr'><strong>Christum</strong></span> <span class='ocrx_word' id='word_1_410' title='bbox 873 2425 1039 2490; x_wconf 89' lang='lat' dir='ltr'><strong>reputabant,</strong></span> <span class='ocrx_word' id='word_1_411' title='bbox 1055 2434 1085 2474; x_wconf 92' lang='lat' dir='ltr'><strong>ut</strong></span> <span class='ocrx_word' id='word_1_412' title='bbox 1099 2425 1185 2490; x_wconf 91' lang='lat' dir='ltr'><strong>patuit</strong></span> 
     </span>
     <span class='ocr_line' id='line_1_85' title="bbox 650 2493 1181 2559; baseline 0.004 -16"><span class='ocrx_word' id='word_1_413' title='bbox 650 2495 679 2544; x_wconf 92' lang='lat' dir='ltr'><strong>in</strong></span> <span class='ocrx_word' id='word_1_414' title='bbox 706 2494 841 2559; x_wconf 88' lang='lat' dir='ltr'><strong>Stephano</strong></span> <span class='ocrx_word' id='word_1_415' title='bbox 867 2495 901 2545; x_wconf 90' lang='lat' dir='ltr'><strong>ab</strong></span> <span class='ocrx_word' id='word_1_416' title='bbox 920 2493 959 2548; x_wconf 72' lang='lat' dir='ltr'><strong>ei5</strong></span> <span class='ocrx_word' id='word_1_417' title='bbox 979 2494 1104 2559; x_wconf 89' lang='lat' dir='ltr'><strong>lapidato.</strong></span> <span class='ocrx_word' id='word_1_418' title='bbox 1123 2495 1181 2545; x_wconf 88' lang='lat' dir='ltr'><strong>Hoc</strong></span> 
     </span>
     <span class='ocr_line' id='line_1_86' title="bbox 650 2564 1185 2624; baseline 0.006 -10"><span class='ocrx_word' id='word_1_419' title='bbox 650 2574 738 2614; x_wconf 88' lang='lat' dir='ltr'><strong>autem</strong></span> <span class='ocrx_word' id='word_1_420' title='bbox 764 2564 863 2614; x_wconf 89' lang='lat' dir='ltr'><strong>facturn</strong></span> <span class='ocrx_word' id='word_1_421' title='bbox 884 2574 931 2624; x_wconf 88' lang='lat' dir='ltr'><strong>est,</strong></span> <span class='ocrx_word' id='word_1_422' title='bbox 956 2570 985 2615; x_wconf 86' lang='lat' dir='ltr'><strong>ut</strong></span> <span class='ocrx_word' id='word_1_423' title='bbox 1007 2579 1095 2616; x_wconf 87' lang='lat' dir='ltr'><strong>sermo</strong></span> <span class='ocrx_word' id='word_1_424' title='bbox 1116 2567 1185 2617; x_wconf 86' lang='lat' dir='ltr'><strong>Jesu</strong></span> 
     </span>
     <span class='ocr_line' id='line_1_87' title="bbox 650 2635 1185 2704; baseline 0.006 -20"><span class='ocrx_word' id='word_1_425' title='bbox 650 2635 805 2700; x_wconf 80' lang='lat' dir='ltr'><strong>impleretur</strong></span> <span class='ocrx_word' id='word_1_426' title='bbox 823 2650 898 2700; x_wconf 85' lang='lat' dir='ltr'><strong>quem</strong></span> <span class='ocrx_word' id='word_1_427' title='bbox 920 2635 1007 2700; x_wconf 85' lang='lat' dir='ltr'><strong>dixit,</strong></span> <span class='ocrx_word' id='word_1_428' title='bbox 1024 2637 1185 2704; x_wconf 81' lang='lat' dir='ltr'><strong>sfgnificans</strong></span> 
     </span>
     <span class='ocr_line' id='line_1_88' title="bbox 649 2707 1186 2772; baseline 0.002 -16"><span class='ocrx_word' id='word_1_429' title='bbox 649 2721 702 2772; x_wconf 83' lang='lat' dir='ltr'><strong>qua</strong></span> <span class='ocrx_word' id='word_1_430' title='bbox 718 2713 802 2757; x_wconf 85' lang='lat' dir='ltr'><strong>morte</strong></span> <span class='ocrx_word' id='word_1_431' title='bbox 815 2713 885 2758; x_wconf 83' lang='lat' dir='ltr'><strong>esset</strong></span> <span class='ocrx_word' id='word_1_432' title='bbox 898 2708 1053 2769; x_wconf 83' lang='lat' dir='ltr'><strong>moriturus,</strong></span> <span class='ocrx_word' id='word_1_433' title='bbox 1067 2707 1094 2756; x_wconf 95' lang='lat' dir='ltr'><strong>id</strong></span> <span class='ocrx_word' id='word_1_434' title='bbox 1109 2717 1149 2758; x_wconf 91' lang='lat' dir='ltr'><strong>est</strong></span> <span class='ocrx_word' id='word_1_435' title='bbox 1170 2721 1186 2757; x_wconf 94' lang='lat' dir='ltr'><strong>a</strong></span> 
     </span>
     <span class='ocr_line' id='line_1_89' title="bbox 650 2776 1186 2844; baseline -0.004 -16"><span class='ocrx_word' id='word_1_436' title='bbox 650 2777 760 2844; x_wconf 89' lang='lat' dir='ltr'><strong>quibus,</strong></span> <span class='ocrx_word' id='word_1_437' title='bbox 785 2780 840 2827; x_wconf 89' lang='lat' dir='ltr'><strong>non</strong></span> <span class='ocrx_word' id='word_1_438' title='bbox 862 2777 935 2828; x_wconf 89' lang='lat' dir='ltr'><strong>enim</strong></span> <span class='ocrx_word' id='word_1_439' title='bbox 960 2787 1073 2827; x_wconf 90' lang='lat' dir='ltr'><strong>mortem</strong></span> <span class='ocrx_word' id='word_1_440' title='bbox 1100 2776 1186 2827; x_wconf 87' lang='lat' dir='ltr'><strong>crucis</strong></span> 
     </span>
     <span class='ocr_line' id='line_1_90' title="bbox 651 2847 1186 2914; baseline -0.006 -16"><span class='ocrx_word' id='word_1_441' title='bbox 651 2848 695 2899; x_wconf 92' lang='lat' dir='ltr'><strong>hic</strong></span> <span class='ocrx_word' id='word_1_442' title='bbox 708 2848 866 2914; x_wconf 56' lang='lat' dir='ltr'><strong>,significan</strong></span> <span class='ocrx_word' id='word_1_443' title='bbox 894 2850 940 2899; x_wconf 92' lang='lat' dir='ltr'><strong>sed</strong></span> <span class='ocrx_word' id='word_1_444' title='bbox 968 2848 1033 2914; x_wconf 87' lang='lat' dir='ltr'><strong>quia</strong></span> <span class='ocrx_word' id='word_1_445' title='bbox 1054 2863 1069 2896; x_wconf 89' lang='lat' dir='ltr'><strong>a</strong></span> <span class='ocrx_word' id='word_1_446' title='bbox 1091 2847 1186 2897; x_wconf 89' lang='lat' dir='ltr'><strong>Genti-</strong></span> 
     </span>
     <span class='ocr_line' id='line_1_91' title="bbox 651 2916 1185 2982; baseline -0.009 -13"><span class='ocrx_word' id='word_1_447' title='bbox 651 2920 701 2969; x_wconf 92' lang='lat' dir='ltr'><strong>bus</strong></span> <span class='ocrx_word' id='word_1_448' title='bbox 716 2929 785 2969; x_wconf 86' lang='lat' dir='ltr'><strong>esset</strong></span> <span class='ocrx_word' id='word_1_449' title='bbox 798 2918 955 2980; x_wconf 87' lang='lat' dir='ltr'><strong>moriturus,</strong></span> <span class='ocrx_word' id='word_1_450' title='bbox 972 2928 998 2967; x_wconf 90' lang='lat' dir='ltr'><strong>et</strong></span> <span class='ocrx_word' id='word_1_451' title='bbox 1012 2917 1083 2982; x_wconf 91' lang='lat' dir='ltr'><strong>quod</strong></span> <span class='ocrx_word' id='word_1_452' title='bbox 1099 2916 1185 2966; x_wconf 88' lang='lat' dir='ltr'><strong>Judaei</strong></span> 
     </span>
     <span class='ocr_line' id='line_1_92' title="bbox 650 2988 1182 3043; baseline -0.008 0"><span class='ocrx_word' id='word_1_453' title='bbox 650 3007 712 3043; x_wconf 87' lang='lat' dir='ltr'><strong>eum</strong></span> <span class='ocrx_word' id='word_1_454' title='bbox 733 2991 848 3041; x_wconf 88' lang='lat' dir='ltr'><strong>fuIssent</strong></span> <span class='ocrx_word' id='word_1_455' title='bbox 863 2991 996 3041; x_wconf 91' lang='lat' dir='ltr'><strong>Gentibus</strong></span> <span class='ocrx_word' id='word_1_456' title='bbox 1009 2988 1133 3039; x_wconf 89' lang='lat' dir='ltr'><strong>tradituri</strong></span> <span class='ocrx_word' id='word_1_457' title='bbox 1150 2988 1182 3039; x_wconf 91' lang='lat' dir='ltr'><strong>ad</strong></span> 
     </span>
     <span class='ocr_line' id='line_1_93' title="bbox 650 3060 1183 3126; baseline -0.004 -13"><span class='ocrx_word' id='word_1_458' title='bbox 650 3063 843 3122; x_wconf 89' lang='lat' dir='ltr'><strong>illudendum,</strong></span> <span class='ocrx_word' id='word_1_459' title='bbox 870 3073 896 3112; x_wconf 89' lang='lat' dir='ltr'><strong>et</strong></span> <span class='ocrx_word' id='word_1_460' title='bbox 927 3060 1126 3126; x_wconf 88' lang='lat' dir='ltr'><strong>flagellandum,</strong></span> <span class='ocrx_word' id='word_1_461' title='bbox 1156 3071 1183 3112; x_wconf 87' lang='lat' dir='ltr'><strong>et</strong></span> 
     </span>
     <span class='ocr_line' id='line_1_94' title="bbox 650 3131 1184 3202; baseline -0.009 -16"><span class='ocrx_word' id='word_1_462' title='bbox 650 3135 882 3202; x_wconf 88' lang='lat' dir='ltr'><strong>crucifigendum:</strong></span> <span class='ocrx_word' id='word_1_463' title='bbox 900 3134 958 3183; x_wconf 85' lang='lat' dir='ltr'><strong>haec</strong></span> <span class='ocrx_word' id='word_1_464' title='bbox 974 3131 1049 3183; x_wconf 88' lang='lat' dir='ltr'><strong>enim</strong></span> <span class='ocrx_word' id='word_1_465' title='bbox 1064 3131 1114 3182; x_wconf 89' lang='lat' dir='ltr'><strong>tria</strong></span> <span class='ocrx_word' id='word_1_466' title='bbox 1127 3132 1184 3182; x_wconf 90' lang='lat' dir='ltr'><strong>Do-</strong></span> 
     </span>
     <span class='ocr_line' id='line_1_95' title="bbox 651 3201 1185 3268; baseline -0.006 -12"><span class='ocrx_word' id='word_1_467' title='bbox 651 3206 741 3256; x_wconf 90' lang='lat' dir='ltr'><strong>minus</strong></span> <span class='ocrx_word' id='word_1_468' title='bbox 761 3221 777 3256; x_wconf 89' lang='lat' dir='ltr'><strong>a</strong></span> <span class='ocrx_word' id='word_1_469' title='bbox 792 3205 926 3256; x_wconf 89' lang='lat' dir='ltr'><strong>Gentibus</strong></span> <span class='ocrx_word' id='word_1_470' title='bbox 939 3213 980 3254; x_wconf 92' lang='lat' dir='ltr'><strong>est</strong></span> <span class='ocrx_word' id='word_1_471' title='bbox 994 3218 1098 3268; x_wconf 90' lang='lat' dir='ltr'><strong>passus.</strong></span> <span class='ocrx_word' id='word_1_472' title='bbox 1114 3201 1185 3262; x_wconf 86' lang='lat' dir='ltr'><strong>QuIa</strong></span> 
     </span>
     <span class='ocr_line' id='line_1_96' title="bbox 651 3274 1185 3342; baseline -0.006 -15"><span class='ocrx_word' id='word_1_473' title='bbox 651 3277 725 3327; x_wconf 89' lang='lat' dir='ltr'><strong>enim</strong></span> <span class='ocrx_word' id='word_1_474' title='bbox 743 3274 859 3342; x_wconf 91' lang='lat' dir='ltr'><strong>propriis</strong></span> <span class='ocrx_word' id='word_1_475' title='bbox 887 3274 1012 3325; x_wconf 89' lang='lat' dir='ltr'><strong>manibus</strong></span> <span class='ocrx_word' id='word_1_476' title='bbox 1040 3274 1185 3324; x_wconf 91' lang='lat' dir='ltr'><strong>noluerunt</strong></span> 
     </span>
     <span class='ocr_line' id='line_1_97' title="bbox 651 3345 1219 3412; baseline -0.005 -14"><span class='ocrx_word' id='word_1_477' title='bbox 651 3363 713 3398; x_wconf 91' lang='lat' dir='ltr'><strong>eum</strong></span> <span class='ocrx_word' id='word_1_478' title='bbox 742 3347 897 3408; x_wconf 88' lang='lat' dir='ltr'><strong>interficere,</strong></span> <span class='ocrx_word' id='word_1_479' title='bbox 922 3357 953 3397; x_wconf 92' lang='lat' dir='ltr'><strong>ut</strong></span> <span class='ocrx_word' id='word_1_480' title='bbox 972 3346 1010 3396; x_wconf 88' lang='lat' dir='ltr'><strong>sic</strong></span> <span class='ocrx_word' id='word_1_481' title='bbox 1029 3345 1076 3412; x_wconf 88' lang='lat' dir='ltr'><strong>qui</strong></span> <span class='ocrx_word' id='word_1_482' title='bbox 1098 3345 1184 3410; x_wconf 88' lang='lat' dir='ltr'><strong>magis</strong></span> <span class='ocrx_word' id='word_1_483' title='bbox 1217 3364 1219 3368; x_wconf 55' lang='lat'><em>⁴</em></span> 
     </span>
     <span class='ocr_line' id='line_1_98' title="bbox 651 3417 1184 3486; baseline -0.008 -16"><span class='ocrx_word' id='word_1_484' title='bbox 651 3420 795 3486; x_wconf 88' lang='lat' dir='ltr'><strong>peccabant</strong></span> <span class='ocrx_word' id='word_1_485' title='bbox 808 3418 885 3484; x_wconf 90' lang='lat' dir='ltr'><strong>quasi</strong></span> <span class='ocrx_word' id='word_1_486' title='bbox 898 3417 978 3468; x_wconf 88' lang='lat' dir='ltr'><strong>alieni</strong></span> <span class='ocrx_word' id='word_1_487' title='bbox 991 3426 1082 3467; x_wconf 89' lang='lat' dir='ltr'><strong>essent</strong></span> <span class='ocrx_word' id='word_1_488' title='bbox 1095 3432 1111 3466; x_wconf 90' lang='lat' dir='ltr'><strong>a</strong></span> <span class='ocrx_word' id='word_1_489' title='bbox 1124 3431 1184 3467; x_wconf 92' lang='lat' dir='ltr'><strong>sce-</strong></span> 
     </span>
     <span class='ocr_line' id='line_1_99' title="bbox 651 3489 1184 3558; baseline -0.009 -16"><span class='ocrx_word' id='word_1_490' title='bbox 651 3495 704 3543; x_wconf 91' lang='lat' dir='ltr'><strong>lere</strong></span> <span class='ocrx_word' id='word_1_491' title='bbox 715 3509 722 3558; x_wconf 88' lang='grc'><strong>;</strong></span> <span class='ocrx_word' id='word_1_492' title='bbox 737 3492 865 3557; x_wconf 88' lang='lat' dir='ltr'><strong>impletus</strong></span> <span class='ocrx_word' id='word_1_493' title='bbox 876 3500 917 3541; x_wconf 90' lang='lat' dir='ltr'><strong>est</strong></span> <span class='ocrx_word' id='word_1_494' title='bbox 928 3505 1018 3539; x_wconf 91' lang='lat' dir='ltr'><strong>sermo</strong></span> <span class='ocrx_word' id='word_1_495' title='bbox 1027 3489 1090 3539; x_wconf 90' lang='lat' dir='ltr'><strong>Jesu</strong></span> <span class='ocrx_word' id='word_1_496' title='bbox 1102 3503 1184 3555; x_wconf 89' lang='lat' dir='ltr'><strong>quem</strong></span> 
     </span>
     <span class='ocr_line' id='line_1_100' title="bbox 651 3559 1186 3626; baseline -0.009 -13"><span class='ocrx_word' id='word_1_497' title='bbox 651 3564 684 3613; x_wconf 92' lang='lat' dir='ltr'><strong>de</strong></span> <span class='ocrx_word' id='word_1_498' title='bbox 706 3577 754 3613; x_wconf 93' lang='lat' dir='ltr'><strong>sua</strong></span> <span class='ocrx_word' id='word_1_499' title='bbox 778 3571 864 3611; x_wconf 88' lang='lat' dir='ltr'><strong>morte</strong></span> <span class='ocrx_word' id='word_1_500' title='bbox 883 3559 1017 3626; x_wconf 78' lang='lat' dir='ltr'><strong>praedixit,</strong></span> <span class='ocrx_word' id='word_1_501' title='bbox 1042 3569 1072 3608; x_wconf 93' lang='lat' dir='ltr'><strong>ut</strong></span> <span class='ocrx_word' id='word_1_502' title='bbox 1100 3559 1186 3609; x_wconf 84' lang='lat' dir='ltr'><strong>alu-</strong></span> 
     </span>
     <span class='ocr_line' id='line_1_101' title="bbox 651 3629 1186 3685; baseline -0.009 -1"><span class='ocrx_word' id='word_1_503' title='bbox 651 3634 717 3685; x_wconf 85' lang='lat' dir='ltr'><strong>daeis</strong></span> <span class='ocrx_word' id='word_1_504' title='bbox 744 3633 857 3684; x_wconf 84' lang='lat' dir='ltr'><strong>traditus</strong></span> <span class='ocrx_word' id='word_1_505' title='bbox 873 3632 1037 3684; x_wconf 89' lang='lat' dir='ltr'><strong>occideretur</strong></span> <span class='ocrx_word' id='word_1_506' title='bbox 1057 3629 1186 3682; x_wconf 89' lang='lat' dir='ltr'><strong>aGenti-</strong></span> 
     </span>
     <span class='ocr_line' id='line_1_102' title="bbox 653 3708 1127 3766; baseline 0.019 -9"><span class='ocrx_word' id='word_1_507' title='bbox 653 3708 713 3758; x_wconf 93' lang='lat' dir='ltr'><strong>bus.</strong></span> <span class='ocrx_word' id='word_1_508' title='bbox 1123 3756 1127 3766; x_wconf 94' lang='lat'><strong>.</strong></span> 
     </span>
    </p>

    <p class='ocr_par' dir='ltr' id='par_1_8' title="bbox 683 3776 1183 3845">
     <span class='ocr_line' id='line_1_103' title="bbox 683 3776 1183 3845; baseline -0.008 -18"><span class='ocrx_word' id='word_1_509' title='bbox 683 3794 700 3845; x_wconf 84' lang='lat'>9</span> <span class='ocrx_word' id='word_1_510' title='bbox 714 3778 807 3828; x_wconf 73' lang='lat' dir='ltr'><strong>Fausta</strong></span> <span class='ocrx_word' id='word_1_511' title='bbox 822 3776 970 3827; x_wconf 75' lang='lat' dir='ltr'><strong>quuonuu</strong></span> <span class='ocrx_word' id='word_1_512' title='bbox 982 3784 1183 3825; x_wconf 74' lang='lat' dir='ltr'><strong>recusationes.</strong></span> 
     </span>
    </p>
   </div>
   <div class='ocr_carea' id='block_1_8' title="bbox 1058 3887 1071 3939">
    <p class='ocr_par' dir='ltr' id='par_1_9' title="bbox 1058 3887 1071 3939">
     <span class='ocr_line' id='line_1_104' title="bbox 1058 3887 1071 3939; baseline 0 0"><span class='ocrx_word' id='word_1_513' title='bbox 1058 3887 1071 3939; x_wconf 89' lang='lat'><strong>5</strong></span> 
     </span>
    </p>
   </div>
   <div class='ocr_carea' id='block_1_9' title="bbox 0 0 1321 4328">
    <p class='ocr_par' dir='ltr' id='par_1_10' title="bbox 0 0 1321 4328">
     <span class='ocr_line' id='line_1_105' title="bbox 0 0 1321 4328; baseline 0 0"><span class='ocrx_word' id='word_1_514' title='bbox 0 0 1321 4328; x_wconf 95' lang='lat' dir='ltr'><strong> </strong></span> 
     </span>
    </p>
   </div>
  </div>
 </body>
</html>
