2626 4328
478 54 489 109 l

295 231 495 285 caudunum
512 230 609 282 mutu
625 187 858 281 atalenum)
874 231 962 284 ElUS.
987 261 988 265 =

1134 233 1189 285 dua

453 695 620 765 CAPUT
643 694 828 764 LXXXIX

308 971 500 1043 Conclusio·
518 974 607 1043 libri
629 986 665 1044 et.
685 974 849 1065 signatio»
867 977 949 1060 aas.

105 1248 113 1280 1
136 1232 291 1281 Pramnio
313 1247 452 1283 aucturus.
468 1262 498 1270 -
513 1233 603 1284 Habes

70 1304 153 1370 igitur
175 1319 207 1353 ex
231 1304 364 1368 predictis
387 1305 471 1356 vitam
491 1306 602 1356 Domini

73 1373 157 1423 nostri
172 1375 234 1423 lesu
250 1374 362 1439 Christi,
382 1377 604 1443 qualitercunque

72 1447 251 1511 descriptam,
279 1456 304 1496 et
331 1464 380 1512 pro
405 1465 502 1515 magna
529 1459 606 1515 parte

632 1197 635 1201 Ι
657 1238 705 1289 per
726 1221 801 1288 quod
821 1221 923 1287 poteris
946 1234 1077 1288 magnum
1101 1220 1190 1272 aedili-

657 1295 730 1344 cium
760 1303 915 1344 construere
940 1310 946 1344 :
976 1305 1002 1344 et
1029 1295 1065 1343 ab=
1089 1294 1145 1344 hoc
1162 1304 1192 1346 te

657 1374 764 1431 oportet
782 1364 907 1430 incipere,
933 1366 958 1416 si
975 1366 1010 1416 ad
1030 1364 1192 1416 sublimiora

656 1438 895 1488 visconscendere.

73 1517 295 1567 meditationibus
326 1517 376 1567 tibi
402 1519 546 1581 traditam,
574 1519 604 1570 tn
648 1513 661 1546 ⁸
689 1509 1191 1560 inmrrirromvrmcmrsnnm-

72 1603 135 1653 qua,
148 1598 176 1636 et
189 1603 236 1652 per
250 1603 342 1652 quam,
359 1604 409 1638 nos
423 1590 536 1640 miseros
549 1589 605 1640 rni-

72 1659 146 1708 rifice
161 1660 324 1710 consolando
347 1659 455 1721 refovet,
480 1671 506 1711 et
528 1677 606 1728 spem

72 1731 151 1780 nobis
160 1731 344 1796 peccatoribus
354 1747 480 1797 magnam
495 1733 603 1798 pmbet‘.

72 1805 140 1853 Nam
158 1820 206 1869 pro
222 1805 404 1869 peccatoribus
417 1815 457 1856 est
481 1806 605 1856 incarna-

72 1883 125 1934 tus,
148 1885 174 1924 et
196 1890 258 1924 cum
284 1876 468 1939 peccatoribus
489 1876 608 1926 libenter

71 1955 268 2009 conversatus3
298 1961 346 2010 pro
370 1946 438 2012 ipsis
466 1948 548 1998 etiam
575 1948 605 1997 irr

72 2026 158 2065 morte
180 2031 271 2080 preces
292 2016 414 2078 fundere,
443 2029 469 2069 et
494 2019 606 2069 tandem

72 2100 121 2150 pro
138 2084 238 2134 talibus
258 2086 328 2134 mori
346 2103 402 2146 non
419 2098 462 2138 est
473 2087 605 2153 dedigna-

72 2169 125 2207 tus.
154 2158 243 2208 Habes
268 2159 370 2224 quippe
395 2161 607 2210 meditationum

72 2228 254 2294 spiritualium
270 2230 493 2291 seminarium,ex
504 2232 605 2298 quibus

73 2299 102 2348 in
117 2309 143 2347 te
161 2298 247 2349 divini
268 2301 368 2351 amoris
382 2300 486 2352 fructus
496 2302 609 2352 uberior

73 2369 175 2418 oriatur
190 2379 216 2420 et
230 2380 331 2420 crescat
343 2387 350 2420 ε
364 2381 395 2421 ut
409 2373 547 2422 meditatio
563 2371 606 2422 af-

73 2440 172 2490 lectum
186 2442 291 2504 excitet,
315 2443 423 2493 affectus
441 2444 609 2494 desiderium

74 2512 168 2577 pariat,
182 2513 347 2563 desiderium
366 2515 498 2580 lacrymas
514 2525 606 2578 extor-

74 2595 184 2650 queat:
207 2596 238 2636 ut
261 2589 319 2635 sint
339 2585 390 2636 tibi
402 2588 534 2657 'lacrymae
555 2598 608 2640 tua

74 2669 157 2719 panes
175 2655 221 2704 die
232 2671 262 2705 ac
280 2665 365 2715 nocte,
380 2657 466 2707 donec
480 2673 609 2724 appareas

74 2725 100 2774 in
113 2736 258 2790 conspectu
267 2726 381 2776 Domini
390 2727 463 2788 lesu,
477 2739 506 2778 et
519 2729 608 2779 susci-

73 2794 157 2858 piaris
173 2796 205 2844 ab
220 2795 388 2860 amplexibus
401 2799 467 2861 ejus,
481 2799 622 2866 dicasque

74 2867 226 2932 illudquod
240 2869 372 2933 scriptum
382 2869 461 2919 estin
472 2869 610 2922 Canticis:
638 2878 641 2893 ’

73 2936 198 2988 Dilectus
219 2953 293 2989 meus
310 2941 383 3003 milri,
402 2947 428 2990 et
442 2955 494 3006 ego
506 2942 548 2992 illi
556 2960 607 3006 a...

75 3007 145 3056 inler
162 3009 245 3058 ubera
262 3023 328 3071 meo,
350 3010 378 3059 id
399 3019 439 3060 est
455 3011 612 3063 affectiones

74 3091 159 3137 meas,
168 3080 389 3130 commorabitur.
397 3081 475 3131 Unde
488 3083 612 3133 Bernar-

74 3148 126 3197 dus
139 3167 147 3199 .·
161 3168 176 3196 a
191 3151 233 3200 Sit
252 3152 340 3202 dulcis
358 3163 384 3203 et
399 3154 490 3204 suavis
503 3154 612 3206 aflectui

74 3220 210 3271 Dominus
222 3234 315 3273 contra
326 3225 406 3275 malae
411 3225 508 3292 utique
519 3227 610 3277 dulcm

74 3291 137 3342 vitae
158 3295 272 3346 carnalis
293 3297 449 3362 illecebras3
474 3307 500 3349 et
522 3298 613 3351 vincat

73 3361 248 3413 dulcedinem
277 3367 400 3431 dulcedo,
429 3369 610 3435 quemadmo-

76 3431 141 3480 dum
153 3434 261 3484 clavum
274 3437 365 3487 clarus
378 3439 489 3504 expellit
502 3456 508 3488 :
525 3459 538 3485 n
554 3440 613 3490 haec

75 3504 244 3557 Bernardus.
257 3508 369 3574 suscipe
382 3509 475 3576 itaque
484 3525 610 3562 reveren-

75 3582 114 3621 ter
131 3584 158 3623 et
171 3577 319 3640 gaudenter
335 3580 470 3644 pradicta,
485 3590 514 3630 et
528 3579 613 3630 ineis

73 3646 174 3694 versari
201 3664 256 3697 non
274 3649 415 3715 pigriteris·
426 3651 613 3702 sollicitudine

74 3726 100 3763 et
116 3715 260 3769 devotione
287 3729 368 3770 tota:
396 3721 464 3787 quia
486 3722 547 3772 haec
569 3731 613 3773 est

657 1599 733 1634 cuno.
748 1611 780 1620 -
794 1583 863 1632 llam
873 1583 1001 1633 haecvitae
1014 1584 1076 1633 lesu
1087 1582 1193 1634 Christi

659 1656 808 1717 meditatio,
825 1672 880 1706 non
893 1657 982 1707 solum
997 1672 1044 1723 pet
1060 1672 1089 1706 se
1102 1656 1192 1707 dulci-

657 1738 699 1780 ter
712 1731 798 1796 pascit
806 1769 815 1793 ,
834 1731 979 1781 sedetiam
1001 1731 1034 1780 ad
1058 1732 1195 1796 majorem.

659 1799 751 1851 cibum
773 1799 942 1850 transmittit.
960 1801 1024 1850 llaec
1037 1803 1108 1850 enirn
1127 1809 1195 1850 sunt

658 1886 721 1936 quae
730 1871 866 1921 Dominus
872 1871 950 1920 lesus
961 1871 1046 1936 gessit
1054 1871 1083 1920 in
1095 1886 1194 1935 carne;

659 1944 705 1993 sed
734 1944 814 2008 longe
839 1942 985 1992 sublimius
1011 1951 1052 1993 est
1077 1959 1140 1993 eum
1162 1942 1195 1994 in

659 2015 768 2081 spiritu,
781 2012 893 2075 intueri,
907 2015 940 2065 ad
962 2017 1035 2080 quod
1051 2031 1097 2080 per
1123 2017 1213 2066 hanel

660 2088 761 2138 scalam
790 2085 893 2152 poteris
918 2087 1064 2152 pervenire,
1092 2087 1140 2136 sed
1165 2087 1195 2136 in

659 2159 710 2208 hac
723 2157 832 2208 interim
848 2166 954 2222 oportet
971 2157 1121 2207 immorari.
1137 2157 1192 2206 Nec

655 2239 750 2296 ¹tamen
767 2228 815 2294 qui
831 2227 863 2276 ad
879 2228 1008 2291 majorem
1024 2227 1196 2291 contempla-

660 2301 763 2350 tionem
790 2300 948 2359 ascendum,
972 2299 1042 2349 hanc
1058 2298 1198 2348 dimittere.

661 2372 760 2421 d'ebent
776 2387 825 2436 pto
850 2373 909 2421 loco
936 2382 964 2422 et
977 2381 1108 2436 tempore,
1129 2370 1196 2438 quia

661 2443 715 2507 hoc
727 2453 797 2492 esset
811 2457 917 2507 magnae
934 2443 1156 2508 presumptionis
1168 2452 1198 2492 et

661 2513 804 2579 superbiae.
833 2513 912 2563 Unde
943 2514 1117 2576 Bernartius,
1146 2513 1198 2581 qui

662 2585 857 2650 contemplator
877 2584 1026 2635 altissimus
1050 2583 1111 2646 fuit,
1124 2585 1199 2634 hanc·

662 2670 802 2720 nunquam
833 2655 947 2716 dimisit,
965 2666 1044 2722 prout
1068 2670 1150 2721 supra
1166 2655 1198 2704 itt

663 2726 794 2791 prooemio
808 2727 899 2776 videre
924 2727 987 2793 quis
1009 2725 1116 2791 poterit.
1133 2725 1199 2774 H'aec

662 2800 763 2866 quippe
787 2800 895 2850 dulcius
920 2801 998 2866 sapit,
1014 2816 1043 2850 ac
1058 2798 1199 2863 „fiduciam

663 2880 690 2920 et
719 2871 933 2920 consolationem
961 2871 1048 2936 magis
1089 2867 1197 2919 tribuit.
1279 2890 1281 2894 ⁴

663 2940 741 2990 Unde
750 2940 911 2991 anselmus:
923 2959 936 2986 u
950 2941 1013 2990 lesu
1023 2941 1103 3000 bone,
1113 2953 1199 3004 quam

663 3011 751 3062 dulcis
768 3027 800 3062 es
814 3011 843 3061 in
863 3012 942 3062 corde
955 3011 1099 3078 cogitantis
1114 3011 1200 3071 dete,

663 3093 689 3134 et
715 3084 855 3150 diligentis
882 3094 917 3135 te.
941 3085 977 3135 Et
999 3096 1069 3136 certe
1096 3082 1200 3144 nescio,

663 3155 728 3221 quia
745 3170 795 3205 nec
809 3155 887 3220 plene
898 3156 1125 3221 comprehendere
1148 3170 1198 3207 aa·

663 3229 715 3288 leo,
729 3227 801 3278 unde
815 3237 855 3278 est
877 3227 928 3278 hoc
942 3245 948 3277 :
962 3229 1038 3295 quodss
1049 3227 1154 3278 dulcior
1169 3242 1201 3279 es·

664 3299 693 3348 in
717 3300 798 3348 corde
820 3298 958 3364 diligentis
980 3309 1018 3359 te,
1034 3299 1063 3349 in
1077 3315 1108 3350 eo
1123 3298 1201 3364 quod

664 3384 724 3420 caro
738 3383 781 3429 es,
789 3383 871 3434 quam
884 3368 913 3418 in
924 3384 955 3419 eo
969 3369 1042 3434 quod
1055 3369 1201 3433 Verbum.;

640 3478 643 3485 -
663 3441 770 3493 dulcior
786 3441 815 3491 in
836 3457 867 3491 eo
889 3443 962 3508 quod
977 3441 1101 3503 humilis,
1114 3457 1201 3508 quam

663 3513 693 3562 in
709 3527 740 3562 eo
753 3512 825 3577 quod
837 3511 974 3562 sublimis.
985 3512 1127 3578 Siquidem
1141 3513 1200 3563 lorr-

663 3601 696 3652 ge
709 3584 815 3650 dulcius
834 3594 875 3634 est
899 3584 1037 3635 memoriae
1059 3585 1203 3651 diligentis

639 3669 698 3717 ite,
721 3656 812 3707 videre
837 3665 863 3706 te
886 3671 918 3705 ex
941 3657 1024 3707 Matre
1042 3656 1157 3723 Virgine
1170 3656 1202 3706 io.

662 3731 787 3794 ternpore
799 3737 900 3791 natum,
917 3743 1000 3794 quam
1011 3728 1037 3778 in
1052 3726 1200 3794 splendori-

74 3787 130 3838 vita
143 3799 198 3854 tua,
214 3790 545 3845 hocestlundamentum
560 3810 609 3846 su·
639 3782 711 3850 ilus
742 3799 910 3849 Stritclorumv
931 3805 997 3849 ante·
1018 3798 1161 3864 luctfferum
1183 3811 1200 3847 a
1274 3794 1276 3798 ’
