2626 4328
141 274 192 322 ino

139 389 317 453 interrogans,
334 387 372 437 ait
387 386 426 437 illi
441 404 448 436 z
461 384 567 453 Adjrtro
578 390 605 434 te
622 397 673 449 per

140 462 226 510 mann
241 459 345 518 aivum
364 463 394 508 ut
412 457 489 507 dicar
507 455 583 506 nobis
600 455 627 505 si
641 461 674 505 :tu

141 529 305 580 erClrristus
320 528 420 589 Filius,
441 527 545 576 scilicet
566 534 675 575 natura-

142 603 186 665 lis,
207 600 260 652 Dei
266 599 427 650 iamdicti?
439 598 496 659 Qui
504 599 541 649 ad
553 613 614 649 eum
629 612 675 647 ca-

144 674 272 740 piendum
300 671 379 738 quasi
403 672 534 721 latronem
556 669 675 725 miserat,

144 759 216 794 nunc
230 744 263 792 de
286 742 360 792 furto
376 751 402 791 et
414 741 592 807 usurpatione
616 738 676 789 dei·

143 816 204 866 tatis
218 815 365 877 examinat3
388 830 443 863 non
463 824 556 863 tarnen
569 811 675 862 ‘verita-

142 901 197 940 tem
209 884 259 935 uei
270 884 413 944 desiderat,
423 884 469 934 sed
484 884 570 949 magis
578 882 677 933 calum·

143 955 218 1005 niam
240 963 324 1020 parat.
351 955 392 1003 Ad
414 954 466 1004 hoc
487 963 577 1003 autem
600 953 677 1002 iesus

143 1023 292 1089 respondit,
312 1033 420 1088 propter
434 1022 610 1073 reverentiam
632 1021 677 1070 di-

143 1096 199 1147 vini
221 1095 342 1146 nominis
360 1095 484 1146 invocati.
500 1095 534 1145 Et
550 1094 617 1145 dicit
635 1093 678 1142 itti

144 1168 248 1218 Jem:
266 1167 309 1217 Tu
323 1168 434 1230 dixisti,
450 1167 514 1233 qaia
534 1181 587 1231 ego
610 1179 677 1215 sum.

145 1238 291 1290 Veritatem
307 1238 346 1288 eis
361 1239 508 1305 respondit,
521 1249 552 1288 ut
561 1237 678 1288 inexcu—

144 1310 242 1361 sabiles
268 1321 367 1375 essent,
396 1321 425 1360 et
447 1326 481 1361 ne
505 1326 605 1360 nomen
628 1308 677 1360 Dei

144 1397 268 1447 spernere
288 1381 432 1431 videretur.
456 1382 492 1431 Et
512 1381 607 1446 adjecit
619 1380 677 1430 Do-

144 1455 236 1505 minus
259 1456 337 1505 lesus
374 1471 382 1504 ι
416 1455 601 1506 Verumtamen
618 1453 677 1504 dico

144 1528 219 1578 robis
234 1545 242 1577 ε
258 1526 363 1576 Amodo
375 1525 510 1588 videbilis,
521 1525 607 1576 oculis
622 1541 678 1575 cor·

145 1597 251 1663 porcis,
279 1595 381 1645 Filium
411 1595 543 1658 hominis,
576 1595 678 1645 scilicet

144 1682 197 1725 me,
220 1680 305 1732 quem
331 1665 413 1714 modo
438 1665 626 1724 contemnitis,
651 1674 679 1714 et

145 1728 329 1802 ignominiose
352 1737 480 1793 tractatis,
505 1736 533 1786 in
547 1737 592 1787 die
601 1736 678 1802 iudi-

145 1809 190 1867 cii,
213 1808 354 1870 radentem,
375 1817 406 1858 ut
421 1807 552 1870 iudicem,
566 1822 585 1857 a
606 1807 677 1857 dex-

146 1881 197 1930 tris
218 1879 338 1941 virtutis,
352 1879 381 1928 id
399 1889 440 1929 est
453 1878 611 1942 majestatis,
624 1877 678 1929 Dei

146 1950 241 2013 Patris,
258 1949 285 1999 id
306 1949 395 1999 estin
415 1949 565 2016 equalitate
579 1950 678 2015 etple-

145 2023 258 2073 nissima
274 2031 406 2087 potestate
427 2022 515 2073 Patris
531 2037 539 2069 :
554 2021 606 2071 hoc
627 2031 677 2081 est,

145 2095 292 2145 secundum
299 2094 511 2160 Hieronymum,
530 2093 560 2142 in
575 2093 629 2143 vita
639 2109 679 2143 re-

145 2177 271 2233 gnantem
284 2166 448 2232 sempiterna
458 2178 484 2216 ot
496 2166 597 2216 virtute
606 2165 678 2215 divi-

145 2256 187 2300 na,
205 2247 231 2291 et
254 2239 407 2301 veniarum,
427 2239 529 2289 scilicet
551 2240 584 2289 ad
607 2239 678 2303 judi-

144 2314 217 2364 cium
229 2312 378 2363 secundum
392 2312 510 2362 femiam
520 2312 677 2376 humanam,

146 2386 172 2434 in
193 2384 309 2434 aubibus
337 2383 417 2447 roett,
440 2383 514 2434 sieut
535 2383 678 2441 ascendit,

145 2458 191 2506 ubi
211 2457 318 2507 videbit
331 2473 400 2506 eum
420 2456 516 2506 omnis
534 2457 637 2517 oculus,
653 2466 680 2505 et

144 2527 193 2591 qui
204 2541 271 2576 eum
287 2537 473 2592 pupugerunt.
487 2526 572 2587 Quasi
584 2527 654 2576 dicat
671 2542 677 2574 :

146 2597 201 2645 Vos
221 2611 266 2646 me
283 2605 316 2645 ut
339 2612 438 2661 purum
455 2597 595 2646 hominem
612 2611 678 2646 cun-

145 2665 277 2728 temnit-is,
304 2676 332 2715 et
362 2666 440 2730 quasi
464 2665 581 2730 impium
611 2681 678 2715 con-

145 2735 292 2799 demnatis3
316 2736 362 2786 sed
383 2746 475 2786 tamen
492 2746 607 2801 propter
627 2737 680 2787 hoc

147 2823 191 2858 me
208 2809 356 2858 exaltatum
375 2823 457 2873 super
473 2823 573 2858 omnes
587 2810 678 2871 coelos,

145 2891 171 2932 et
183 2881 305 2932 iudicem
320 2880 455 2932 videbitis.

175 2969 193 3019 7
218 2953 336 3005 Qirms
368 2967 533 3003 vasrrrraura
556 2967 680 3004 scurnaus

147 3027 275 3075 Domuum
294 3040 464 3075 salernum
482 3040 636 3075 mammas.
648 3054 681 3062 -

151 3095 227 3145 Tunc
262 3096 390 3163 princeps
422 3095 605 3156 moerdotum,
632 3095 680 3161 qui

147 3176 297 3216 surrexerat
315 3167 349 3216 ¹in
369 3166 471 3227 furore,
487 3166 580 3233 magis
599 3166 681 3217 ‘insa-

149 3236 238 3295 uiens,
251 3237 332 3287 aoidt't
343 3237 500 3287 vestimenta
513 3252 576 3299 aaa,
586 3237 621 3287 in
631 3253 681 3288 ra-

149 3308 201 3367 bie,
212 3307 285 3372 quia,
300 3308 452 3358 secundnm
471 3308 584 3370 msam,
597 3324 681 3374 quem

147 3379 181 3428 de
194 3378 264 3429 solio
287 3379 443 3429 sacerdotali
461 3379 539 3430 furor
556 3395 682 3431 excusse-

148 3458 198 3511 rat,
212 3450 337 3500 eumdem
361 3451 449 3501 rabies
470 3451 504 3500 ad
524 3451 683 3504 scindendas

148 3532 234 3574 vestes
258 3533 394 3590 provocat.
417 3523 454 3573 Et
478 3523 509 3573 in
533 3524 586 3575 hoc
612 3524 682 3575 facto

148 3596 266 3663 Caiphes
282 3596 462 3661 prophetavit,
484 3597 609 3663 quamvis
624 3597 682 3665 ipse

151 3666 301 3717 nesciverit.
326 3668 371 3717 Bis
394 3667 466 3717 enirn
485 3667 608 3718 nesciens
622 3685 683 3734 pro-

150 3737 289 3802 phetavit,
320 3738 403 3788 semel
436 3739 539 3802 verbo,
571 3740 682 3806 quaudo

150 3807 219 3858 dixit
236 3825 242 3858 :
261 3808 386 3873 Expedit
402 3815 431 3858 ut
448 3824 515 3860 unas
526 3809 605 3860 homo
624 3824 681 3860 mo-

149 3881 239 3932 rietur
253 3895 306 3947 pro
321 3879 440 3946 populo,·
455 3883 537 3935 altera
555 3881 622 3948 vice,
638 3882 680 3934 fa-

448 268 625 320 Sh‘CUNiiAE
638 265 766 317 esuris
778 264 899 317 'CAPUT
916 268 970 318 Lx.

728 391 780 443 cto,
792 391 909 449 utpatct
923 382 953 433 in
969 383 1024 433 hoc
1046 385 1114 434 looo.
1139 382 1191 433 Per
1211 378 1264 437 hod

729 463 828 512 autem,
855 455 1004 504 secundum
1036 453 1240 521 rueramus
1251 492 1264 517 ,

729 524 848 575 ostendit
864 523 974 575 iudaeos
996 523 1188 575 sacerdotalem
1210 526 1267 593 glo-

729 594 797 645 riam
817 596 981 661 perdidisse;
995 596 1060 645 dum
1074 595 1148 645 enim
1161 606 1263 647 vestem

730 667 782 717 sibi
799 667 915 730 discidit,
930 667 1021 733 ipsum
1035 683 1093 734 quo
1112 668 1261 735 tegebatur,

729 742 913 791 velamentum
938 742 1017 807 Legis
1051 739 1157 806 abjecit.
1181 740 1263 791 'Unde

730 821 756 862 et
768 812 844 863 Beda
861 828 870 861 ε
885 810 1008 860 «Altiori
1026 819 1118 860 autem
1132 810 1265 877 materis

730 884 892 947 factumest,
914 893 944 934 ut
961 883 994 933 in
1010 882 1138 933 Passione
1151 882 1265 935 Domini

732 959 857 1011 Pontifex
869 958 1024 1008 iudaeorum
1039 956 1204 1009 vestimenta
1215 970 1265 1007 sua

731 1032 875 1090 scinderet,
905 1030 957 1079 hoc
991 1039 1031 1080 est
1059 1027 1173 1096 Epiros·
1202 1044 1263 1081 cum

732 1105 824 1157 tunica
845 1103 956 1154 Domini
988 1118 1036 1153 nec
1061 1103 1095 1153 ab
1118 1101 1188 1167 ipsis
1216 1102 1262 1169 qui

732 1192 795 1228 eum
823 1173 981 1226 crucifixere
1010 1172 1147 1223 militibus
1177 1170 1263 1223 sdndi

732 1247 859 1315 potuerit.
887 1245 1067 1311 Figurabatur
1093 1243 1166 1294 enim
1192 1242 1264 1309 quod

731 1318 910 1369 sacerdotium
931 1316 1097 1375 ludaeorum,
1116 1314 1263 1379 proscele·

731 1387 976 1456 ribus-pontificum
991 1396 1060 1436 esset
1075 1385 1263 1445 scindendum,

731 1469 757 1510 et
775 1475 791 1509 a
806 1468 877 1511 statu
900 1472 955 1506 suae
974 1455 1133 1523 integritatis
1156 1454 1264 1505 solven-

730 1532 796 1583 dum
821 1540 847 1581 et
866 1528 1058 1592 auferendum
1081 1542 1146 1577 cum
1168 1524 1266 1577 solidi·

731 1612 771 1653 tas
787 1600 923 1659 Ecclesiae,
938 1614 985 1649 seu
1008 1597 1079 1658 fidei,
1100 1611 1163 1663 quae
1182 1594 1265 1647 vestis
1306 1652 1309 1665 Ι

731 1672 779 1723 Dei
793 1672 861 1722 solet
875 1669 1012 1736 appellari,
1024 1683 1166 1734 nunquam
1179 1668 1265 1719 valeat
1306 1672 1309 1731 ξ

731 1742 828 1803 scindi,
846 1742 889 1792 vel
908 1738 1051 1805 disrumpi.
1069 1739 1128 1788 Hoc
1149 1746 1191 1788 est
1211 1737 1264 1803 jam
1305 1770 1309 1779 ·

731 1814 817 1864 oculis
837 1827 958 1870 cernere,
984 1810 1049 1877 quia
1071 1810 1198 1860 videmus
1215 1810 1269 1860 iu-

731 1887 805 1937 daeos
818 1884 959 1937 sacerdotii
974 1884 1089 1951 gloriam
1102 1881 1264 1949 perdidisse,

731 1956 862 2006 etsedem
879 1970 894 2004 a
912 1953 1073 2004 ceremoniis
1091 1968 1206 2002 vacuam
1220 1952 1269 2003 θεέ

733 2042 760 2076 se
767 2043 776 2091 ;
792 2025 943 2077 Ecclesiam
963 2039 1026 2073 vero
1046 2032 1072 2073 et
1089 2022 1175 2072 fidem
1200 2022 1268 2089 ejus,

731 2097 796 2162 quia
816 2111 897 2161 supra
913 2106 1016 2160 petram
1033 2093 1149 2143 fundata
1168 2102 1223 2152 est,
1239 2092 1267 2143 iu

731 2183 781 2219 sua
805 2166 940 2218 soliditate
965 2179 1120 2231 permanere
1143 2180 1150 2213 :
1173 2183 1188 2212 a
1207 2164 1267 2215 'naec

733 2238 818 2289 Beda.
833 2239 893 2286 idos
905 2236 1006 2303 quippe
1017 2246 1073 2286 erat
1083 2235 1185 2287 ludaeia
1199 2235 1268 2286 scin-

732 2312 794 2360 dere
812 2308 980 2366 vestimenta‚
996 2307 1024 2356 in
1041 2306 1150 2371 signum
1164 2306 1268 2357 doloris

732 2392 758 2433 et
778 2379 960 2431 detestationis
984 2377 1117 2438 criminis,
1131 2393 1194 2427 cum
1214 2376 1267 2428 ali-

732 2453 800 2521 quid
819 2450 1008 2517 ·blasphemiae,
1023 2460 1050 2499 et
1071 2449 1149 2516 quasi
1172 2458 1267 2501 contra

733 2528 821 2577 Deum
844 2525 1000 2586 audiebant,
1017 2522 1092 2572 sicut
1119 2523 1222 2575 Paulus
1241 2532 1268 2573 et

733 2598 868 2648 Barnabas
880 2595 1016 2646 sciderunt
1029 2602 1115 2643 vestes
1129 2608 1194 2643 cum
1214 2593 1268 2643 cul·

733 2680 763 2721 tu
774 2670 868 2720 divino
881 2683 911 2718 sc
925 2664 1055 2716 honorari
1064 2664 1201 2717 videbant.
1211 2666 1268 2717 Huc

733 2753 824 2794 autem
840 2752 894 2791 tam
908 2755 1019 2791 enorme
1033 2747 1182 2805 peccatum,
1196 2738 1269 2807 prin-

734 2831 795 2882 ceps
817 2814 983 2864 sacerdotum
1007 2811 1166 2876 imponebat
1187 2810 1268 2861 Chri·

735 2897 787 2947 sto,
807 2886 897 2936 &cens
919 2882 1116 2936 exclamando:
1132 2881 1269 2948 Blarpioe-

735 2959 827 3021 mavit,
834 2956 938 3008 scilicet
948 2953 1120 3005 attribuendo
1130 2953 1185 3004 sibi
1195 2952 1269 3020 quod

735 3033 783 3084 Dei
805 3040 853 3092 est,
874 3028 1047 3095 blasphemia
1066 3026 1140 3076 enim
1157 3035 1207 3085 m,
1225 3034 1270 3075 at-

735 3102 852 3156 tribuere
874 3111 1000 3151 creaturae
1020 3097 1094 3167 quod
1113 3094 1200 3149 solius
1215 3093 1269 3145 uei

735 3183 783 3235 est,
802 3172 844 3223 vel
868 3172 923 3222 Deo
942 3170 1015 3235 quod
1035 3167 1121 3219 solius
1143 3175 1270 3217 meatum

735 3256 784 3298 est.
805 3245 876 3307 Quid
899 3244 987 3294 adltrc
1006 3255 1114 3308 egemus
1133 3236 1275 3291 testibus?

737 3317 820 3377 Quasi
843 3315 941 3365 diceret
958 3330 966 3363 ε
985 3314 1035 3363 Pro
1057 3311 1147 3362 nihilo
1158 3309 1270 3361 labora-

736 3405 798 3440 mus
818 3387 964 3455 quaerendo
987 3395 1078 3436 testes.
1097 3384 1170 3435 Ecce
1192 3396 1270 3445 nunc,

736 3461 763 3510 id
789 3469 830 3509 est
854 3468 946 3523 aperto
969 3468 995 3508 et
1019 3470 1108 3507 coram
1131 3452 1271 3511 omnibus,

736 3531 854 3583 audistis
875 3529 1074 3596 blasphemiam.
1094 3526 1120 3575 Ο
1142 3525 1273 3575 miseret

737 3602 862 3668 princeps
880 3599 1011 3667 nequam!
1026 3598 1088 3647 Non
1104 3595 1174 3646 dixit
1186 3592 1272 3646 Chri-

736 3684 794 3723 stus
815 3670 1021 3738 blasphemiam,
1043 3667 1089 3718 sed
1109 3665 1271 3725 veritatem

736 3743 839 3810 tuipse
858 3741 1038 3808 blasphemas,
1055 3737 1103 3804 qui
1125 3736 1199 3804 quod
1220 3732 1272 3785 uei

736 3822 785 3873 est,
801 3814 856 3866 Deo
874 3827 929 3862 non
950 3807 1085 3867 attribuis,
1100 3807 1147 3857 sed
1168 3803 1277 3855 Filium·

736 3883 785 3934 Dei
816 3896 910 3949 puram
934 3888 1082 3929 creaturam
1110 3873 1216 3940 credis3
1246 3882 1277 3924 et
