2626 4328
372 182 418 233 DE
437 182 556 242 PRIMA,
571 180 607 230 IN
626 178 797 232 PASSIONE
812 179 950 232 DOMINI.

94 312 159 366 tere,
172 304 201 354 id
217 312 259 353 est
271 300 417 358 remittere,
435 299 462 349 iu
477 297 628 357 corbonam,

93 377 121 427 id
144 385 187 427 est
206 373 235 423 in
255 369 486 439 gazophylacium,
499 367 571 418 unde
585 381 631 416 eos

91 446 220 503 tulerant,
232 442 298 508 quia
306 440 423 507 pretium
443 436 587 504 sanguinis
605 444 631 485 et

91 515 189 567 nnortis
213 520 270 575 esl‚·
291 513 365 578 quod
390 511 428 562 ibi
449 510 557 560 mittere
578 523 631 557 no-

90 589 213 645 luerunt,
232 594 355 635 caventes
374 582 525 632 scilicetne
542 593 631 631 sacros

90 657 197 708 loculos
217 654 335 720 pecunia
349 663 458 705 cruenta
471 652 630 718 polluerent.

44 731 46 735 '
91 730 169 787 Vere.
188 726 341 777 secundum
360 725 567 791 Hieronymum,
582 736 632 772 cu-

91 801 169 850 licem
188 797 358 858 excolantes,
373 801 401 845 et
419 795 547 845 carnelum
564 791 631 858 glu-

93 872 197 933 tierues.
221 868 253 918 Si
280 866 355 918 enim
386 865 446 916 ideo
470 864 631 930 pecuniam,

88 942 154 1008 que'a
162 939 285 1006 prelium
298 936 445 1003 sauguinis
459 942 510 999 est,
528 935 557 986 in
570 950 632 984 cor·

91 1015 205 1076 bonam,
223 1011 276 1063 hoc
294 1009 378 1061 estin
400 1006 632 1074 gazophylacium,

89 1094 117 1135 et
129 1083 205 1134 inter
217 1082 288 1133 dona
305 1081 354 1130 Dei
375 1096 432 1129 non
448 1078 569 1138 mittunt,
587 1093 634 1129 cur

91 1156 183 1222 ipsunt
198 1152 358 1219 sanguinem
370 1150 503 1201 tunsone
515 1150 593 1201 Unde
608 1159 633 1199 et

92 1227 287 1294 Augustinus:
302 1243 316 1270 a
331 1224 425 1284 Qualis
443 1223 490 1273 illa
507 1223 634 1272 innocen-

92 1299 137 1351 tiae
149 1295 292 1349 simulatio
304 1294 364 1355 fuit,
372 1293 516 1360 pecuniam
528 1291 634 1356 sangui-

94 1371 137 1423 nis
150 1385 208 1419 non
220 1367 327 1417 mittere
343 1366 372 1416 in
387 1381 484 1427 arcam,
501 1373 527 1414 et
543 1363 632 1427 ipsum

91 1439 256 1506 sanguinem
294 1438 401 1489 mittere
433 1437 462 1487 in
497 1435 634 1486 conscien-

93 1513 178 1564 timn?
203 1529 218 1559 s
243 1511 276 1560 Et
296 1510 408 1561 concilio
424 1509 495 1559 inter
525 1523 553 1561 se
578 1508 633 1559 ini-

94 1591 130 1646 to,
140 1588 264 1635 emerunt
274 1597 311 1633 ex
320 1583 361 1632 eis
369 1597 479 1647 agrum,
493 1580 632 1646 cujusdam

86 1656 184 1724 figuli,
209 1654 237 1706 iu
260 1654 426 1719 sepulturam
452 1662 631 1711 mortuorum,

93 1728 193 1779 scilicet
204 1727 420 1791 peregrinorum,
436 1725 484 1790 qui
506 1740 561 1774 non
579 1724 632 1775 ha-

93 1801 193 1851 bebant
214 1797 389 1863 sepulchrum
413 1797 562 1862 proprium,
584 1795 631 1862 qui

92 1871 181 1922 dimus
198 1879 240 1921 est
250 1868 430 1930 Haeeldama,
444 1867 493 1918 hoe
509 1873 551 1919 est
561 1881 632 1932 ager

94 1940 249 2009 sauguinis,
277 1939 306 1989 in
334 1938 538 1990 detestationem
565 1953 632 2004 pro-

93 2011 191 2063 ditoris
214 2011 290 2062 ludae
320 2018 346 2060 et
378 2008 538 2059 memoriam
568 2009 632 2059 Pas-

93 2083 182 2134 sionis
207 2083 270 2134 lesu
297 2081 400 2132 Christi
428 2097 435 2131 :
464 2080 529 2146 quia
557 2079 631 2130 enim

95 2153 213 2219 pretium
234 2152 330 2202 mortis
352 2150 474 2210 iuermt,
502 2150 531 2201 in
550 2165 630 2201 usum

95 2232 289 2282 mortuorum,
326 2231 352 2270 et
388 2221 440 2271 hoc
472 2219 632 2285 peregrino-

96 2312 158 2348 rum
184 2311 232 2346 eos
259 2294 437 2346 tradiderunt.
457 2293 538 2353 Quod
559 2291 630 2344 fece-

97 2376 170 2427 runt,
185 2382 240 2416 non
256 2367 285 2417 ln
305 2364 526 2424 misericordiam,
539 2365 586 2414 sed
602 2363 631 2413 in

96 2436 244 2490 Salvatoris
282 2434 444 2495 infamiam,
460 2481 464 2490 ,
477 2433 631 2484 simulando

98 2509 235 2575 pietatem,
258 2518 285 2559 et
311 2507 475 2558 intendendo
498 2506 631 2572 iniquita-

98 2593 162 2645 tem,
181 2580 226 2634 ut*
242 2583 322 2646 longe
343 2581 449 2647 lateque
477 2578 629 2630 diffamare-

95 2665 141 2705 tur
159 2654 275 2721 emptio,
291 2664 317 2704 et
340 2662 450 2719 propter
465 2653 518 2705 hoc
541 2653 632 2703 addita

95 2736 135 2776 est
160 2723 305 2790 impositio
329 2722 450 2775 nominis
470 2722 584 2774 Christi.
607 2724 631 2772 A

97 2805 169 2861 pnite
180 2795 284 2846 montis
298 2795 365 2845 Sion
384 2794 416 2845 in
428 2795 528 2845 vallem
551 2795 629 2845 Josa-

96 2866 160 2931 phat
168 2866 368 2926 descendendo,
381 2866 454 2930 juxta
466 2864 629 2915 natatoriam

96 2938 166 2990 Siloe
190 2947 283 2989 eontra
310 2939 452 2997 Austrum,
477 2937 510 2987 ad
532 2937 630 3002 iactum

98 3008 192 3074 lapidis
211 3009 284 3060 ultra
300 3009 408 3068 vallem,
427 3017 468 3057 est
489 3021 552 3072 ager
567 3007 631 3056 Ha·

99 3078 226 3142 uuam,
242 3078 291 3129 ubi
307 3088 348 3129 est
363 3078 502 3144 sepultura
518 3076 632 3141 peregri·

100 3164 205 3210 norum,
230 3150 279 3201 ubi
300 3149 352 3201 init
370 3148 566 3201 monasterium·
581 3163 631 3200 seu

97 3220 206 3273 ecclesia
217 3219 342 3272 omnium
354 3221 523 3273 Sanctorum.
533 3219 567 3270 In
578 3219 630 3270 hoc

98 3293 170 3357 quod
187 3293 225 3344 de
243 3295 329 3360 pretio
347 3293 489 3359 sauguinis
509 3302 632 3345 emerunt

99 3377 190 3430 apum
202 3366 232 3417 in
240 3366 407 3432 sepulturam
418 3366 630 3433 peregrinorum,

98 3435 211 3500 mystice
226 3436 307 3487 datur
321 3435 438 3502 intelligi
452 3437 528 3502 quod
547 3435 632 3487 Chri-

97 3518 153 3559 stus
178 3524 226 3574 per
259 3525 342 3561 suum
367 3509 531 3576 sanguinem
552 3508 632 3561 nobis

97 3583 246 3649 peregrinis
255 3583 323 3635 emit
333 3584 456 3650 quietem
474 3593 631 3650 perpetuam

96 3662 124 3704 et
134 3655 268 3720 madium
280 3656 407 3723 paradisi.
418 3657 496 3709 Unde
511 3656 611 3709 Glosaa
622 3673 630 3708 .·
641 3711 643 3716 ,

96 3740 113 3770 ⁸
134 3726 267 3793 Regnum
290 3737 490 3779 armamentum
512 3727 575 3779 latet
601 3726 630 3776 in

98 3794 171 3848 fectis
181 3797 347 3865 iniquitatis.
361 3799 475 3864 Figulus
488 3807 529 3851 est
546 3798 630 3859 Deus,

1169 181 1223 248 517

685 294 712 343 in
724 294 801 359 cujus
813 309 897 344 manu
909 303 936 345 et
953 309 985 345 ex
996 295 1092 345 eodem
1106 293 1163 344 luto
1178 296 1221 345 fa-

685 379 743 415 cere
763 363 836 414 aliud
856 380 903 415 vas
927 365 955 414 in
978 364 1120 426 honorem,
1145 364 1220 417 aliud

685 437 713 486 in
726 439 938 503 contumeliam
960 453 1022 504 ager
1045 439 1101 504 ejus
1121 449 1161 489 est
1175 455 1221 492 se-

684 510 785 571 culum,
798 511 872 576 quod
886 511 1045 561 universum
1060 510 1146 575 pretio
1160 527 1220 562 san-

684 580 776 646 guinis
787 582 845 646 ejus
856 581 966 643 emitur,
978 590 1008 630 ut
1019 580 1044 630 ei
1055 583 1219 633 commortui

685 651 849 716 sepeliantur
872 651 1023 719 peregrini,
1044 667 1100 701 non
1124 653 1218 719 utIque

685 724 774 784 lsrael,
787 724 833 773 sed
847 725 928 774 alieni
941 725 988 790 qui
1002 724 1031 775 in
1050 724 1135 790 pretio
1150 740 1216 775 san·

685 794 777 860 guinis
786 796 843 860 ejus
850 795 947 860 sepulti
958 806 1084 846 aeternam
1095 795 1216 862 requiem

685 867 839 917 sortientur.
855 885 868 913 u
884 867 962 919 Unde
975 878 1001 917 et
1011 868 1217 935 Hieronymus:

686 957 699 985 a
715 940 771 990 Nos
786 956 851 1006 ergo
865 940 913 1006 qui
928 940 1065 1005 peregrini
1083 955 1219 992 eramusa

686 1013 756 1078 Lege
767 1023 793 1063 et
809 1012 961 1079 Prophetis,
972 1028 1052 1078 prava
1062 1013 1218 1065 ludaeorum

686 1085 775 1136 studia
785 1084 815 1135 in
828 1087 941 1143 salutem
955 1085 1135 1150 suscepimus,
1151 1095 1178 1136 et
1189 1086 1218 1137 in

685 1155 773 1220 pretio
802 1155 944 1221 sanguinis
974 1156 1077 1206 Christi
1108 1157 1218 1222 requie·

686 1227 796 1277 scimus.
825 1246 839 1274 s
869 1227 946 1277 Unde
971 1227 1052 1277 etiam
1080 1228 1218 1292 Augusti·

686 1311 736 1346 uus
756 1315 764 1347 :
789 1315 802 1345 u
833 1296 991 1363 Peregrinis,
1019 1295 1141 1362 inquam,
1168 1298 1217 1366 qui

686 1368 745 1418 sine
768 1370 850 1420 domo
874 1378 900 1419 et
919 1366 1004 1434 patria
1024 1377 1050 1419 et
1075 1376 1131 1417 toto
1152 1369 1218 1419 orbe

686 1441 791 1490 exsules
802 1440 976 1505 jactabantur,
989 1437 1096 1504 requies
1114 1438 1217 1489 Christi

685 1511 816 1575 sanguine
843 1509 1006 1576 providetur.
1030 1509 1099 1559 Istos
1127 1517 1218 1559 autem

686 1583 843 1648 peregrinos
862 1581 981 1632 dicimus
1001 1597 1059 1632 esse
1077 1581 1218 1631 devotissi-

685 1669 745 1705 mos
766 1653 948 1712 Christianos,
963 1653 1010 1718 qui
1032 1652 1218 1703 renuntiantes

684 1726 774 1776 seculo
791 1733 818 1775 et
835 1723 905 1774 nihil
919 1723 1085 1789 possidentes
1095 1722 1125 1773 in
1134 1739 1218 1774 mun-

684 1796 733 1856 do,
761 1795 791 1844 in
816 1793 920 1845 Christi
944 1793 1075 1858 sanguine
1106 1793 1217 1860 requIe-

685 1874 764 1916 scunt
774 1882 782 1915 2
794 1884 808 1912 s
821 1864 879 1933 haec
895 1863 1077 1930 Augustinus.

716 1937 732 1987 6
745 1939 842 1989 Donoa
856 1939 954 1988 Manus
973 1952 1056 1988 surus
1072 1936 1152 1986 Ftuo
1171 1952 1218 1986 ca-

685 2028 744 2063 rro.
759 2041 790 2051 -
802 2013 873 2063 Cum
884 2019 974 2061 autem
989 2025 1036 2074 per
1049 2024 1145 2059 omnes
1157 2010 1218 2075 pla-

684 2094 740 2134 teas
778 2084 925 2134 Jerusalem
967 2081 1099 2131 diceretur
1143 2082 1240 2147 quod,

684 2155 816 2206 Dominus
824 2156 903 2206 lesus
915 2164 1009 2219 ceptus
1021 2162 1098 2214 esset,
1109 2163 1136 2203 et
1145 2169 1218 2219 quo-

685 2229 765 2278 modo
774 2228 860 2279 Judaei
869 2243 933 2278 eum
943 2225 1098 2290 crucifigere
1107 2226 1217 2286 vellent,

684 2298 835 2364 percipiens
859 2299 910 2348 hos
935 2311 1059 2347 rumores
1083 2295 1217 2346 terribiles

684 2372 810 2421 dolorosa
833 2371 920 2421 Mater
944 2369 1019 2432 eius,
1041 2383 1104 2432 quae
1125 2377 1217 2421 tamen

683 2457 748 2491 cum
766 2440 855 2507 primo
877 2450 1025 2505 caperetur,
1045 2437 1097 2489 hoc
1120 2438 1149 2489 in
1166 2437 1219 2504 spi·

684 2512 748 2575 ritu,
775 2519 805 2560 ut
820 2510 930 2572 dicitur,
948 2518 1117 2574 cognoverat,
1139 2509 1219 2561 ducta

684 2592 724 2634 est
749 2598 811 2634 cum
833 2581 1020 2633 inestimabili
1043 2582 1170 2645 lamento,
1192 2591 1218 2632 et

684 2654 757 2717 fletu,
783 2662 811 2704 et
832 2655 941 2720 planctu
960 2668 976 2704 e
997 2652 1136 2705 sororibus
1161 2652 1218 2703 suis

683 2734 710 2775 et
728 2724 799 2786 aliis,
811 2723 890 2791 quasi
906 2733 1021 2775 mortua.
1043 2724 1076 2776 Et
1090 2722 1165 2773 venit
1183 2723 1217 2772 ad

682 2797 830 2848 videndum
844 2796 945 2847 Filium
970 2811 1051 2846 suum
1077 2794 1216 2853 dilectum,

683 2869 794 2933 plorans
806 2867 969 2918 incessanter
977 2880 1024 2930 per
1034 2864 1168 2914 civitatem
1179 2863 1217 2915 Je-

684 2939 810 2998 rusalem,
831 2947 858 2987 et
878 2937 970 2989 dicens
985 2951 991 2983 :
1007 2935 1068 2989 Heu
1090 2931 1151 2983 me!
1167 2933 1215 2983 ubi

684 3022 724 3061 est
734 3025 805 3061 nunc
815 3008 1020 3061 amantissimus
1029 3005 1114 3057 Filius
1124 3006 1218 3056 meus?

684 3080 738 3133 Ubi
756 3095 793 3144 ee,
808 3079 965 3131 dulcissime
982 3077 1045 3127 Fili.
1063 3075 1117 3126 Ubi
1133 3084 1158 3127 te
1172 3075 1218 3127 in·

683 3150 810 3203 veniam?
830 3149 899 3211 Quis
916 3157 944 3198 te
962 3147 1040 3212 oepit,
1057 3145 1217 3199 uerissime?

684 3223 774 3284 Quare
797 3230 823 3273 te
841 3219 911 3271 mihi
929 3219 1109 3277 abstulerunt,
1135 3216 1215 3268 beni·

684 3291 831 3362 guissimei
843 3292 908 3344 Haec
921 3300 947 3340 et
965 3289 1010 3341 his
1017 3287 1120 3340 similia
1133 3295 1216 3355 pote-

684 3376 724 3418 rat
734 3366 822 3416 dicere
839 3373 865 3414 et
881 3363 967 3413 multo
981 3361 1066 3426 magis
1081 3359 1216 3412 moventia

684 3446 789 3491 ramses
813 3433 1001 3492 audientium,
1024 3431 1105 3483 etiam
1124 3428 1215 3480 infide·

683 3510 763 3570 lium,
775 3508 814 3559 ad
823 3505 996 3557 dmutionem
1008 3511 1033 3553 et
1045 3499 1215 3567 compassio-

683 3597 755 3633 nem.
785 3577 905 3631 AEstimo
936 3575 1010 3641 quod
1040 3586 1136 3626 omnes
1168 3570 1216 3636 qui

683 3651 809 3704 viderunt
829 3663 889 3700 eam
910 3645 1055 3696 dicerent:
1083 3643 1107 3693 0
1133 3656 1217 3709 quam

684 3723 753 3774 male
767 3729 809 3773 est
826 3718 871 3770 isti
891 3718 967 3767 bonae
984 3711 1108 3765 mulieri!
1130 3712 1158 3763 Si
1173 3711 1218 3762 vi-

684 3793 762 3845 distis
775 3778 866 3859 parem
880 3785 1022 3842 dolorem?
1036 3783 1072 3835 Et
1084 3799 1145 3835 mm
1159 3782 1217 3850 ipsa
