2626 4328
212 244 389 302 QUOMODO
407 245 566 296 DOMINUS
580 244 682 295 JESUS
699 248 877 303 APPARUIT
894 255 1006 306 MATRI
1022 256 1108 309 SUAE.
1163 260 1214 312 663

102 358 180 408 ficere
201 359 338 420 volentes,
366 372 429 412 sunt
456 362 483 411 in
506 361 633 411 continuo

102 430 243 489 conflictu,
272 443 380 496 propter
410 432 569 499 pronitatem
600 432 632 482 ad

101 500 214 555 malum,
228 512 253 550 et
267 501 455 552 difficultatem
470 503 504 552 ad
521 503 633 560 bonum,

101 587 209 621 necesse
236 583 276 622 est
304 573 473 637 proficientes
500 574 633 624 dominari

101 642 274 706 passionibus
290 659 336 708 per
355 644 496 703 rationem,
521 659 554 693 ne
572 655 632 694 ten-

100 711 248 762 tationibus
274 715 382 778 cedant;
411 730 443 764 ex
467 730 520 780 qua
544 714 631 773 lucta,

99 783 208 846 quando
218 784 338 848 videlicet
351 785 559 850 praedominatur
571 800 632 834 sen-

99 854 226 912 sualitati,
240 869 400 921 generantur
415 859 526 907 virtutes
539 874 545 907 z
558 858 630 908 Nam

98 925 186 974 virtus
214 926 240 974 in
266 927 420 982 infirmitate
437 928 586 994 perficitur.
600 955 630 965 -

99 1003 189 1052 Status
214 1015 302 1054 autern
321 1005 498 1071 perfettorum
522 1016 547 1057 et
566 1021 630 1056 con-

97 1073 315 1137 templativorum
341 1077 462 1142 signatur
492 1077 520 1126 in
547 1075 630 1126 Maria

98 1143 221 1202 Salome,
244 1161 303 1210 quoe
329 1145 380 1195 fuit
400 1156 483 1196 mater
510 1146 629 1196 filiorum

98 1214 229 1273 Zebedaei‚
244 1216 344 1265 scilicet
357 1216 447 1266 Jacobi
464 1216 582 1281 Maioris,
604 1226 630 1266 et

97 1284 217 1332 loannis.
238 1286 300 1334 llaec
322 1287 466 1350 postulavit
487 1286 551 1336 filiis
572 1286 630 1336 suis

98 1368 226 1418 regnum3
243 1356 280 1404 sic
296 1355 404 1420 perfecti
420 1368 445 1407 et
462 1359 629 1424 contempla-

97 1424 145 1474 tivi
177 1442 231 1474 non
260 1438 439 1492 occupantur,
474 1429 527 1478 nisi
562 1429 629 1479 circa

97 1513 211 1563 regnum
232 1499 291 1558 Dei,
310 1501 365 1550 imo
381 1502 432 1567 ipsi
446 1502 473 1550 in
488 1518 516 1552 se
530 1503 629 1553 habent

97 1583 210 1634 regnum
238 1570 305 1634 Dei,
340 1582 365 1621 et
393 1573 437 1622 hic
466 1584 630 1639 praegustant

96 1641 298 1704 quodammodo
335 1658 447 1708 regnum
490 1645 628 1694 coelorum.

97 1713 174 1764 Unde
196 1715 277 1764 etiam
301 1716 416 1776 Salome‚
441 1717 629 1782 interpretatur

92 1784 250 1853 pacificans,
275 1803 336 1836 nam
362 1789 410 1838 hac
435 1789 463 1839 in
484 1790 539 1839 vita
554 1791 628 1839 nulla

96 1872 145 1920 pax
160 1868 200 1906 est
222 1858 337 1919 homini,
360 1859 412 1909 nisi
431 1861 457 1909 in
478 1871 537 1910 actu
559 1876 627 1910 con-

94 1929 287 1992 templationis.
304 1932 336 1981 Et
351 1931 414 1981 huic
427 1942 556 1982 consonat
571 1943 626 1982 ter-

94 1998 131 2048 tia
155 2001 336 2064 interpretatio
365 2003 485 2052 nominis
516 2003 625 2063 Mariae,

95 2080 177 2133 prout
213 2070 421 2138 interpretatur,
466 2072 625 2123 illuminata.

95 2141 173 2191 Unde
186 2144 284 2195 aninrae
301 2145 513 2210 contemplativae
528 2145 627 2196 dicitur

97 2214 164 2263 illud
179 2216 253 2267 lsaiae
269 2235 275 2267 :
291 2218 392 2283 Surge,
407 2217 569 2280 illuminare,
583 2219 626 2269 Je-

95 2288 222 2350 rusalem,
246 2289 308 2354 quia
335 2291 405 2339 venit
429 2290 514 2341 lumen
543 2297 625 2354 tuum,

93 2368 142 2410 elc-

126 2447 140 2481 2
168 2435 298 2484 Aaouara
328 2435 424 2484 Marum
454 2436 626 2485 Matoustana

93 2521 128 2555 nr
143 2508 240 2556 Manus
256 2506 345 2557 licoat
361 2521 470 2556 utsr1cn
488 2520 626 2556 amnuen-

93 2594 171 2629 rrnus
191 2594 224 2628 er
240 2594 458 2629 raortcrunrtnus
473 2594 625 2630 trameant.

93 2677 123 2687 -
137 2647 271 2709 Quaelibet
286 2648 398 2698 istarum
413 2647 568 2708 Marianum,
583 2648 627 2698 ha-

93 2719 137 2768 bet
150 2734 199 2768 sua
214 2729 332 2768 aromata
350 2727 376 2768 et
395 2728 541 2784 unguenta.
565 2719 625 2770 Ροε-

92 2790 237 2840 nitentium
271 2799 389 2839 aromata
421 2800 484 2839 sunt
513 2805 519 2838 τ
548 2790 625 2841 dolor

92 2859 282 2918 contritionis,
312 2861 398 2923 pudor
427 2859 624 2922 confessioniS,

93 2940 119 2979 et
132 2931 210 2979 labor
226 2929 432 2991 satisfactionis;
451 2944 482 2978 ex
506 2930 549 2979 his
564 2945 626 2980 con·

91 3000 180 3051 ficitur
214 3012 400 3066 unguentum,
425 3016 480 3065 quo
510 3001 626 3052 libenter

91 3073 201 3138 ungitur
215 3072 355 3123 Dominus.
372 3068 523 3122 Conficitur
535 3082 624 3122 autem

90 3142 143 3192 hoc
168 3153 339 3208 unguentum
363 3159 394 3192 ex
416 3143 535 3208 myrrha,
556 3143 624 3207 aloe,

90 3225 117 3264 et
133 3215 213 3264 thure
229 3231 235 3264 :
250 3229 296 3279 per
311 3215 459 3280 myrrham,
475 3230 535 3281 quae
549 3215 625 3265 valde

90 3301 181 3335 amara
206 3296 255 3351 est,
283 3284 449 3352 significatur
475 3287 625 3337 amaritudo

90 3357 277 3421 contritionis;
297 3373 344 3422 per
357 3359 438 3423 aloes,
453 3359 527 3425 quod
542 3359 622 3410 etiam

89 3445 212 3480 amarum
235 3442 283 3487 est,
306 3442 331 3482 et
345 3433 414 3481 valet
427 3443 520 3483 contra
533 3443 624 3484 reten-

89 3502 192 3552 tionem
205 3515 418 3562 menstruorum,
432 3503 459 3553 id
474 3515 515 3555 est
531 3520 624 3571 pecca-

90 3580 192 3631 torum,
207 3572 374 3639 significatur
391 3575 551 3626 verecundia
562 3591 624 3627 con-

90 3641 242 3708 fessionis;
277 3659 323 3708 per
348 3643 429 3704 thus,
455 3645 533 3710 cujus
558 3647 625 3697 odor

89 3728 163 3763 cum*
177 3712 252 3763 fumo
278 3713 397 3764 ascendit
408 3753 423 3779 „
440 3714 625 3781 significantur

90 3799 170 3849 opera
194 3784 403 3845 satisfactionis,
427 3802 488 3853 quae
513 3802 560 3852 per
580 3803 625 3838 re·

90 3865 159 3904 ctam
190 3853 368 3906 intentionem
392 3856 420 3907 in
444 3857 531 3907 Deum
554 3857 625 3909 diri-

153 3967 223 4019 vrri
236 3968 300 4020 Jssu
313 3969 522 4033 Cun1srt,rottus
537 3972 580 4024 IV.

686 376 795 429 guntur.
827 369 878 419 Sed
909 384 942 420 ex
973 371 1017 422 his
1046 374 1132 437 tribus
1162 394 1217 430 non

686 435 826 490 conficitur
854 441 921 492 bene
949 457 1134 509 unguentum,
1162 450 1218 501 nisi

685 521 834 572 apponatur
855 514 945 564 oleum
965 516 1160 570 misericordiae
1174 522 1217 572 di-

685 578 764 639 vinae,
791 581 850 632 sine
870 599 924 650 qua
946 586 1036 636 omnis
1061 590 1219 652 poenitentia

685 658 725 697 est
748 649 878 715 inefficax,
904 654 1023 705 admixto
1050 669 1137 708 autern
1166 661 1216 712 hoc

683 721 752 780 oleo,
776 724 912 788 optimum
939 740 1109 794 unguentum
1134 733 1217 784 effici-

683 801 727 841 tur
736 809 743 856 ;
762 805 787 844 et
804 796 855 846 tale
870 796 923 847 fuit
938 812 1107 865 unguentum
1125 805 1215 856 Maris:

683 863 854 928 Magdatena,
871 883 931 934 quae
946 885 1040 921 omnes
1056 884 1142 937 partes
1156 891 1214 939 poe-

683 933 802 985 nitentiae
817 937 1010 1001 perfectissime
1024 942 1159 1007 implevit,
1175 960 1215 995 as-

682 1004 792 1056 sistente
814 1008 865 1058 sibi
887 1010 1070 1064 misericordia
1089 1016 1213 1067 Salvato-

682 1077 734 1140 ris,
763 1091 793 1130 ut
821 1093 892 1147 patet
917 1083 944 1132 in
972 1085 1126 1152 Evangelio.
1156 1091 1214 1154 Ipsa

681 1150 754 1199 enim
776 1154 905 1218 lacrymas
930 1157 1038 1216 copiose
1057 1158 1160 1220 effudit,
1181 1177 1213 1212 ex

682 1222 862 1274 amaritudine
891 1227 1084 1291 contritionis3
1117 1232 1213 1282 convi-

681 1303 771 1343 vantes
796 1311 851 1344 non
867 1298 983 1358 erubuit,
1007 1315 1039 1349 ex
1062 1300 1105 1365 pia
1120 1301 1213 1368 impu-

681 1362 770 1413 dentia
784 1365 982 1431 confessionis;
1008 1371 1088 1434 pedes
1102 1372 1213 1424 Domini

681 1437 806 1502 lacrymis
819 1440 892 1504 lavit,
908 1442 1011 1507 capillis
1030 1444 1115 1503 tersit,
1132 1459 1212 1496 oscu-

681 1507 793 1567 labatur,
816 1512 903 1571 unxit,
924 1522 950 1562 et
967 1529 998 1563 se
1016 1524 1097 1564 totam
1113 1516 1214 1567 Christi

680 1579 811 1646 obsequio
837 1583 951 1643 devovit,
972 1595 998 1635 et
1017 1585 1159 1650 impendit,
1187 1597 1214 1638 et

681 1649 732 1699 hoc
746 1665 778 1700 ex
794 1651 927 1704 immenso
942 1654 1036 1707 affectu
1052 1656 1213 1708 satisfactio-

681 1722 733 1772 nis.
747 1751 777 1761 -
795 1723 994 1778 Proficientium
1018 1740 1081 1779 sunt
1103 1745 1212 1781 aroma-

679 1802 730 1842 ta:
755 1795 890 1860 patientia,
912 1797 1061 1859 humilitas,
1085 1816 1212 1865 perseve—

679 1867 771 1927 rantia,
787 1883 834 1918 seu
848 1869 1052 1935 longanimitas3
1067 1874 1212 1939 exquibus

678 1936 819 1989 conficitur
848 1951 1017 2006 unguentum
1052 1943 1210 1996 activorum.

680 2008 712 2057 Et
727 2008 778 2058 hoc
791 2022 960 2076 unguentum
974 2013 1075 2063 intrant
1088 2015 1208 2080 myrrha,

679 2089 704 2127 et
727 2090 820 2144 gutta,
844 2091 870 2131 et
891 2082 972 2145 casia,
997 2098 1058 2148 quae
1084 2083 1170 2134 fluunt
1193 2099 1209 2134 a

678 2159 750 2199 veste
774 2150 836 2200 vitae
859 2151 961 2202 Christi
981 2153 1115 2218 :myrrha
1139 2154 1210 2204 bona

678 2229 717 2268 est
732 2219 849 2270 inomni
865 2231 1012 2287 unguento,
1028 2232 1055 2272 et
1068 2223 1127 2272 ideo
1148 2225 1210 2274 licet

678 2289 765 2355 posita
793 2290 828 2340 sit
856 2290 884 2340 in
908 2303 1048 2357 unguento
1073 2293 1208 2357 poeniten·

677 2360 756 2422 tium,
777 2361 967 2411 convenienter
988 2373 1077 2412 tamen
1099 2362 1209 2427 ponitur

678 2432 759 2482 etiam
784 2432 813 2482 in
840 2444 979 2500 unguento
999 2432 1208 2501 proficientium,

677 2513 703 2552 et
717 2513 831 2567 ponetur
844 2503 924 2554 etiam
945 2504 973 2554 in
991 2517 1131 2571 unguento
1146 2521 1210 2571 per—

677 2575 817 2627 fectorum.
840 2577 948 2643 Myrrha
963 2578 1034 2629 enirn
1058 2591 1127 2629 arcet
1150 2596 1211 2630 ver·
1243 2606 1245 2612 ,

678 2661 751 2710 mes;
783 2646 822 2698 sic
842 2647 969 2715 patientia
996 2661 1065 2700 arcet
1088 2666 1208 2710 vermes,

677 2717 724 2782 qui
751 2719 872 2769 mordere
890 2719 982 2769 'solent
1008 2736 1053 2770 cor
1073 2720 1208 2785 patientis,

677 2802 709 2836 ne
723 2799 814 2838 contra
837 2788 1010 2853 injuriantem
1025 2789 1116 2838 dolore
1138 2804 1209 2838 mor·

677 2860 785 2924 deatur;
809 2872 834 2911 et
859 2861 908 2911 hac
936 2861 1063 2926 patientia
1090 2861 1208 2911 maxime

676 2946 745 2995 opus
759 2940 808 2990 est,
826 2931 955 2996 proficere
969 2931 1121 2981 volentibus
1135 2947 1208 2981 exer·

677 3001 741 3050 citio
769 3001 924 3067 spirituali,
947 3001 1027 3067 quia,
1058 3001 1206 3051 secundum

677 3071 848 3138 Gregorium,
862 3071 975 3122 virtutes
990 3072 1059 3122 inter
1068 3087 1207 3137 pressuras

677 3144 845 3210 passionum,
870 3152 895 3193 et
911 3154 1055 3209 puncturas
1077 3143 1206 3192 tentatio-

677 3233 741 3267 num
763 3223 892 3266 crescunt.
918 3215 965 3264 Per
981 3223 1084 3280 guttam
1104 3224 1204 3275 autem,

676 3302 736 3353 quae
756 3296 781 3336 et
804 3284 951 3335 aromatica
968 3284 1076 3344 dicitur,
1097 3282 1207 3349 signifi-

675 3370 749 3409 catur
769 3357 909 3408 humilitas
925 3357 1010 3423 :quia
1034 3366 1108 3422 gutta
1132 3356 1208 3422 pellit

675 3446 770 3481 omnes
794 3428 934 3480 inflaturas
959 3439 985 3479 et
1003 3439 1143 3492 tumores;
1167 3428 1207 3478 sic

676 3503 816 3553 humilitas
842 3512 917 3553 curat
937 3501 1058 3552 cordium
1084 3501 1207 3552 duritias.

676 3576 732 3625 Hac
750 3574 829 3625 etiam
851 3589 919 3639 opus
938 3583 978 3624 est
991 3573 1207 3639 proficientibus,

675 3644 749 3711 quia,
770 3644 918 3695 secundum
937 3643 1110 3720 Gregoriutn,
1130 3642 1207 3708 origo

675 3714 784 3766 virtutis
805 3724 854 3778 est,
878 3724 903 3764 et
926 3712 987 3764 ideo
1010 3715 1055 3764 illa
1077 3714 1105 3763 in
1123 3712 1205 3762 nobis

676 3788 761 3837 virtus
786 3784 914 3836 veraciter
937 3786 1064 3850 pullulat,
1091 3798 1153 3850 quae
1178 3781 1207 3831 in

677 3856 768 3908 radice
780 3855 897 3924 propria,
917 3857 996 3907 idest
1009 3856 1039 3906 in
1053 3853 1207 3904 humilitate

1051 3985 1089 4034 “a
