2626 4328
443 187 490 247 DE
507 196 625 247 FlNALl
640 196 787 248 JUDICIO.

60 325 163 382 pareret
182 326 311 380 tanquam
327 314 404 379 justis
426 313 513 364 forma
533 313 591 363 Dei.

60 387 130 447 Quia
139 397 202 436 vero
216 385 347 449 judicium
361 385 482 434 futurum
496 393 535 434 est
548 385 592 449 ju-

60 467 163 508 storum
186 468 211 507 et
229 457 395 521 iniquorum,
417 472 464 506 nec
486 457 547 506 licet
563 466 593 506 ut

59 529 147 594 iniqui
176 529 282 578 videant
305 527 401 589 Deum,
425 526 486 576 talis
509 542 592 592 appa-

60 599 130 649 rebit
143 599 237 659 Judert,
255 598 343 662 qualis
358 597 442 646 videri
459 598 551 661 possit,
567 607 593 646 et

60 671 94 720 ab
111 669 150 720 eis
166 684 235 735 quos
254 678 430 718 coronaturus
447 678 495 725 est,
515 679 540 717 et
559 668 592 717 ab

60 742 99 792 eis
123 757 192 807 quos
214 741 388 790 damnaturus
407 755 447 790 est
469 757 475 788 ε
500 759 513 787 u
537 740 593 788 haec

60 814 242 879 Augustinus.

94 902 109 950 7
136 885 268 944 Quaruon
292 893 413 934 nourrtuu
434 900 545 934 oanruas
566 899 593 933 tu

60 973 171 1007 suniero.
202 985 231 993 -
261 957 377 1008 Ordines
403 968 492 1007 autem
518 972 592 1023 qua-

61 1041 123 1080 tuor
137 1039 216 1079 erunt
230 1028 258 1078 in
273 1029 373 1093 judicio
388 1045 524 1095 :quorum
539 1030 593 1078 duo

61 1110 140 1150 erunt
155 1101 309 1160 electorum,
329 1111 356 1150 et
372 1115 386 1149 a
401 1100 518 1162 dextris;
539 1100 593 1148 duo

62 1170 248 1236 reproborum,
266 1180 291 1220 et
304 1187 318 1220 a
332 1171 460 1221 sinistris.
475 1172 513 1220 Ex
530 1185 593 1235 par-

62 1255 87 1294 te
110 1245 255 1293 electorum
275 1243 386 1308 quidam
412 1261 466 1294 non
491 1242 594 1307 judica-

63 1316 181 1374 buntur,
207 1315 252 1363 sed
275 1315 431 1379 judicabunt
456 1325 482 1364 et
506 1315 593 1364 salva-

63 1386 181 1445 buntur,
209 1395 241 1435 ut
265 1402 381 1452 quorum
407 1387 503 1436 merita
524 1387 594 1435 bona

64 1466 126 1506 sunt
141 1456 312 1521 impermixta
330 1458 420 1521 malis3
443 1459 512 1507 sicut
531 1473 594 1521 per-

63 1528 194 1577 fectorum
205 1542 352 1592 pauperum
367 1528 482 1587 Christi,
493 1528 539 1594 qui
550 1527 595 1577 hic

63 1600 166 1665 seipsos
186 1600 379 1665 judicaverunt,
398 1601 445 1667 qui
467 1611 595 1666 praecepta

62 1670 138 1735 legis,
154 1671 324 1734 perfectionis
339 1671 437 1722 virtute
453 1682 594 1722 transcen-

62 1742 169 1801 derunt,
185 1751 211 1790 et
230 1742 322 1791 omnia
338 1742 529 1808 relinquentes,
543 1759 594 1792 nu-

62 1812 89 1862 di
118 1813 221 1862 nudum
246 1813 386 1863 Christum
413 1814 496 1864 secuti
516 1825 594 1874 sunt,

63 1883 237 1949 quibusvoce
245 1883 387 1934 Dominica
397 1885 496 1934 dicitur
508 1902 514 1934 ε
533 1887 593 1946 Vos,

63 1954 111 2019 qui
126 1955 273 2020 reliquistis
286 1955 387 2015 omnia,
398 1966 423 2005 et
438 1957 521 2007 secuti
529 1957 596 2007 estis

63 2038 113 2086 me,
131 2041 189 2076 cum
210 2026 308 2076 sederit
328 2027 417 2077 Filius
441 2027 554 2078 hominis
569 2029 595 2078 in

64 2096 127 2147 sede
138 2097 288 2163 majestatis
298 2112 363 2161 suae,
375 2099 501 2149 sedebitis
511 2106 536 2150 et
548 2114 596 2150 vos

67 2181 146 2232 super
174 2168 250 2218 sedes
274 2170 420 2233 duodecim,
440 2171 596 2237 judicantes

64 2239 203 2289 duodecim
215 2237 217 2239 ’
230 2240 315 2292 tribus
341 2241 438 2291 Israel.
463 2241 596 2292 Dicuntur

64 2319 153 2359 autem
168 2311 293 2375 judicare,
311 2312 338 2361 id
354 2322 393 2362 est
409 2313 537 2378 judicanti
552 2329 596 2364 as·

66 2379 171 2441 sistere,
179 2381 243 2446 quia
252 2397 313 2431 cum
321 2382 412 2432 Judice
422 2394 548 2448 tanquam
557 2399 596 2434 as-

65 2463 183 2499 sessores
199 2451 364 2501 eminentius
378 2453 525 2516 sedebunt;'
540 2469 595 2503 non

65 2520 139 2584 quod
162 2520 213 2584 ipsi
235 2523 393 2572 sententiam
413 2523 507 2586 ferant,
532 2525 596 2589 quia

64 2591 117 2639 hoc
129 2591 214 2641 solius
223 2592 325 2642 Judicis
338 2593 398 2653 erit,
409 2595 455 2644 sed
467 2595 540 2660 quod
554 2610 597 2661 ap-

65 2660 180 2726 probent
189 2672 214 2712 et
226 2663 394 2714 confirment.
405 2665 513 2715 Sedebit
523 2665 596 2716 enim

66 2734 191 2785 Christus
217 2735 245 2785 in
268 2737 438 2789 eminentiori
459 2741 517 2790 loco
535 2755 596 2789 cum

66 2805 172 2856 Sanctis
179 2821 187 2869 ;
206 2806 269 2857 maii
290 2823 352 2858 vero
374 2810 482 2860 stabunt
502 2810 597 2861 subtus

64 2876 93 2925 in
115 2887 185 2926 terra
198 2892 279 2941 quam
295 2879 456 2931 dilexerunt.
476 2910 506 2918 -
527 2882 597 2941 Qui-

66 2945 127 2994 dam
155 2961 218 2996 vero
239 2946 430 3010 judicabuntur
458 2960 484 3000 et
508 2952 597 3001 salva-

65 3018 182 3081 buntur;
208 3029 239 3069 ut
263 3036 380 3086 quorum
408 3023 503 3074 merita
529 3024 598 3076 bona

66 3099 132 3139 sunt
146 3090 282 3155 aliquibus
295 3093 373 3142 malis
381 3094 533 3144 venialibus
542 3110 598 3160 per-

65 3163 161 3222 mixta,
185 3163 232 3229 qui
250 3164 312 3215 vitae
335 3167 453 3217 maculas
474 3168 598 3234 lacrymis

66 3243 182 3298 tergunt,
197 3234 243 3299 qui
265 3237 335 3286 mala
358 3238 532 3302 praecedentia
555 3255 598 3289 se-

66 3305 211 3371 quentibus
241 3306 318 3358 factis
348 3320 375 3360 et
408 3310 599 3361 misericordiae

66 3375 194 3442 operibus
214 3378 386 3440 redimentes,
408 3381 541 3447 quidquid
563 3381 598 3431 il-

65 3446 172 3496 licitum
187 3448 333 3514 aliquando
346 3448 475 3511 fecerunt,
490 3453 523 3502 ab
537 3467 599 3502 ocu·

66 3516 100 3566 lis
126 3517 229 3568 iudicis
256 3519 390 3570 bonorum
415 3537 529 3587 operum
550 3538 599 3572 su-

65 3587 270 3652 perinductione
297 3592 472 3656 cooperiunt,
499 3592 599 3659 quibus

65 3657 151 3708 ludex
172 3659 284 3710 veniens
307 3660 372 3711 dicit
396 3677 403 3711 ε
426 3662 550 3725 Esurivi‚
573 3669 600 3714 et

67 3726 262 3780 dedistismihi
284 3730 462 3793 manducare5
476 3731 558 3792 sitivi,
574 3738 600 3782 et

67 3798 181 3849 dedistis
201 3800 266 3850 mihi
286 3800 387 3864 bibere5
402 3800 498 3868 hospes
516 3816 599 3867 eram,

129 3915 197 3966 Vtra
214 3916 278 3967 Jrsu
295 3916 416 3982 Cumsrt,
435 3933 522 3970 rouus
537 3919 582 3971 tv.

1123 197 1175 260 807

645 318 672 362 et
684 311 834 378 collegistis
855 326 911 375 me,-
927 313 1022 374 nudus,
1037 319 1062 362 et
1080 327 1176 378 coope-

646 384 741 434 ruistis
759 398 813 447 me,·
838 385 968 451 infirmus,
992 391 1018 434 et
1043 385 1177 436 visitastis

646 471 686 507 me
691 475 701 521 ;
716 457 742 507 in
759 471 867 525 carcere
878 472 959 518 eram,
978 464 1004 508 et
1017 457 1127 507 venistis
1141 458 1177 508 ad

646 542 694 578 me.
708 556 738 565 -
755 529 794 577 Ex
816 538 889 595 parte
912 529 1090 594 reproborum
1111 529 1176 594 qui-

646 600 708 649 dam
722 600 914 663 judicabuntur
928 612 953 651 et
967 601 1175 659 damnabuntur,

645 681 676 721 ut
692 686 808 735 quorum
824 671 919 721 merita
933 670 1098 720 damnabilia
1114 686 1177 735 per-

646 743 730 793 mixta
753 752 817 793 sunt
833 743 969 808 aliquibus
993 743 1084 804 bonis;
1109 742 1178 793 sicut

646 815 755 865 illorum
778 813 824 879 qui
850 814 1011 864 Christianae
1036 813 1098 863 fidei
1122 813 1177 863 ini-

645 885 704 936 tiati
725 885 861 951 mysteriis
875 881 956 950 ope'ra
972 883 1033 935 fidei
1053 900 1178 935 exercere

646 969 832 1023 contemnunt,
846 969 871 1009 et
885 959 965 1009 fidem
978 958 1037 1008 sine
1051 959 1178 1025 operibus

647 1031 756 1090 habent,
773 1029 874 1095 quibus
894 1029 921 1078 in
944 1024 1104 1078 clamatione
1120 1030 1177 1079 Do-

647 1101 746 1151 minica
760 1100 875 1150 dicitur:
886 1100 1009 1162 Esurivi,
1025 1106 1050 1150 et
1063 1115 1114 1150 non
1130 1101 1178 1151 de-

647 1171 727 1221 distis
750 1171 815 1220 miti
840 1171 1018 1234 manducare;
1042 1170 1125 1231 sitivi,
1152 1177 1179 1221 et

647 1259 698 1296 uon
724 1243 838 1294 dedistis
862 1244 926 1293 mihi
947 1249 1055 1309 potum;
1083 1243 1179 1309 hospes

646 1328 731 1376 eram,
744 1320 769 1363 et
782 1329 833 1364 non
852 1313 1002 1379 collegistis
1016 1329 1056 1364 me
1059 1332 1069 1377 ;
1082 1315 1177 1375 nudus,

647 1390 673 1434 et
688 1398 739 1435 non
755 1384 931 1448 cooperuistis
945 1399 999 1448 me;
1016 1385 1138 1451 infirmus
1153 1392 1180 1434 et

648 1455 674 1505 iu
691 1467 808 1515 carcere,
826 1461 852 1504 et
867 1469 918 1504 iton
932 1455 1064 1505 visitastis
1084 1469 1133 1505 me.
1148 1484 1178 1492 -

648 1523 765 1585 Quidam
777 1540 840 1575 vero
853 1541 908 1574 non
922 1526 1121 1590 judicabuntur,
1132 1527 1178 1577 sed

647 1597 859 1659 damnabuntur3
875 1609 905 1648 ut
919 1614 1036 1664 quorum
1047 1600 1116 1648 mala
1128 1615 1180 1648 me-

647 1666 698 1716 rita
718 1666 830 1716 omnino
853 1667 1024 1732 impermixta
1047 1678 1111 1718 sunt
1128 1669 1178 1718 bo-

648 1738 700 1798 nis,
720 1749 750 1789 ut
773 1738 819 1804 qui
841 1737 922 1789 fidem
945 1741 1062 1805 recipere
1085 1741 1180 1791 nolue-

647 1821 719 1875 runt,
729 1822 755 1862 et
766 1810 941 1861 fundamento
953 1811 1014 1862 fidei
1027 1823 1179 1872 caruerunt,

646 1883 688 1932 vel
702 1882 749 1948 qui
764 1877 925 1948 susceptam
938 1881 1018 1933 fidem
1041 1883 1117 1948 quasi
1134 1899 1180 1948 per

647 1954 809 2021 apostasiam
837 1954 999 2018 reiecerunt,
1022 1956 1055 2005 de
1079 1955 1180 2022 quibus

647 2024 781 2077 Dominus
805 2025 870 2075 dicit
894 2042 901 2074 ι
926 2025 979 2085 Qui
1006 2040 1058 2076 non
1085 2026 1178 2087 credit,

641 2095 702 2162 jam
721 2096 863 2162 judicatus
892 2101 951 2157 est,·
977 2105 1004 2144 et
1026 2095 1058 2145 de
1080 2096 1181 2160 quibus

649 2167 749 2216 Paulus
764 2167 801 2216 ait
815 2183 828 2216 ι-
840 2166 893 2226 Qui
906 2168 964 2216 siue
979 2165 1039 2232 lege
1051 2161 1180 2232 peccavess

648 2244 719 2300 runt,
735 2237 793 2288 sine
803 2238 864 2304 lege
874 2238 1000 2301 peribunt
1005 2255 1014 2300 ;
1033 2238 1065 2286 de
1079 2238 1180 2302 quibus

648 2308 730 2358 etiarn
748 2307 897 2369 Psalmista,
917 2306 955 2356 ait
979 2324 985 2356 ι
1009 2307 1072 2357 Νοη
1088 2321 1181 2356 resur-

648 2386 714 2446 gent
736 2380 812 2444 impii
838 2379 864 2430 iu
893 2379 1004 2445 judicio.
1031 2379 1182 2445 Resurgent

649 2452 750 2518 quippe
773 2451 853 2501 ctiam
868 2466 963 2501 omnes
987 2451 1119 2509 infideles,
1135 2452 1182 2500 sed

648 2524 682 2573 ad
708 2531 882 2580 tormentum,
907 2538 962 2572 non
986 2523 1018 2572 ad
1040 2522 1181 2586 judicium.

650 2593 727 2644 Unde
748 2594 848 2643 Petrus
868 2593 971 2642 Cantor
993 2610 1030 2643 :a
1055 2593 1108 2653 Qui
1130 2607 1181 2643 uon

649 2663 750 2727 credit,
777 2678 833 2712 non
858 2663 962 2712 habens
986 2663 1089 2714 scilicet
1115 2664 1182 2713 cha-

649 2744 778 2786 tacterem
802 2734 875 2795 fidei,
889 2735 949 2802 jam
966 2735 1108 2802 judicatus
1132 2741 1181 2785 est.

650 2808 712 2859 Non
729 2807 803 2858 enim
815 2805 860 2858 fiet
873 2823 935 2857 cum
950 2809 994 2857 tali
1010 2807 1141 2859 discussio
1157 2816 1183 2855 et

650 2880 823 2943 examinatio,
838 2894 899 2929 curn
915 2878 1029 2928 caruerit
1045 2878 1183 2928 characte-

650 2964 678 3000 re
691 2959 716 3000 et
732 2948 855 3000 dominio
869 2947 960 3013 Regis,
978 2957 1003 2998 et
1017 2956 1120 2998 constet
1132 2961 1183 2996 cu-

650 3021 698 3072 tiae
712 3023 793 3072 talem
808 3035 867 3070 esse
884 3021 917 3070 de
933 3019 1065 3085 reprobis,
1081 3034 1130 3069 nec
1150 3019 1184 3069 de

650 3093 753 3145 familia
762 3093 824 3155 Dei;
840 3094 911 3143 unde
922 3092 981 3142 sine
990 3092 1124 3143 sententia
1137 3107 1183 3141 ra-

651 3165 740 3230 pietur
759 3164 788 3214 in
809 3163 900 3230 ignem
921 3174 1060 3214 aeternum.
1077 3163 1184 3213 Habens

651 3245 743 3285 autem
769 3235 947 3284 characterem
971 3233 1067 3300 Regis,
1094 3244 1119 3283 et
1143 3231 1183 3282 si-

652 3322 737 3373 gnum
753 3321 808 3371 quo
828 3305 862 3355 ab
883 3305 944 3356 aliis
964 3315 1101 3370 separatus
1118 3313 1182 3365 erat,

651 3376 779 3427 citabitur
802 3385 833 3426 ut
855 3374 939 3426 horno
962 3375 1067 3442 regius;
1091 3375 1184 3426 sedet

652 3463 712 3514 quae
731 3446 864 3498 discussio
888 3456 914 3498 et
937 3446 1096 3511 disceptatio
1122 3462 1184 3497 cum

652 3519 702 3569 eoi
724 3517 847 3580 Esurivi,
870 3523 897 3567 et
915 3532 967 3568 non
990 3517 1184 3569 dedistismihi

653 3590 830 3653 manducare,
856 3596 906 3641 etc.
931 3590 1109 3657 Tandemque
1135 3604 1183 3656 pro

653 3678 708 3712 non
721 3672 826 3712 servato
844 3659 1002 3725 charactere,
1016 3671 1043 3712 et
1060 3660 1183 3712 dominio

653 3728 744 3800 Reg'is,
765 3732 810 3784 fiet
827 3733 960 3784 sententia
977 3733 1003 3784 in
1024 3750 1087 3785 eum
1105 3735 1200 3783 dam--

654 3804 784 3856 nandum.
807 3821 819 3848 i·
844 3801 923 3854 Unde
946 3813 972 3854 et
996 3803 1148 3870 Gregorius
1172 3817 1181 3851 ε

1053 3916 1089 3966 23
