2626 4328
201 212 378 272 QUOMODO
395 213 553 264 DOMINUS
566 215 579 263 J
584 213 665 264 ESUS
676 213 852 293 APRARUIT
869 211 981 263 MATRI
997 213 1085 288 QUAE.
1150 215 1203 282 667

87 328 160 377 enim
170 327 191 377 si
199 328 373 394 Evangelistae
384 329 435 379 hoc
447 346 500 379 non
513 328 615 380 dicant?

86 399 615 463 Nonenim,utaitJoannes‚omniaeius

85 470 152 522 facta
164 472 261 536 scripta
276 484 347 522 sunt.
368 474 434 521 Nam
451 473 472 522 si
492 473 543 523 hoc
556 473 615 523 ideo

86 558 141 591 non
162 543 288 601 creditur,
305 543 474 608 quianullus
490 545 614 609 Evange-

86 612 207 662 listarum
232 624 350 677 testatur,
374 630 539 680 consequens
565 624 613 676 est,

84 694 115 734 ut
138 697 198 751 post
223 686 455 736 Resurrectionem
473 702 612 752 nunquam

84 757 137 806 sibi
153 758 316 822 apparuerit,
328 759 391 824 quia
401 758 456 816 ubi,
468 760 510 808 vel
525 774 614 824 quan-

84 829 118 876 do
132 829 223 876 nullus
234 828 403 893 Evangelista
417 829 548 880 edisserit.
560 829 613 880 Sed

85 898 155 947 absit
169 908 200 946 ut
214 898 293 946 talem
306 900 428 958 Matrem,
439 900 500 949 talis
516 900 612 958 Filius,

84 970 128 1019 tali
152 979 178 1020 et
195 979 268 1019 tanta
283 971 443 1036 negligentia
457 972 612 1022 dehonora-

84 1040 161 1098 verit,
178 1041 225 1106 qui
242 1051 343 1104 patrem
359 1053 383 1091 et
397 1052 509 1093 matrem
522 1044 612 1093 hono-

85 1112 137 1161 rari
151 1113 282 1177 praecepit.
297 1113 347 1162 Sed
360 1113 418 1163 ideo
433 1112 546 1164 forsitan
559 1115 610 1164 hoc

86 1183 260 1247 Evangelistae
273 1183 474 1245 subticuerunt,
489 1184 553 1250 quia
565 1200 612 1234 eo-

86 1268 145 1303 rum
167 1253 218 1303 fuit
238 1254 356 1304 officium
371 1257 541 1306 solummodo
557 1256 613 1306 Re-

86 1323 260 1373 surrectionis
283 1335 364 1374 testes
392 1326 518 1375 inducere
526 1343 533 1390 ;
553 1327 612 1375 Ma-

86 1408 154 1446 trem
171 1407 263 1446 autem
288 1398 319 1447 ad
343 1398 540 1449 testificandum
564 1414 614 1464 pro

87 1467 157 1516 Filio
171 1482 221 1516 suo
246 1467 371 1519 inducere
389 1485 443 1522 non
467 1469 566 1520 decuit.
581 1467 608 1519 Si

86 1539 159 1589 enim
175 1541 253 1589 verba
267 1553 454 1591 extranearum
466 1541 611 1594 mulierum

85 1610 257 1660 deliramenta
290 1621 354 1661 sunt
380 1614 456 1676 visa;
477 1615 614 1678 quomodo

85 1695 138 1729 non
174 1680 259 1746 magis
282 1683 403 1742 Matrem,
432 1699 480 1748 pro
506 1683 613 1736 honore

86 1752 147 1800 Filii
165 1754 302 1802 crederent
317 1755 446 1804 delirate?
460 1756 516 1805 Hoc
531 1756 614 1820 igitur

88 1823 264 1886 Evangelistae
300 1825 414 1875 scribere
446 1826 611 1890 noluerunt;

85 1892 130 1942 sed
143 1908 192 1957 pro
207 1894 339 1943 constanti
360 1895 534 1960 reliquerunt.
557 1896 614 1946 Hoc

86 1963 167 2012 etiam
184 1973 296 2013 testatur
322 1966 488 2028 Ambrosius,
503 1965 613 2016 dicens:

86 2052 99 2079 a
112 2033 187 2083 Vidit
202 2034 284 2084 Maria
305 2037 506 2086 Resurrectione
557 2037 615 2087 Do-

86 2104 170 2167 mini;
193 2105 280 2170 prima
297 2106 371 2165 vidit,
387 2117 413 2156 et
428 2107 528 2157 credidr
543 2144 549 2157 .
564 2107 615 2158 Vi-

87 2176 127 2224 dit
163 2177 246 2227 Maria
282 2178 452 2242 Magdalena,
490 2178 615 2244 quamvis

86 2245 177 2310 adhuc¹
188 2246 238 2296 ista
260 2258 401 2298 nutaret.»
419 2249 497 2299 Unde
518 2260 544 2300 et
559 2252 616 2301 An·

85 2315 184 2366 seimus
199 2336 207 2367 :
221 2318 313 2367 «Arsi
331 2319 431 2384 aliquis
447 2321 553 2385 quaerit,
568 2334 615 2368 cur

85 2387 261 2454 Evangelistae
296 2405 351 2438 non
375 2389 490 2441 referant
521 2391 610 2456 ipsum

83 2457 238 2520 piissimum
264 2461 410 2512 Dominum
428 2479 442 2513 a
460 2472 548 2512 morte
571 2478 616 2513 re-

85 2543 248 2597 surgentem,
265 2533 328 2583 huic
345 2535 507 2585 dulcissimae
527 2528 615 2599 Matri,

86 2612 115 2653 ut
129 2602 186 2664 ejus
200 2603 304 2653 dolores
319 2605 462 2670 mitigaret,
477 2605 565 2670 primo
586 2620 616 2654 ac

87 2674 219 2739 praecipue
228 2675 392 2741 apparuisse,
403 2676 526 2736 dicimus,
540 2675 614 2742 quod

87 2761 102 2794 a
129 2744 246 2810 quodam
272 2746 391 2810 sapiente
417 2747 450 2796 de
478 2746 529 2796 hoc
556 2747 616 2813 ipso

86 2817 250 2868 sciscitantes
276 2818 437 2869 audivimus.
460 2819 505 2869 Ait
533 2835 616 2886 ergo:

87 2888 173 2938 Tanta
189 2889 273 2940 scitur
297 2890 440 2940 auctoritas
457 2890 616 2940 narrationis

86 2959 271 3026 Evangelistae‚
286 2972 316 3012 ut
333 2961 403 3011 nihil
417 2961 445 3012 in
459 2977 490 3012 ea
511 2962 616 3026 depen-

668 328 743 388 dens,
778 330 820 380 vel
847 329 937 392 inane,
964 329 1005 380 vel
1032 329 1201 395 superfluum

670 399 825 464 reperiatur.
850 401 940 466 ltaque
956 401 979 451 si
1000 401 1088 459 Matri,
1104 402 1126 451 sl
1143 403 1199 453 Do-

669 471 749 520 minae
759 472 853 521 mundi
868 472 925 537 ipse
936 472 1021 522 Filius
1037 473 1094 536 ejus
1106 474 1138 522 ab
1151 473 1196 522 in-

667 545 742 594 ferno
757 561 899 610 resurgens
924 545 1104 605 scriberetur,
1128 547 1198 596 sicut

667 614 736 673 aliis,
760 615 923 680 apparuisse,
946 630 1058 682 eamque
1087 617 1119 665 de
1146 632 1194 666 sua

667 687 868 737 Resurrectione
889 686 1028 750 docuisse;
1054 687 1117 752 quis
1140 702 1194 736 non

667 758 718 807 tale
739 757 867 822 scriptum
890 757 1056 823 superfluum
1082 757 1196 814 diceret?

668 827 798 894 Reginam
824 828 945 878 videlicet
974 829 1032 878 coeli
1060 838 1087 878 et
1108 838 1194 888 terrae,

667 899 813 964 omnisque
833 907 960 948 creaturae
981 907 1132 964 coaequaret
1146 897 1194 951 ,illi

667 971 708 1019 vel
734 969 774 1019 illi
793 969 894 1035 quibus
916 970 1047 1034 apparuit,
1072 969 1130 1018 viro
1153 968 1194 1017 vel

668 1040 784 1090 mulieri.
809 1039 924 1104 Spiritus
949 1040 1007 1103 ejus
1022 1041 1099 1105 plene
1114 1051 1194 1104 atque

668 1110 782 1176 perfecte
795 1111 822 1159 in
836 1110 882 1161 illa
898 1109 1060 1176 quiescebat,
1076 1111 1123 1176 qui
1141 1111 1192 1160 sibi

668 1192 693 1232 et
707 1197 765 1232 esse
782 1181 866 1241 illius,
885 1191 911 1231 et
931 1181 1024 1230 omnia
1038 1180 1103 1231 facta
1126 1182 1191 1245 ejus,

667 1266 692 1306 et
708 1257 768 1305 luce
784 1256 880 1305 clarius
892 1255 1039 1316 revelabat3
1063 1265 1089 1304 et
1104 1256 1193 1304 Evan-

667 1327 766 1391 gelistae
792 1326 946 1385 scriberent,
970 1336 1034 1375 tunc
1058 1326 1099 1375 vel
1128 1334 1193 1375 tunc

668 1397 706 1448 illi
718 1399 798 1448 talem
811 1400 852 1448 vel
863 1399 943 1447 talem
954 1407 1039 1448 semet
1053 1397 1195 1447 exhibuis-

668 1483 717 1518 se:
733 1468 817 1519 »haec
839 1469 990 1520 Anselmus
1015 1468 1092 1518 Unde
1113 1467 1194 1518 etiam

668 1540 796 1591 Sedulius
807 1558 815 1591 .·

667 1683 776 1748 Semper
791 1683 870 1748 virgo
884 1696 1001 1745 manens,
1017 1681 1096 1748 hujus
1110 1695 1139 1731 se
1151 1680 1193 1731 vi-

991 1753 1074 1818 [sibus
1090 1758 1192 1813 astans,

667 1824 739 1874 Luce
753 1823 846 1890 palam
869 1823 999 1874 Dominus
1012 1823 1194 1958 priussstxrtu·

668 2038 738 2089 Dicit
759 2037 840 2088 etiam
861 2037 997 2103 IgnatiuS,
1013 2036 1085 2102 quod
1105 2035 1194 2101 primo

668 2108 801 2159 Dominus
822 2107 947 2173 apparuit
963 2105 1040 2156 Matri
1064 2121 1119 2156 suae
1134 2115 1195 2170 post

669 2179 920 2238 Resurrectionem,
949 2188 975 2227 et
1008 2177 1196 2227 consolabatur

669 2265 740 2312 eam;
756 2265 788 2299 ex
804 2265 858 2314 quo
870 2259 942 2298 tanto
957 2248 1008 2298 fuit
1022 2249 1121 2312 repleta
1135 2261 1196 2312 gau·

669 2322 725 2380 dio,
740 2321 813 2386 quod
828 2321 910 2370 oblita
925 2320 977 2369 fuit
991 2319 1080 2368 omnis
1094 2317 1194 2367 doloris

669 2407 752 2458 quem
782 2390 911 2440 habuerat
934 2391 966 2440 de
987 2404 1034 2439 sua
1055 2388 1193 2438 Passione.

670 2463 748 2524 Quod
760 2479 823 2528 ergo
838 2461 908 2512 infra
922 2461 1021 2511 dicitur
1042 2458 1196 2526 apparuisse

666 2535 755 2600 primo
769 2532 872 2584 Maria·
892 2531 1077 2599 Magdalenae,
1094 2529 1196 2581 intelli-

670 2606 750 2672 gitur,
760 2605 830 2655 inter
840 2621 895 2663 eos,
910 2604 1010 2670 quibus
1021 2602 1106 2653 voluit
1117 2616 1196 2652 suam

670 2677 904 2728 Resurrectionem
945 2675 1075 2741 probare3
1118 2671 1197 2722 Matri

670 2747 744 2799 enim
756 2747 863 2814 Virgini
878 2747 966 2813 primo
981 2745 1105 2796 omnium
1120 2757 1197 2809 appa·

670 2820 732 2879 ruit,
748 2835 803 2881 non
822 2829 851 2868 ut
868 2817 1102 2868 Resurrectionem
1118 2828 1194 2864 suam

671 2892 803 2957 probaret,
821 2891 866 2940 sed
890 2899 920 2939 ut
933 2903 991 2939 eam
1016 2888 1048 2938 de
1063 2886 1122 2936 visu
1144 2899 1193 2935 suo

670 2960 826 3012 laetificaret.
848 3004 850 3008 .

572 3192 708 3244 ORATIO

117 3372 249 3433 OMaria,
262 3372 309 3422 Dei
331 3373 455 3423 Genitrix
471 3383 497 3424 et
519 3373 603 3439 Virgo
625 3372 750 3438 gratiosa,
766 3370 890 3422 omniurn
911 3368 1091 3419 desolatorum
1119 3365 1151 3415 ad
1173 3373 1199 3416 te

87 3447 260 3497 clamantium
281 3447 442 3497 consolatrix
460 3463 530 3509 vera,
548 3462 594 3513 per
611 3446 678 3496 illud
696 3461 827 3512 magnum
842 3444 970 3511 gaudium
986 3457 1041 3509 quo
1062 3441 1198 3522 consolata

87 3534 124 3578 es,
138 3520 247 3585 quando
261 3519 409 3586 cognovisti
431 3520 579 3585 Dominum
600 3519 691 3568 Jesum
715 3519 758 3569 die
779 3517 857 3569 tertia
874 3531 890 3566 a
906 3514 1021 3565 mortuis
1035 3512 1193 3577 impassibi-

87 3591 140 3640 lem
157 3591 342 3650 resurrexisse,
366 3593 403 3641 sis
417 3590 577 3642 consolatrix
590 3589 689 3641 animoe
702 3605 782 3654 meae;
801 3598 826 3639 et
842 3589 912 3653 apud
926 3586 1050 3638 eumdem
1065 3594 1152 3642 tuum,
1170 3591 1196 3632 et

87 3662 135 3713 Dei
151 3664 251 3713 Natum
265 3663 445 3729 unigenitum,
459 3663 487 3712 in
502 3663 545 3715 die
558 3661 717 3723 novissimo,
737 3661 847 3728 quando
862 3675 923 3709 cum
944 3657 1034 3708 anima
1049 3667 1074 3706 et
1088 3669 1198 3735 corpore

88 3748 132 3784 ero
147 3745 353 3792 resurrecturus,
368 3744 394 3784 et
407 3735 439 3785 de
453 3733 566 3800 singulis
581 3732 649 3784 meis
667 3732 743 3783 factis
763 3731 895 3782 rationem
913 3729 1078 3789 redditurus,
1093 3741 1139 3776 me
1153 3725 1195 3773 dr-

88 3804 180 3868 gneris
190 3804 297 3870 juvare3
311 3805 383 3870 quod
396 3815 530 3872 perpetuae
544 3803 724 3855 damnationis
734 3803 893 3855 sententiam
910 3817 957 3868 per
968 3811 1003 3860 te,
1022 3799 1063 3865 pia
1078 3798 1161 3846 Mater
1171 3803 1197 3844 et
