2626 4328
200 287 248 340 DE
263 287 433 340 SECUNDIS
451 288 628 351 VESPERIS,
645 289 680 341 IN
697 291 868 344 PASSIONE
884 293 1021 345 DOMINI.

1131 292 1185 362 619

56 404 153 470 capite,
169 404 297 455 eumdem
315 405 442 471 spiritum
456 404 582 466 emisisti,
597 415 624 457 et
642 407 695 472 iem
711 418 835 460 mortuus
849 409 948 460 vulnus
962 408 1062 469 lateris,
1078 408 1111 460 de
1124 409 1186 459 lan-

56 489 101 526 cea
114 473 215 525 militis
242 476 384 541 suscepisti
400 493 408 527 ε
422 476 543 542 dignare,
562 493 665 544 quaeso,
687 489 801 530 nuncet
817 496 932 546 semper,
952 479 1075 545 spiritum
1091 495 1184 530 meum

56 544 105 595 tibi
120 547 345 596 commendatum
362 547 468 606 habere,
494 556 520 597 et
541 547 631 613 gladio
648 548 765 599 caritatis
786 564 832 600 cor
850 566 941 601 meum
956 550 1182 611 transverberare,

56 616 136 684 eique
159 618 273 668 vulnera
296 617 335 668 tui
358 618 478 684 corporis
494 619 665 686 imprimere,
689 630 714 670 et
729 636 776 687 per
792 621 860 684 haec,
882 620 1059 687 cogitationes
1074 620 1183 672 illicitas

55 688 166 755 abipso
180 691 318 755 repellere,
334 705 364 741 ac
378 691 484 741 tandem
499 691 528 741 in
543 691 598 742 fine
613 692 675 743 vitae
690 708 765 753 meae,
786 693 912 759 spiritum
931 708 1022 744 meum
1036 692 1065 743 in
1085 708 1184 746 manus

56 769 116 810 tuas
129 761 368 822 commendatum,
383 776 445 812 curn
459 762 545 813 beatis
558 762 700 829 spiritibus
713 765 851 815 collocare.
867 765 964 816 Amen.

481 1217 648 1289 CAPUT
672 1219 769 1287 LXV

189 1490 243 1558 De
264 1492 426 1560 secundis
457 1492 628 1584 Vesperis,
651 1492 688 1562 in
706 1495 877 1563 Passione
895 1492 1052 1563 Domini.

186 1763 331 1827 Matthaei
352 1786 418 1848 cap.
444 1788 496 1850 27,
521 1766 622 1830 Marci
644 1788 712 1850 cap.
741 1771 791 1846 15,
814 1770 908 1832 Lucae
929 1789 996 1854 cap.
1023 1772 1062 1832 23

447 1885 478 1935 et
498 1872 631 1936 loannis
650 1895 717 1957 cap.
746 1897 794 1958 19.

96 2152 107 2186 1
135 2137 236 2188 Josnrrt
262 2153 295 2187 nu
320 2138 473 2189 Antunrtttn
498 2153 600 2190 coneus

61 2208 163 2259 Dorum
185 2223 273 2259 rsrrr.
299 2237 329 2247 -
353 2209 425 2260 Hora
447 2209 600 2277 vespertina

61 2281 240 2333 meditaberis
262 2291 353 2332 mente
376 2282 484 2348 lugubri
510 2294 536 2333 et
557 2284 600 2333 la·

61 2351 215 2418 crymabili,
229 2351 367 2418 quomodo
381 2363 465 2403 mater
478 2353 599 2416 Domini,

60 2434 89 2475 et
111 2420 159 2474 alii
177 2433 304 2490 quatuor,
325 2434 429 2489 ponunt
451 2439 479 2475 se
501 2425 600 2475 iterum

62 2495 96 2545 ad
121 2495 274 2545 sedendum
298 2510 381 2561 prope
404 2509 522 2554 crucem,
550 2510 600 2545 ne·

60 2565 176 2616 scientes
190 2565 257 2632 quid
269 2565 354 2616 facere
362 2566 486 2617 debeant.
496 2567 601 2631 Corpus

62 2636 137 2687 enim
152 2636 264 2686 Domini
289 2636 432 2702 deponere,
447 2647 474 2687 et
489 2637 601 2702 sepelire

62 2721 120 2756 non
136 2717 252 2772 possunt
268 2723 275 2756 :
292 2706 357 2773 quia
372 2722 420 2757 nec
434 2706 503 2757 vires
522 2705 601 2756 suffi-

61 2777 166 2829 cientes
197 2778 310 2838 habent,
342 2794 389 2829 nec
424 2779 601 2829 instrumenta

62 2849 165 2913 quibus
184 2849 330 2914 deponant.
354 2849 485 2899 Recedere
501 2860 601 2910 autem,

61 2918 150 2969 eosic
166 2930 302 2979 manente,
317 2935 372 2969 non
387 2919 499 2981 audent;
517 2929 544 2969 et
555 2919 602 2969 diu

62 3003 194 3050 manere,
233 2999 309 3038 nocte
346 2988 599 3056 appropinquante,

62 3076 120 3112 non
141 3064 239 3112 valent.
265 3061 334 3112 Vide
357 3062 386 3111 in
409 3073 510 3128 quanta
537 3070 600 3112 sunt

61 3131 248 3199 perplexitate,
260 3143 288 3183 et
295 3133 334 3183 eis
345 3133 424 3184 corde
438 3143 600 3198 compatere.

62 3204 177 3256 lnterim
198 3215 289 3256 autem
310 3205 411 3272 Joseplt
431 3205 465 3255 ab
486 3204 600 3256 Arima-

62 3276 131 3341 atria,
155 3276 261 3328 civitate
277 3279 384 3338 Judaeae,
408 3278 500 3328 decem
516 3277 600 3328 leucis

61 3347 97 3398 ab
125 3346 275 3398 Jerusalem
300 3347 424 3407 distante,
450 3347 600 3414 antiquitus

62 3418 138 3469 dicta
154 3419 298 3483 Ramatha,
315 3420 387 3469 unde
407 3418 517 3470 fuerunt
533 3419 600 3470 Hel-

60 3504 132 3541 cana
154 3500 180 3542 et
203 3493 293 3554 Anna,
315 3500 437 3556 parentes
457 3490 599 3554 Samuelis,

61 3562 142 3614 dives
155 3568 182 3614 et
196 3563 293 3614 nobilis
307 3578 413 3629 genere.
431 3573 456 3614 et
469 3563 598 3626 Decus-io,

61 3635 91 3684 id
115 3643 159 3686 est
179 3636 213 3685 de
228 3635 332 3686 ordinae
349 3634 440 3696 curiae,
464 3645 490 3686 et
511 3634 600 3686 officia

60 3704 148 3756 curie
169 3704 279 3771 imperii
302 3705 488 3756 Romanorum
510 3705 599 3756 admi-

61 3775 202 3839 nistrans;
218 3777 261 3827 vit·
276 3777 366 3839 bonus,
383 3776 412 3826 in
428 3792 456 3826 se
469 3787 495 3827 et
509 3777 598 3843 quoad

61 3849 163 3914 Deum,
179 3854 206 3899 et
211 3848 317 3915 justus,
329 3849 418 3916 quoad
432 3849 598 3915 proximum;

653 2154 687 2191 aa
703 2139 851 2207 discipulus
869 2142 944 2204 Jesu,
965 2158 1021 2193 non
1036 2144 1069 2193 de
1083 2143 1189 2194 duode-

653 2209 717 2272 cim,
742 2212 784 2261 vel
810 2211 844 2262 de
873 2213 1041 2280 septuaginta
1071 2213 1188 2275 duobus,

653 2282 699 2331 sed
728 2282 761 2332 de
785 2284 880 2334 multis
906 2283 966 2334 aliis
1002 2283 1190 2349 credentibus,

653 2352 717 2418 quia
737 2368 832 2403 omnes
855 2354 994 2404 credentes
1015 2370 1031 2404 a
1054 2354 1190 2419 principio

654 2421 780 2487 discipuli
800 2423 973 2482 vocabantur,
991 2424 1039 2475 sed
1059 2423 1190 2488 occultus,

653 2499 764 2559 propter
789 2500 882 2544 metum
907 2494 1073 2558 Judaeorum,
1100 2510 1133 2546 ne
1157 2495 1192 2546 de

655 2579 791 2630 synagoga
807 2564 991 2629 expelleretur,
1006 2567 1052 2632 qui
1066 2581 1117 2616 non
1132 2575 1192 2617 con·

655 2640 778 2684 senserat
801 2636 859 2685 neci
884 2635 1005 2698 Domini,
1032 2647 1059 2687 et
1084 2638 1190 2688 actibus

655 2711 681 2755 et
702 2705 824 2756 consiliis
837 2706 952 2758 aliorum
969 2708 1111 2759 Christum
1128 2723 1191 2774 per·
1256 2736 1258 2739 -

656 2776 844 2842 sequentium;
868 2778 915 2843 qui
934 2785 961 2828 et
983 2779 1047 2844 ipse,
1072 2779 1142 2828 sicut
1164 2785 1190 2826 et

656 2847 703 2896 alii
725 2847 851 2914 discipuli
876 2850 1059 2913 exspectabat,
1089 2847 1191 2898 scilicet

657 2918 818 2970 certitudine
832 2919 899 2985 spei,
915 2933 1028 2986 regnum
1048 2919 1108 2980 Dei,
1133 2931 1190 2967 non

656 2990 803 3054 temporale
818 2999 844 3038 et
857 2998 1003 3048 terrenum,
1023 2989 1069 3039 sed
1084 2988 1191 3039 coeleste

654 3068 681 3108 et
700 3068 841 3118 aeternum,
858 3058 885 3107 id
904 3068 944 3108 est
967 3073 1081 3124 regnum
1105 3059 1190 3109 coelo-

655 3145 725 3190 rum,
746 3144 762 3180 a
783 3128 893 3179 Christo
912 3128 1052 3194 discipulis
1070 3128 1192 3196 promis-

655 3217 726 3260 sum,
755 3199 826 3251 venit
849 3199 881 3250 ad
907 3199 1091 3265 sepeliendum
1107 3198 1192 3250 Chri-

655 3290 726 3333 sum,
740 3285 883 3339 antequam
904 3273 1015 3324 intraret
1036 3272 1191 3334 sabbatum,

654 3345 683 3394 in
697 3360 753 3411 quo
765 3345 828 3396 talia
837 3344 923 3409 facere
935 3361 990 3395 non
1004 3356 1060 3395 erat
1073 3343 1191 3395 licitum.
1229 3343 1232 3348 ’

655 3415 726 3474 Quia
740 3415 814 3466 enim
830 3426 886 3466 erat
900 3413 1049 3481 discipulus
1066 3413 1189 3476 Domini,

654 3485 715 3535 ideo
728 3500 819 3535 curam
834 3486 867 3535 de
883 3500 994 3550 corpore
1016 3485 1074 3551 ejus
1089 3484 1190 3536 habere

653 3557 748 3618 voluit,
767 3568 798 3607 ut
817 3572 879 3608 cum
894 3557 998 3608 honore
1019 3557 1189 3622 sepeliretur,

654 3638 680 3678 et
702 3644 757 3677 non
779 3627 850 3677 sicut
869 3626 988 3678 damnati
1011 3642 1108 3692 corpus
1123 3642 1190 3693 pro-

652 3699 786 3764 jiceretur.
824 3697 874 3747 Hic
910 3696 1010 3748 virtute
1046 3696 1191 3763 sanguinis

654 3773 756 3824 Christi
779 3772 832 3838 iam
852 3771 905 3822 fusi
930 3773 1081 3836 roboratus,
1097 3771 1189 3821 auda-

653 3853 717 3910 cter,
732 3847 808 3898 omni
823 3845 920 3898 timore
934 3846 1067 3914 deposit0‚
1082 3854 1109 3894 et
1122 3857 1189 3892 con—
