2626 4328
375 323 422 374 DE
439 322 559 384 PRIMA,
576 322 612 374 IN
630 319 798 376 PasffloNE
812 326 951 379 DOMINI.

94 435 261 501 innoxium,
289 446 316 488 et
349 453 394 488 eos
424 438 471 504 qui
503 448 628 489 accusant

92 508 168 558 docet
200 523 261 559 esse
289 523 430 574 perversos
463 527 471 559 ι
503 509 627 560 docuisse

93 579 166 629 enim
191 580 336 644 populum,
352 596 407 630 non
430 580 561 640 criminis,
583 580 629 630 sed

92 651 201 702 virtutis
219 661 326 702 constat
340 667 398 703 esse
411 652 559 716 indicium;
582 668 631 703 nec

92 725 242 776 commovit
255 727 398 791 populum,
412 728 459 793 qui
477 727 548 792 pacis
560 743 629 778 con-

92 797 161 848 didit
186 806 391 848 testamentum.
415 799 534 864 Mystice,
553 814 630 849 com-

93 868 179 919 movit
188 869 323 934 populum
334 869 434 919 salubri
448 869 630 921 commotione

93 939 165 991 viam
195 938 319 990 veritatis
348 940 486 1004 docendo,
513 941 548 990 de
575 955 630 1006 qua

92 1009 278 1062 commotione
304 1009 404 1060 dicitur
429 1011 458 1061 in
485 1011 594 1062 Psalmo
621 1028 628 1062 :

93 1080 271 1132 Commovisti
297 1086 397 1131 terr-am
416 1087 443 1132 et
460 1083 628 1134 conturbasti

91 1166 160 1214 eam,
182 1165 255 1201 sana
278 1150 452 1203 contritiones
469 1152 545 1219 ejus,
565 1153 629 1218 quia

93 1228 225 1274 commota
257 1227 307 1273 est.
339 1222 513 1273 Clamoribus
546 1223 630 1288 igitur

92 1294 307 1356 invalescebant,
330 1294 377 1360 qui
404 1295 433 1345 in
458 1295 496 1345 rei
519 1295 630 1347 veritate

91 1367 260 1428 deficiebant,
278 1378 308 1419 ut
335 1368 372 1418 sit
398 1369 556 1435 clamorosa,
573 1385 628 1419 non

91 1439 160 1503 justa
173 1437 324 1501 accusatio,
341 1439 405 1504 quia
419 1454 467 1504 per
483 1440 627 1489 clamorem

92 1512 236 1561 voluerunt
259 1509 390 1570 obtinere,
411 1510 485 1576 quod
502 1525 558 1560 non
573 1525 627 1576 po-

92 1591 176 1632 terant
202 1595 252 1646 per
279 1579 409 1630 rationem
441 1581 547 1631 habere.
583 1580 627 1630 Sic

92 1650 194 1702 faciunt
206 1650 329 1718 maligni,
341 1661 491 1717 quaerentes
503 1650 627 1702 obtinere

92 1737 138 1788 per
158 1722 242 1772 verba
268 1732 294 1771 et
315 1721 535 1781 contentionem,
551 1720 625 1786 quod

93 1808 148 1842 non
161 1801 280 1858 possunt
296 1807 343 1858 per
361 1791 491 1857 justitiam
513 1801 539 1841 et
554 1791 627 1842 veri-

94 1873 184 1914 tatem.
199 1864 280 1913 Nunc
295 1863 434 1913 considera
448 1862 476 1911 in
494 1871 625 1927 quantum

93 1950 121 1984 se
132 1933 289 1983 humiliavit
300 1933 385 1983 ludex
401 1932 484 1983 totius
498 1941 626 1982 creaturae

93 2006 257 2056 constitutus
268 2021 284 2056 a
300 2005 391 2065 Patre,
404 2014 434 2055 ut
448 2004 627 2070 acquiesceret

94 2086 162 2126 stare
174 2086 238 2126 ante
259 2075 375 2139 judicem
389 2086 464 2126 terrac
475 2075 581 2125 Judaeae.
594 2075 627 2124 Et

94 2148 160 2200 sicut
173 2149 303 2200 Christus
322 2165 384 2198 cum
403 2158 464 2199 ante
483 2148 626 2199 Praesidem

96 2232 265 2282 statueretur,
285 2232 311 2272 et
328 2223 432 2288 iniquis
448 2221 627 2273 accusationi-

95 2295 143 2345 bus
162 2293 231 2344 salse
244 2303 399 2358 urgeretur,
420 2308 528 2343 omnem
551 2308 628 2343 man·

95 2365 264 2416 suetudinem
283 2375 309 2414 et
324 2363 480 2428 patientiam
494 2363 627 2426 ostendit;

95 2434 132 2484 sic
142 2450 223 2486 verus
236 2434 340 2483 Christi
356 2434 475 2484 imitator
487 2449 542 2482 non
555 2442 632 2483 mur-¹

97 2516 191 2568 mutet,
216 2514 264 2554 aut
288 2505 422 2562 reclamet,
447 2518 494 2553 nec
518 2517 628 2553 contra-

97 2577 178 2639 dicat,
212 2592 275 2627 cum
308 2575 426 2626 indebite
458 2576 491 2625 ab
520 2574 628 2625 aemulis

99 2649 210 2712 laeditur,
226 2657 274 2698 aut
288 2648 471 2713 impugnatur.

128 2719 157 2770 13
170 2720 358 2770 Docunauruu
375 2732 480 2767 uoaaua
497 2733 529 2766 ax
545 2731 627 2766 accu-

99 2808 205 2844 srsrona
222 2793 344 2851 Cuntsrr,
367 2806 449 2841 nctus
473 2805 627 2840 consonui-

101 2879 181 2915 rrorus
198 2879 232 2914 aa
249 2878 355 2913 ουτω.
373 2890 404 2900 -
423 2862 462 2910 Ex
485 2861 537 2911 isto
559 2861 628 2911 arti-

102 2935 164 2995 culo,
179 2932 360 2984 accusationis
379 2931 481 2981 Christi
496 2932 529 2981 de
543 2931 626 2991 falsis,

101 3006 171 3057 datur
183 3006 388 3062 documentum,
404 3004 477 3070 quod
486 3019 628 3054 caveamus

103 3094 132 3129 ne
147 3089 173 3130 et
183 3095 234 3129 nos
248 3079 280 3128 de
294 3077 361 3127 falso
375 3078 414 3126 vel
434 3075 500 3126 false
516 3091 627 3126 accuse-

103 3167 156 3204 mus
176 3152 328 3203 Christum.
350 3149 395 3200 lsti
413 3148 487 3199 enim
502 3157 628 3198 accusant

102 3222 234 3274 Christum
248 3217 281 3271 de
298 3219 377 3282 falso,
391 3219 439 3286 qui
458 3218 510 3268 sibi
528 3219 626 3268 falsum

46 3328 48 3335 -
102 3291 247 3359 imponunt,
264 3291 334 3341 sicut
345 3289 440 3352 ludaei,
454 3287 560 3354 pagani,
575 3289 628 3338 hae·

46 3398 48 3413 .
103 3364 189 3424 retici,
213 3378 242 3413 ac
264 3360 419 3412 consimiles
441 3358 488 3424 qui
510 3358 544 3408 de
567 3358 626 3423 ipso

46 3494 48 3501 Ι
102 3432 204 3484 Christo
226 3432 304 3483 aliter
328 3445 410 3497 quam
432 3429 539 3489 debent,
564 3444 628 3479 sen-

102 3502 176 3555 tiunt.
203 3504 274 3553 Sunt
300 3510 326 3551 et
352 3499 397 3549 alii
425 3499 473 3564 qui
501 3506 627 3549 accusant

100 3589 156 3625 eum
169 3575 204 3625 de
219 3589 301 3635 vero,
316 3572 362 3623 sed
377 3571 452 3631 false,
470 3570 541 3620 sicut
562 3569 626 3619 mali

46 3662 49 3677 ¹
100 3645 255 3704 Christiani,
273 3643 321 3710 qui
343 3651 499 3707 retorquent
522 3650 628 3705 peccata

46 3740 50 3757 ·
99 3719 189 3768 suain
212 3717 310 3774 Deum,
331 3713 448 3763 dicentes
461 3728 468 3761 ι
483 3712 555 3761 Deus
575 3711 627 3760 hoc

46 3780 48 3811 ²
100 3791 197 3849 coluit,
215 3789 257 3839 vel
270 3787 354 3838 stellae
368 3784 487 3836 fecerunt
502 3799 546 3833 me
559 3799 623 3849 pec-

101 3878 167 3928 eare3
187 3862 260 3913 Deus
279 3870 368 3910 autem
389 3856 451 3908 lecit
473 3857 578 3916 stellas,
603 3864 629 3906 et

100 3936 135 3989 sic
159 3937 234 3988 Deus
260 3933 324 3984 iecit
346 3948 390 3984 me
412 3946 527 3998 peccare.
552 3930 629 3981 False

1168 328 1219 380 523

684 439 803 505 imponis
821 451 958 504 peccatum
982 450 1060 492 tuum
1082 443 1148 493 Deo.
1163 443 1220 494 Ve-

683 524 745 559 rum
760 510 871 576 quidem
886 513 1013 578 estquod
1030 513 1104 562 Deus
1116 513 1219 566 fecit-et

683 589 708 630 te
723 589 748 630 et
766 582 865 645 stellas,
888 593 914 632 et
931 582 990 633 haec
1010 581 1101 632 omnia
1127 583 1217 647 bona;

683 653 730 702 sed
747 653 818 719 quod
834 655 907 705 Deus
923 654 1020 705 creavit
1033 671 1087 704 non
1108 665 1133 705 te
1147 654 1220 721 cogit

682 723 714 773 ad
728 725 902 788 peccandum,
917 726 963 776 sed
979 725 1080 776 malitia
1093 726 1218 776 volunta·

682 795 717 845 tis
739 805 807 857 tuae3
830 811 894 862 ergo
909 797 1066 862 imputando
1082 798 1138 847 Deo
1152 812 1218 863 pec·

682 878 773 918 catum
804 878 900 929 tuum,
929 879 958 919 tu
987 885 1094 921 accusas
1127 871 1218 921 Deum

682 940 758 992 false.
781 942 856 1002 Item,
873 942 926 992 alio
947 943 1027 992 modo
1042 943 1153 1009 quidam
1171 957 1219 994 ac·

682 1025 778 1066 cusant
803 1017 890 1066 Deum
915 1015 997 1076 false,
1024 1017 1088 1066 mali
1117 1016 1220 1068 scilicet

682 1086 837 1145 Christiani,
853 1086 980 1137 habentes
1001 1087 1113 1153 quidem
1134 1087 1218 1137 fidem

681 1170 782 1219 veram,
804 1157 850 1208 sed
872 1156 1029 1216 informem,
1047 1157 1095 1222 qui
1115 1172 1219 1224 cogno-

682 1237 760 1278 scunt
772 1228 913 1278 Christum
934 1245 982 1295 per
997 1228 1087 1293 fidem,
1103 1230 1149 1279 sed
1163 1246 1217 1281 non

681 1298 830 1363 glorificant
843 1314 906 1349 eum
927 1315 974 1366 per
988 1299 1080 1350 vitam.
1095 1299 1137 1348 Ad
1149 1316 1217 1350 con-

680 1370 853 1421 formandum
875 1386 904 1420 se
921 1371 985 1421 huic
1003 1370 1125 1433 articulo,
1140 1386 1217 1421 reco-

680 1441 745 1506 gitet
764 1442 858 1502 homo,
877 1442 1016 1509 quomodo
1043 1442 1087 1492 ille
1107 1442 1154 1508 qui
1176 1453 1217 1494 est

680 1515 738 1578 ipsa
759 1512 881 1574 Verius,
896 1524 1006 1580 propter
1023 1530 1072 1564 nos
1091 1513 1217 1564 falsitati-

680 1584 731 1633 bus
743 1584 902 1635 calumniari
917 1586 1045 1651 dignatus
1060 1596 1109 1645 cst,
1123 1595 1153 1634 ut
1166 1599 1217 1636 nos

680 1654 707 1703 in
731 1654 841 1704 veritate
864 1654 995 1716 fundaret,
1016 1666 1042 1706 et
1062 1656 1101 1704 sic
1127 1665 1184 1705 oret
1208 1672 1215 1706 :

679 1726 753 1785 Jesu,
777 1725 823 1790 qui
843 1739 936 1776 coram
958 1726 1052 1777 Pilato
1068 1727 1101 1776 de
1125 1725 1217 1776 multis

673 1797 761 1862 falsis
783 1799 909 1849 accusari
932 1799 1059 1860 voluisti,
1085 1799 1150 1849 doce
1175 1811 1217 1849 me

679 1868 829 1933 iniquorum
842 1869 978 1934 fallacias
999 1870 1117 1931 evitare,
1137 1875 1162 1919 et
1171 1869 1215 1934 Ji-

679 1939 738 1989 dcm
764 1939 950 1990 Christianam
983 1940 1058 1990 tonis
1085 1940 1213 2004 operibus

679 2010 811 2060 veraciter
829 2010 965 2076 profiteri.

714 2096 746 2144 14
759 2081 870 2131 Daa1s1o
891 2081 1003 2131 Cuarsri
1028 2095 1098 2129 naun
1120 2081 1215 2129 Hauo-

679 2166 749 2213 nan‚
774 2166 950 2200 uocuuauruu
978 2166 1086 2200 nonita
1111 2165 1144 2199 ax
1169 2165 1213 2209 aa,

679 2237 763 2272 ierus
780 2237 1007 2271 consonuirrours
1020 2236 1054 2269 ur
1064 2235 1171 2269 onnrro.
1182 2246 1215 2256 -

681 2294 747 2342 Cum
763 2299 851 2343 autem
869 2292 978 2341 Pilatus
996 2291 1127 2353 audisset,
1144 2290 1215 2355 quod

679 2367 760 2415 Jesus
778 2365 855 2415 homo
871 2364 1013 2424 Galilaens,
1030 2370 1055 2413 et
1072 2363 1104 2412 de
1120 2363 1215 2413 Hero-

680 2436 723 2484 dis
737 2435 889 2484 Tetrarchae
906 2440 1040 2499 potestate
1051 2439 1130 2495 esset,
1150 2432 1215 2499 quia

680 2504 706 2553 in
744 2506 853 2556 Galilaea
886 2505 1004 2555 nutritus
1040 2515 1066 2555 et
1096 2505 1214 2555 multum

679 2588 850 2628 conversatus
859 2576 920 2638 luit,
932 2578 1034 2628 habens
1045 2578 1214 2627 occasionem

678 2648 832 2699 dimittendi
859 2664 931 2709 eum,
957 2649 1062 2700 remisit
1089 2663 1147 2698 eum
1176 2648 1213 2698 ad

678 2719 824 2782 Herodem,
836 2719 1012 2785 praepositum
1024 2718 1150 2778 Galilaeae,
1169 2718 1215 2783 qui

678 2796 705 2840 et
715 2789 963 2856 ipseJerosolymis
972 2796 1033 2840 erat
1042 2789 1099 2838 illis
1109 2788 1211 2847 diebus,

678 2870 786 2925 propter
817 2858 1015 2911 solemnitatem
1049 2857 1211 2923 paschalem,

679 2932 742 2996 quia
755 2932 768 2982 J
771 2933 863 2982 udaeus
879 2942 957 2981 natus
971 2939 1035 2980 erat.
1049 2931 1126 2978 Pater
1140 2924 1214 2977 enim

679 3021 744 3054 suus
755 3020 847 3055 amore
858 3004 950 3054 uxoris
964 3019 1028 3064 suae,
1045 3017 1105 3066 quae
1120 3000 1213 3051 Judaea

679 3085 743 3134 erat,
761 3074 895 3124 transiens
912 3074 943 3122 ad
966 3072 1048 3122 ritum
1069 3069 1212 3131 ludaismi,

680 3161 708 3194 se
718 3142 871 3194 circumcidi
881 3142 986 3193 fecerat.
999 3141 1082 3201 Misit,
1091 3140 1213 3207 inquam,

680 3231 742 3265 eum
762 3215 857 3264 volens
881 3214 980 3264 Herodi
1010 3213 1142 3264 honorem
1163 3212 1214 3262 de-

679 3287 767 3346 ferre,
794 3296 824 3335 ut
848 3286 905 3351 ipse
929 3284 1058 3334 dominus
1086 3282 1214 3344 Galilaeae,

680 3357 820 3407 hominem
833 3356 985 3415 Galilaeum,
1000 3356 1041 3405 vel
1055 3355 1214 3414 absolveret,

681 3431 720 3480 vel
744 3431 884 3480 damnaret
905 3446 912 3478 ι
931 3429 997 3478 dans
1011 3427 1165 3492 exemplum
1181 3441 1215 3477 ne

680 3503 742 3567 quis
763 3500 858 3551 falcem
875 3501 904 3550 in
920 3515 1035 3549 messem
1053 3509 1079 3548 et
1094 3508 1213 3564 potesta-

680 3584 735 3624 tem
748 3574 867 3634 alterius,
881 3573 962 3623 etiam
977 3571 1093 3630 inimici,
1108 3571 1215 3621 immit-

681 3654 726 3701 tat,
740 3653 765 3693 et
779 3642 843 3708 quia
865 3642 988 3693 credebat
1008 3641 1081 3707 quod
1101 3641 1216 3691 libenter

680 3713 820 3763 hominem
841 3713 875 3762 de
895 3723 965 3763 terra
981 3727 1030 3762 sua
1051 3721 1076 3761 et
1095 3710 1214 3760 maxime

680 3787 850 3835 innocentem
866 3784 1001 3844 liberaret,
1020 3794 1046 3834 et
1067 3799 1101 3834 ne
1117 3792 1211 3834 contra

680 3873 752 3918 eum,
767 3872 848 3923 quem
869 3856 1003 3906 insontem
1020 3866 1046 3905 et
1067 3869 1114 3920 per
1139 3853 1212 3903 invi-

679 3930 751 3981 diam
769 3928 899 3980 traditum
923 3937 1089 3994 cognoverat,
1105 3935 1216 3976 senten·
