<?xml version="1.0" encoding="UTF-8"?>
<!DOCTYPE html PUBLIC "-//W3C//DTD XHTML 1.0 Transitional//EN"
    "http://www.w3.org/TR/xhtml1/DTD/xhtml1-transitional.dtd">
<html xmlns="http://www.w3.org/1999/xhtml" xml:lang="en" lang="en">
 <head>
  <title>
</title>
<meta http-equiv="Content-Type" content="text/html;charset=utf-8" />
  <meta name='ocr-system' content='tesseract 3.04.00' />
  <meta name='ocr-capabilities' content='ocr_page ocr_carea ocr_par ocr_line ocrx_word'/>
</head>
<body>
  <div class='ocr_page' id='page_1' title='image "./vitajesuchristi00rigogoog_0291.png"; bbox 0 0 2626 4328; ppageno 0'>
   <div class='ocr_carea' id='block_1_1' title="bbox 118 241 968 312">
    <p class='ocr_par' dir='ltr' id='par_1_1' title="bbox 118 241 968 312">
     <span class='ocr_line' id='line_1_1' title="bbox 118 241 968 312; baseline 0.004 -17"><span class='ocrx_word' id='word_1_1' title='bbox 118 244 170 312; x_wconf 78' lang='lat'><strong>735</strong></span> <span class='ocrx_word' id='word_1_2' title='bbox 396 245 572 296; x_wconf 76' lang='lat' dir='ltr'><strong>sscuuun</strong></span> <span class='ocrx_word' id='word_1_3' title='bbox 590 241 714 293; x_wconf 77' lang='lat' dir='ltr'><strong>Pnutts</strong></span> <span class='ocrx_word' id='word_1_4' title='bbox 730 243 847 296; x_wconf 68' lang='lat' dir='ltr'><strong>cinus</strong></span> <span class='ocrx_word' id='word_1_5' title='bbox 864 246 968 298; x_wconf 69' lang='lat' dir='ltr'><strong>cxxx.</strong></span> 
     </span>
    </p>
   </div>
   <div class='ocr_carea' id='block_1_2' title="bbox 111 359 653 1570">
    <p class='ocr_par' dir='ltr' id='par_1_2' title="bbox 111 359 650 716">
     <span class='ocr_line' id='line_1_2' title="bbox 112 359 648 428; baseline -0.006 -16"><span class='ocrx_word' id='word_1_6' title='bbox 112 373 172 413; x_wconf 87' lang='lat' dir='ltr'><strong>tum</strong></span> <span class='ocrx_word' id='word_1_7' title='bbox 186 369 277 428; x_wconf 82' lang='lat' dir='ltr'><strong>potest</strong></span> <span class='ocrx_word' id='word_1_8' title='bbox 291 360 374 411; x_wconf 86' lang='lat' dir='ltr'><strong>honis</strong></span> <span class='ocrx_word' id='word_1_9' title='bbox 387 361 516 426; x_wconf 75' lang='lat' dir='ltr'>operibus</span> <span class='ocrx_word' id='word_1_10' title='bbox 534 359 648 411; x_wconf 69' lang='lat' dir='ltr'><strong>insistat,</strong></span> 
     </span>
     <span class='ocr_line' id='line_1_3' title="bbox 111 433 650 498; baseline -0.007 -13"><span class='ocrx_word' id='word_1_11' title='bbox 111 434 190 485; x_wconf 85' lang='lat' dir='ltr'><strong>Sicut</strong></span> <span class='ocrx_word' id='word_1_12' title='bbox 204 433 273 483; x_wconf 81' lang='lat' dir='ltr'><strong>esim</strong></span> <span class='ocrx_word' id='word_1_13' title='bbox 282 447 386 498; x_wconf 81' lang='lat' dir='ltr'><strong>corpus</strong></span> <span class='ocrx_word' id='word_1_14' title='bbox 400 433 458 482; x_wconf 88' lang='lat' dir='ltr'><strong>sine</strong></span> <span class='ocrx_word' id='word_1_15' title='bbox 471 433 569 498; x_wconf 80' lang='lat' dir='ltr'><strong>spiritu</strong></span> <span class='ocrx_word' id='word_1_16' title='bbox 583 446 650 482; x_wconf 83' lang='lat' dir='ltr'><strong>mor-</strong></span> 
     </span>
     <span class='ocr_line' id='line_1_4' title="bbox 112 504 650 570; baseline -0.007 -13"><span class='ocrx_word' id='word_1_17' title='bbox 112 513 188 558; x_wconf 81' lang='lat' dir='ltr'><strong>tnun</strong></span> <span class='ocrx_word' id='word_1_18' title='bbox 201 512 252 568; x_wconf 84' lang='lat' dir='ltr'><strong>est,</strong></span> <span class='ocrx_word' id='word_1_19' title='bbox 267 506 310 556; x_wconf 80' lang='lat' dir='ltr'><strong>ita</strong></span> <span class='ocrx_word' id='word_1_20' title='bbox 320 512 350 555; x_wconf 78' lang='lat' dir='ltr'><strong>et</strong></span> <span class='ocrx_word' id='word_1_21' title='bbox 369 504 437 561; x_wconf 77' lang='lat' dir='ltr'><strong>tides</strong></span> <span class='ocrx_word' id='word_1_22' title='bbox 450 505 509 554; x_wconf 90' lang='lat' dir='ltr'><strong>sine</strong></span> <span class='ocrx_word' id='word_1_23' title='bbox 523 504 650 570; x_wconf 74' lang='lat' dir='ltr'><strong>operibus</strong></span> 
     </span>
     <span class='ocr_line' id='line_1_5' title="bbox 115 577 650 644; baseline -0.002 -16"><span class='ocrx_word' id='word_1_24' title='bbox 115 584 231 628; x_wconf 67' lang='lat' dir='ltr'><strong>mortun</strong></span> <span class='ocrx_word' id='word_1_25' title='bbox 255 578 340 644; x_wconf 76' lang='lat' dir='ltr'><strong>Igitur</strong></span> <span class='ocrx_word' id='word_1_26' title='bbox 361 587 466 643; x_wconf 75' lang='lat' dir='ltr'><strong>oportet</strong></span> <span class='ocrx_word' id='word_1_27' title='bbox 483 577 576 628; x_wconf 83' lang='lat' dir='ltr'><strong>omnia</strong></span> <span class='ocrx_word' id='word_1_28' title='bbox 590 592 650 627; x_wconf 86' lang='lat' dir='ltr'><strong>ser-</strong></span> 
     </span>
     <span class='ocr_line' id='line_1_6' title="bbox 114 649 601 716; baseline 0 -17"><span class='ocrx_word' id='word_1_29' title='bbox 114 665 176 700; x_wconf 85' lang='lat' dir='ltr'><strong>vare</strong></span> <span class='ocrx_word' id='word_1_30' title='bbox 189 664 358 716; x_wconf 72' lang='lat' dir='ltr'><strong>quacunque</strong></span> <span class='ocrx_word' id='word_1_31' title='bbox 380 649 518 700; x_wconf 87' lang='lat' dir='ltr'><strong>mandavit</strong></span> <span class='ocrx_word' id='word_1_32' title='bbox 533 649 601 714; x_wconf 89' lang='lat' dir='ltr'><strong>ipse.</strong></span> 
     </span>
    </p>

    <p class='ocr_par' dir='ltr' id='par_1_3' title="bbox 113 723 653 1570">
     <span class='ocr_line' id='line_1_7' title="bbox 144 723 649 786; baseline -0.006 -12"><span class='ocrx_word' id='word_1_33' title='bbox 144 737 166 786; x_wconf 83' lang='lat'>4</span> <span class='ocrx_word' id='word_1_34' title='bbox 195 723 312 774; x_wconf 70' lang='lat' dir='ltr'><strong>Cusum</strong></span> <span class='ocrx_word' id='word_1_35' title='bbox 334 737 423 772; x_wconf 75' lang='lat' dir='ltr'><strong>cassu</strong></span> <span class='ocrx_word' id='word_1_36' title='bbox 452 737 585 771; x_wconf 70' lang='lat' dir='ltr'><strong>notumne</strong></span> <span class='ocrx_word' id='word_1_37' title='bbox 615 737 649 772; x_wconf 79' lang='lat' dir='ltr'><strong>nn</strong></span> 
     </span>
     <span class='ocr_line' id='line_1_8' title="bbox 113 791 649 843; baseline -0.004 0"><span class='ocrx_word' id='word_1_38' title='bbox 113 808 195 843; x_wconf 82' lang='lat' dir='ltr'><strong>ouuu</strong></span> <span class='ocrx_word' id='word_1_39' title='bbox 218 807 295 841; x_wconf 74' lang='lat' dir='ltr'><strong>uncis</strong></span> <span class='ocrx_word' id='word_1_40' title='bbox 314 807 515 843; x_wconf 69' lang='lat' dir='ltr'><strong>successuum.</strong></span> <span class='ocrx_word' id='word_1_41' title='bbox 543 821 574 830; x_wconf 98' lang='lat'>-</span> <span class='ocrx_word' id='word_1_42' title='bbox 597 791 649 842; x_wconf 84' lang='lat' dir='ltr'><strong>Cui</strong></span> 
     </span>
     <span class='ocr_line' id='line_1_9' title="bbox 113 861 650 928; baseline -0.004 -15"><span class='ocrx_word' id='word_1_43' title='bbox 113 871 203 913; x_wconf 85' lang='lat' dir='ltr'><strong>autem</strong></span> <span class='ocrx_word' id='word_1_44' title='bbox 221 863 272 912; x_wconf 90' lang='lat' dir='ltr'><strong>hoc</strong></span> <span class='ocrx_word' id='word_1_45' title='bbox 285 861 392 912; x_wconf 84' lang='lat' dir='ltr'><strong>videtur</strong></span> <span class='ocrx_word' id='word_1_46' title='bbox 408 863 587 928; x_wconf 85' lang='lat' dir='ltr'><strong>impossibile,</strong></span> <span class='ocrx_word' id='word_1_47' title='bbox 603 877 650 912; x_wconf 90' lang='lat' dir='ltr'><strong>so-</strong></span> 
     </span>
     <span class='ocr_line' id='line_1_10' title="bbox 115 935 649 986; baseline -0.002 -1"><span class='ocrx_word' id='word_1_48' title='bbox 115 936 172 985; x_wconf 87' lang='lat' dir='ltr'><strong>lum</strong></span> <span class='ocrx_word' id='word_1_49' title='bbox 190 944 280 985; x_wconf 89' lang='lat' dir='ltr'><strong>teneat</strong></span> <span class='ocrx_word' id='word_1_50' title='bbox 300 945 326 984; x_wconf 88' lang='lat' dir='ltr'><strong>et</strong></span> <span class='ocrx_word' id='word_1_51' title='bbox 345 937 478 986; x_wconf 83' lang='lat' dir='ltr'><strong>custodiat</strong></span> <span class='ocrx_word' id='word_1_52' title='bbox 502 935 649 986; x_wconf 82' lang='lat' dir='ltr'><strong>caritatem.</strong></span> 
     </span>
     <span class='ocr_line' id='line_1_11' title="bbox 116 1006 653 1073; baseline -0.004 -14"><span class='ocrx_word' id='word_1_53' title='bbox 116 1008 194 1059; x_wconf 89' lang='lat' dir='ltr'><strong>Unde</strong></span> <span class='ocrx_word' id='word_1_54' title='bbox 208 1008 379 1073; x_wconf 76' lang='lat' dir='ltr'><em>Augustinus</em></span> <span class='ocrx_word' id='word_1_55' title='bbox 394 1026 401 1058; x_wconf 91' lang='lat'>:</span> <span class='ocrx_word' id='word_1_56' title='bbox 418 1026 431 1054; x_wconf 84' lang='lat' dir='ltr'><strong>n</strong></span> <span class='ocrx_word' id='word_1_57' title='bbox 445 1008 560 1058; x_wconf 88' lang='lat' dir='ltr'><strong>Dilectio</strong></span> <span class='ocrx_word' id='word_1_58' title='bbox 571 1006 653 1057; x_wconf 84' lang='lat' dir='ltr'><strong>fortis</strong></span> 
     </span>
     <span class='ocr_line' id='line_1_12' title="bbox 115 1077 650 1143; baseline 0 -16"><span class='ocrx_word' id='word_1_59' title='bbox 115 1093 157 1127; x_wconf 81' lang='lat' dir='ltr'><strong>res</strong></span> <span class='ocrx_word' id='word_1_60' title='bbox 172 1088 221 1136; x_wconf 88' lang='lat' dir='ltr'><strong>est,</strong></span> <span class='ocrx_word' id='word_1_61' title='bbox 236 1077 339 1128; x_wconf 77' lang='lat' dir='ltr'><strong>fratres.</strong></span> <span class='ocrx_word' id='word_1_62' title='bbox 355 1078 444 1128; x_wconf 86' lang='lat' dir='ltr'><strong>Vultis</strong></span> <span class='ocrx_word' id='word_1_63' title='bbox 458 1078 547 1128; x_wconf 89' lang='lat' dir='ltr'><strong>videne</strong></span> <span class='ocrx_word' id='word_1_64' title='bbox 568 1093 650 1143; x_wconf 80' lang='lat' dir='ltr'><strong>quum</strong></span> 
     </span>
     <span class='ocr_line' id='line_1_13' title="bbox 115 1148 651 1215; baseline 0 -18"><span class='ocrx_word' id='word_1_65' title='bbox 115 1148 151 1198; x_wconf 89' lang='lat' dir='ltr'><strong>sit</strong></span> <span class='ocrx_word' id='word_1_66' title='bbox 164 1148 243 1198; x_wconf 80' lang='lat' dir='ltr'><strong>sortis</strong></span> <span class='ocrx_word' id='word_1_67' title='bbox 255 1149 364 1201; x_wconf 80' lang='lat' dir='ltr'><strong>dilectio</strong></span> <span class='ocrx_word' id='word_1_68' title='bbox 375 1149 383 1198; x_wconf 78' lang='lat' dir='ltr'><strong>t</strong></span> <span class='ocrx_word' id='word_1_69' title='bbox 396 1149 528 1215; x_wconf 85' lang='lat' dir='ltr'>Quisquis</span> <span class='ocrx_word' id='word_1_70' title='bbox 542 1158 651 1214; x_wconf 81' lang='lat' dir='ltr'><strong>propter</strong></span> 
     </span>
     <span class='ocr_line' id='line_1_14' title="bbox 115 1218 652 1286; baseline -0.002 -16"><span class='ocrx_word' id='word_1_71' title='bbox 115 1219 236 1286; x_wconf 81' lang='lat' dir='ltr'>aliquam</span> <span class='ocrx_word' id='word_1_72' title='bbox 254 1220 443 1271; x_wconf 58' lang='lat' dir='ltr'><strong>,necessitatem</strong></span> <span class='ocrx_word' id='word_1_73' title='bbox 464 1220 520 1270; x_wconf 77' lang='lat' dir='ltr'><strong>iton</strong></span> <span class='ocrx_word' id='word_1_74' title='bbox 530 1218 652 1286; x_wconf 87' lang='lat' dir='ltr'><strong>potuerit</strong></span> 
     </span>
     <span class='ocr_line' id='line_1_15' title="bbox 115 1290 651 1357; baseline -0.002 -17"><span class='ocrx_word' id='word_1_75' title='bbox 115 1290 238 1356; x_wconf 84' lang='lat' dir='ltr'><strong>implere,</strong></span> <span class='ocrx_word' id='word_1_76' title='bbox 264 1291 338 1357; x_wconf 92' lang='lat' dir='ltr'><strong>quod</strong></span> <span class='ocrx_word' id='word_1_77' title='bbox 362 1291 437 1355; x_wconf 85' lang='lat' dir='ltr'><strong>juhet</strong></span> <span class='ocrx_word' id='word_1_78' title='bbox 460 1291 548 1354; x_wconf 84' lang='lat' dir='ltr'><strong>Deus,</strong></span> <span class='ocrx_word' id='word_1_79' title='bbox 580 1299 651 1340; x_wconf 88' lang='lat' dir='ltr'><strong>amet</strong></span> 
     </span>
     <span class='ocr_line' id='line_1_16' title="bbox 116 1359 652 1428; baseline 0.002 -18"><span class='ocrx_word' id='word_1_80' title='bbox 116 1361 194 1411; x_wconf 88' lang='lat' dir='ltr'><strong>illum</strong></span> <span class='ocrx_word' id='word_1_81' title='bbox 218 1362 265 1428; x_wconf 90' lang='lat' dir='ltr'><strong>qui</strong></span> <span class='ocrx_word' id='word_1_82' title='bbox 288 1361 391 1428; x_wconf 80' lang='lat' dir='ltr'><strong>implet,</strong></span> <span class='ocrx_word' id='word_1_83' title='bbox 418 1371 443 1412; x_wconf 85' lang='lat' dir='ltr'><strong>et</strong></span> <span class='ocrx_word' id='word_1_84' title='bbox 464 1360 495 1410; x_wconf 89' lang='lat' dir='ltr'><strong>in</strong></span> <span class='ocrx_word' id='word_1_85' title='bbox 518 1361 570 1411; x_wconf 83' lang='lat' dir='ltr'><strong>¹illo</strong></span> <span class='ocrx_word' id='word_1_86' title='bbox 591 1359 652 1412; x_wconf 85' lang='lat' dir='ltr'><strong>im·</strong></span> 
     </span>
     <span class='ocr_line' id='line_1_17' title="bbox 116 1432 651 1497; baseline -0.004 -15"><span class='ocrx_word' id='word_1_87' title='bbox 116 1433 180 1497; x_wconf 62' lang='lat' dir='ltr'><strong>plat,</strong></span> <span class='ocrx_word' id='word_1_88' title='bbox 200 1452 216 1481; x_wconf 84' lang='lat' dir='ltr'><strong>n</strong></span> <span class='ocrx_word' id='word_1_89' title='bbox 244 1433 278 1484; x_wconf 87' lang='lat' dir='ltr'><strong>Et</strong></span> <span class='ocrx_word' id='word_1_90' title='bbox 305 1432 405 1485; x_wconf 87' lang='lat' dir='ltr'><strong>iterum</strong></span> <span class='ocrx_word' id='word_1_91' title='bbox 427 1450 435 1483; x_wconf 71' lang='grc' dir='ltr'><strong><em>ι</em></strong></span> <span class='ocrx_word' id='word_1_92' title='bbox 458 1450 471 1478; x_wconf 78' lang='lat' dir='ltr'><strong>o</strong></span> <span class='ocrx_word' id='word_1_93' title='bbox 493 1432 651 1483; x_wconf 83' lang='lat' dir='ltr'><strong>Diuinarum</strong></span> 
     </span>
     <span class='ocr_line' id='line_1_18' title="bbox 115 1502 652 1570; baseline 0 -18"><span class='ocrx_word' id='word_1_94' title='bbox 115 1503 314 1570; x_wconf 72' lang='lat' dir='ltr'><strong>scripturarum</strong></span> <span class='ocrx_word' id='word_1_95' title='bbox 350 1502 529 1569; x_wconf 82' lang='lat' dir='ltr'><strong>multiplicem</strong></span> <span class='ocrx_word' id='word_1_96' title='bbox 563 1504 652 1553; x_wconf 90' lang='lat' dir='ltr'><strong>abun-</strong></span> 
     </span>
    </p>
   </div>
   <div class='ocr_carea' id='block_1_3' title="bbox 115 1573 655 1639">
    <p class='ocr_par' dir='ltr' id='par_1_4' title="bbox 115 1573 655 1639">
     <span class='ocr_line' id='line_1_19' title="bbox 115 1573 655 1639; baseline 0.004 -17"><span class='ocrx_word' id='word_1_97' title='bbox 115 1574 234 1624; x_wconf 89' lang='lat' dir='ltr'><strong>dantiam</strong></span> <span class='ocrx_word' id='word_1_98' title='bbox 252 1574 467 1639; x_wconf 82' lang='lat' dir='ltr'><strong>latissimamque</strong></span> <span class='ocrx_word' id='word_1_99' title='bbox 491 1573 655 1634; x_wconf 71' lang='lat' dir='ltr'><strong>doctrinm,</strong></span> 
     </span>
    </p>
   </div>
   <div class='ocr_carea' id='block_1_4' title="bbox 109 1643 654 2930">
    <p class='ocr_par' dir='ltr' id='par_1_5' title="bbox 115 1643 653 1995">
     <span class='ocr_line' id='line_1_20' title="bbox 116 1643 653 1710; baseline 0 -16"><span class='ocrx_word' id='word_1_100' title='bbox 116 1643 175 1694; x_wconf 89' lang='lat' dir='ltr'><strong>sine</strong></span> <span class='ocrx_word' id='word_1_101' title='bbox 198 1645 254 1694; x_wconf 93' lang='lat' dir='ltr'><strong>ullo</strong></span> <span class='ocrx_word' id='word_1_102' title='bbox 276 1659 366 1694; x_wconf 89' lang='lat' dir='ltr'><strong>errore</strong></span> <span class='ocrx_word' id='word_1_103' title='bbox 388 1645 603 1710; x_wconf 88' lang='lat' dir='ltr'><strong>comprehendit,</strong></span> <span class='ocrx_word' id='word_1_104' title='bbox 625 1655 653 1694; x_wconf 88' lang='lat' dir='ltr'><strong>et</strong></span> 
     </span>
     <span class='ocr_line' id='line_1_21' title="bbox 116 1716 652 1781; baseline 0 -15"><span class='ocrx_word' id='word_1_105' title='bbox 116 1716 174 1766; x_wconf 89' lang='lat' dir='ltr'><strong>sine</strong></span> <span class='ocrx_word' id='word_1_106' title='bbox 190 1716 236 1766; x_wconf 88' lang='lat' dir='ltr'><strong>illo</strong></span> <span class='ocrx_word' id='word_1_107' title='bbox 251 1716 342 1766; x_wconf 73' lang='lat' dir='ltr'><strong>labore</strong></span> <span class='ocrx_word' id='word_1_108' title='bbox 364 1717 491 1777; x_wconf 79' lang='lat' dir='ltr'><strong>custodit,</strong></span> <span class='ocrx_word' id='word_1_109' title='bbox 512 1716 588 1781; x_wconf 86' lang='lat' dir='ltr'><strong>cujus</strong></span> <span class='ocrx_word' id='word_1_110' title='bbox 606 1732 652 1766; x_wconf 77' lang='lat' dir='ltr'><strong>cos</strong></span> 
     </span>
     <span class='ocr_line' id='line_1_22' title="bbox 117 1789 652 1870; baseline 0.002 -32"><span class='ocrx_word' id='word_1_111' title='bbox 117 1789 227 1853; x_wconf 82' lang='lat' dir='ltr'><strong>plenum</strong></span> <span class='ocrx_word' id='word_1_112' title='bbox 249 1799 289 1839; x_wconf 89' lang='lat' dir='ltr'><strong>est</strong></span> <span class='ocrx_word' id='word_1_113' title='bbox 304 1789 430 1849; x_wconf 80' lang='lat' dir='ltr'><strong>caritate,</strong></span> <span class='ocrx_word' id='word_1_114' title='bbox 453 1789 559 1839; x_wconf 82' lang='lat' dir='ltr'><strong>dicente</strong></span> <span class='ocrx_word' id='word_1_115' title='bbox 572 1790 652 1870; x_wconf 78' lang='lat' dir='ltr'><strong>Apo-</strong></span> 
     </span>
     <span class='ocr_line' id='line_1_23' title="bbox 118 1858 651 1924; baseline 0.002 -16"><span class='ocrx_word' id='word_1_116' title='bbox 118 1858 187 1908; x_wconf 88' lang='lat' dir='ltr'><strong>stolo</strong></span> <span class='ocrx_word' id='word_1_117' title='bbox 202 1859 370 1910; x_wconf 82' lang='lat' dir='ltr'><strong>:Plenitudo</strong></span> <span class='ocrx_word' id='word_1_118' title='bbox 385 1874 453 1924; x_wconf 84' lang='lat' dir='ltr'><strong>ergo</strong></span> <span class='ocrx_word' id='word_1_119' title='bbox 470 1859 559 1924; x_wconf 84' lang='lat' dir='ltr'><strong>Legis</strong></span> <span class='ocrx_word' id='word_1_120' title='bbox 575 1860 651 1909; x_wconf 84' lang='lat' dir='ltr'><strong>cari-</strong></span> 
     </span>
     <span class='ocr_line' id='line_1_24' title="bbox 115 1929 652 1995; baseline 0 -16"><span class='ocrx_word' id='word_1_121' title='bbox 115 1935 172 1983; x_wconf 81' lang='lat' dir='ltr'><strong>tas.</strong></span> <span class='ocrx_word' id='word_1_122' title='bbox 207 1929 304 1978; x_wconf 82' lang='lat' dir='ltr'><strong>Totam</strong></span> <span class='ocrx_word' id='word_1_123' title='bbox 335 1929 551 1995; x_wconf 82' lang='lat' dir='ltr'><strong>magnitudinem</strong></span> <span class='ocrx_word' id='word_1_124' title='bbox 579 1929 652 1979; x_wconf 87' lang='lat' dir='ltr'><strong>divi-</strong></span> 
     </span>
    </p>

    <p class='ocr_par' dir='ltr' id='par_1_6' title="bbox 110 2001 653 2715">
     <span class='ocr_line' id='line_1_25' title="bbox 117 2001 652 2068; baseline 0.002 -16"><span class='ocrx_word' id='word_1_125' title='bbox 117 2017 215 2059; x_wconf 82' lang='lat' dir='ltr'><strong>norum</strong></span> <span class='ocrx_word' id='word_1_126' title='bbox 232 2001 404 2067; x_wconf 89' lang='lat' dir='ltr'><strong>eloquiorum</strong></span> <span class='ocrx_word' id='word_1_127' title='bbox 419 2017 512 2052; x_wconf 88' lang='lat' dir='ltr'><strong>secura</strong></span> <span class='ocrx_word' id='word_1_128' title='bbox 533 2003 652 2068; x_wconf 87' lang='lat' dir='ltr'><strong>possidet</strong></span> 
     </span>
     <span class='ocr_line' id='line_1_26' title="bbox 115 2075 652 2143; baseline 0.002 -17"><span class='ocrx_word' id='word_1_129' title='bbox 115 2075 222 2136; x_wconf 84' lang='lat' dir='ltr'><strong>caritas,</strong></span> <span class='ocrx_word' id='word_1_130' title='bbox 248 2091 302 2142; x_wconf 92' lang='lat' dir='ltr'><strong>qua</strong></span> <span class='ocrx_word' id='word_1_131' title='bbox 329 2076 417 2126; x_wconf 89' lang='lat' dir='ltr'><strong>Deum</strong></span> <span class='ocrx_word' id='word_1_132' title='bbox 438 2076 652 2143; x_wconf 81' lang='lat' dir='ltr'><strong>proximumque</strong></span> 
     </span>
     <span class='ocr_line' id='line_1_27' title="bbox 110 2149 652 2214; baseline 0.006 -17"><span class='ocrx_word' id='word_1_133' title='bbox 110 2149 271 2214; x_wconf 79' lang='lat' dir='ltr'><strong>diligimus3</strong></span> <span class='ocrx_word' id='word_1_134' title='bbox 284 2149 360 2200; x_wconf 80' lang='lat' dir='ltr'><strong>docet</strong></span> <span class='ocrx_word' id='word_1_135' title='bbox 372 2149 446 2200; x_wconf 91' lang='lat' dir='ltr'><strong>enim</strong></span> <span class='ocrx_word' id='word_1_136' title='bbox 456 2149 570 2200; x_wconf 82' lang='lat' dir='ltr'><strong>coelestis</strong></span> <span class='ocrx_word' id='word_1_137' title='bbox 579 2165 652 2200; x_wconf 87' lang='lat' dir='ltr'><strong>unus</strong></span> 
     </span>
     <span class='ocr_line' id='line_1_28' title="bbox 116 2220 652 2285; baseline 0 -15"><span class='ocrx_word' id='word_1_138' title='bbox 116 2220 240 2271; x_wconf 85' lang='lat' dir='ltr'><strong>medicus</strong></span> <span class='ocrx_word' id='word_1_139' title='bbox 271 2236 336 2281; x_wconf 86' lang='lat' dir='ltr'><strong>nos,</strong></span> <span class='ocrx_word' id='word_1_140' title='bbox 361 2231 391 2271; x_wconf 81' lang='lat' dir='ltr'><strong>ct</strong></span> <span class='ocrx_word' id='word_1_141' title='bbox 418 2220 484 2271; x_wconf 89' lang='lat' dir='ltr'><strong>dicit</strong></span> <span class='ocrx_word' id='word_1_142' title='bbox 509 2237 516 2270; x_wconf 74' lang='grc' dir='ltr'>ι</span> <span class='ocrx_word' id='word_1_143' title='bbox 538 2220 652 2285; x_wconf 75' lang='lat' dir='ltr'><strong>Diliges</strong></span> 
     </span>
     <span class='ocr_line' id='line_1_29' title="bbox 115 2291 653 2342; baseline 0.004 -2"><span class='ocrx_word' id='word_1_144' title='bbox 115 2291 259 2342; x_wconf 88' lang='lat' dir='ltr'><strong>Domi-num</strong></span> <span class='ocrx_word' id='word_1_145' title='bbox 273 2292 359 2342; x_wconf 83' lang='lat' dir='ltr'><strong>Deum</strong></span> <span class='ocrx_word' id='word_1_146' title='bbox 369 2298 441 2342; x_wconf 85' lang='lat' dir='ltr'><strong>tuum</strong></span> <span class='ocrx_word' id='word_1_147' title='bbox 452 2307 488 2342; x_wconf 78' lang='lat' dir='ltr'><strong>ex</strong></span> <span class='ocrx_word' id='word_1_148' title='bbox 501 2291 653 2342; x_wconf 84' lang='lat' dir='ltr'><strong>totocorde</strong></span> 
     </span>
     <span class='ocr_line' id='line_1_30' title="bbox 109 2361 653 2424; baseline -0.002 -10.991"><span class='ocrx_word' id='word_1_149' title='bbox 109 2369 171 2423; x_wconf 79' lang='lat' dir='ltr'><strong>¹‚tno</strong></span> <span class='ocrx_word' id='word_1_150' title='bbox 185 2370 211 2413; x_wconf 81' lang='lat' dir='ltr'><strong>et</strong></span> <span class='ocrx_word' id='word_1_151' title='bbox 225 2378 263 2414; x_wconf 79' lang='lat' dir='ltr'><strong>ex</strong></span> <span class='ocrx_word' id='word_1_152' title='bbox 278 2369 334 2413; x_wconf 83' lang='lat' dir='ltr'><strong>tota</strong></span> <span class='ocrx_word' id='word_1_153' title='bbox 349 2364 440 2413; x_wconf 83' lang='lat' dir='ltr'><strong>anima</strong></span> <span class='ocrx_word' id='word_1_154' title='bbox 453 2369 519 2424; x_wconf 84' lang='lat' dir='ltr'><strong>tua,·</strong></span> <span class='ocrx_word' id='word_1_155' title='bbox 536 2369 566 2412; x_wconf 83' lang='lat' dir='ltr'><strong>et</strong></span> <span class='ocrx_word' id='word_1_156' title='bbox 581 2361 653 2412; x_wconf 81' lang='lat' dir='ltr'><strong>diti-</strong></span> 
     </span>
     <span class='ocr_line' id='line_1_31' title="bbox 115 2435 652 2502; baseline 0 -17"><span class='ocrx_word' id='word_1_157' title='bbox 115 2449 166 2499; x_wconf 87' lang='lat' dir='ltr'><strong>ges</strong></span> <span class='ocrx_word' id='word_1_158' title='bbox 175 2437 333 2502; x_wconf 86' lang='lat' dir='ltr'><strong>proximum</strong></span> <span class='ocrx_word' id='word_1_159' title='bbox 345 2442 425 2487; x_wconf 83' lang='lat' dir='ltr'><strong>tuum</strong></span> <span class='ocrx_word' id='word_1_160' title='bbox 438 2435 507 2486; x_wconf 88' lang='lat' dir='ltr'><strong>sicut</strong></span> <span class='ocrx_word' id='word_1_161' title='bbox 527 2435 652 2500; x_wconf 74' lang='lat' dir='ltr'><strong>teipsum,</strong></span> 
     </span>
     <span class='ocr_line' id='line_1_32' title="bbox 115 2505 652 2571; baseline 0.002 -16"><span class='ocrx_word' id='word_1_162' title='bbox 115 2505 148 2555; x_wconf 89' lang='lat' dir='ltr'><strong>ln</strong></span> <span class='ocrx_word' id='word_1_163' title='bbox 161 2505 204 2555; x_wconf 84' lang='lat' dir='ltr'><strong>his</strong></span> <span class='ocrx_word' id='word_1_164' title='bbox 221 2507 323 2557; x_wconf 86' lang='lat' dir='ltr'><strong>duobus</strong></span> <span class='ocrx_word' id='word_1_165' title='bbox 342 2506 489 2571; x_wconf 70' lang='lat' dir='ltr'><strong>praeceptis</strong></span> <span class='ocrx_word' id='word_1_166' title='bbox 513 2511 570 2556; x_wconf 81' lang='lat' dir='ltr'><strong>tota</strong></span> <span class='ocrx_word' id='word_1_167' title='bbox 590 2507 652 2556; x_wconf 80' lang='lat' dir='ltr'><strong>Lex</strong></span> 
     </span>
     <span class='ocr_line' id='line_1_33' title="bbox 109 2572 651 2660; baseline 0.006 -34.011"><span class='ocrx_word' id='word_1_168' title='bbox 109 2572 212 2641; x_wconf 80' lang='lat' dir='ltr'><strong>pendet</strong></span> <span class='ocrx_word' id='word_1_169' title='bbox 234 2585 261 2628; x_wconf 87' lang='lat' dir='ltr'><strong>et</strong></span> <span class='ocrx_word' id='word_1_170' title='bbox 280 2579 434 2660; x_wconf 67' lang='lat' dir='ltr'><strong>Prophetes</strong></span> <span class='ocrx_word' id='word_1_171' title='bbox 454 2580 487 2628; x_wconf 73' lang='lat' dir='ltr'><strong>Si</strong></span> <span class='ocrx_word' id='word_1_172' title='bbox 511 2594 574 2643; x_wconf 85' lang='lat' dir='ltr'><strong>ergo</strong></span> <span class='ocrx_word' id='word_1_173' title='bbox 596 2594 651 2629; x_wconf 89' lang='lat' dir='ltr'><strong>non</strong></span> 
     </span>
     <span class='ocr_line' id='line_1_34' title="bbox 122 2650 654 2715; baseline 0.006 -18"><span class='ocrx_word' id='word_1_174' title='bbox 122 2658 198 2698; x_wconf 78' lang='lat' dir='ltr'><strong>uacat</strong></span> <span class='ocrx_word' id='word_1_175' title='bbox 229 2664 325 2698; x_wconf 89' lang='lat' dir='ltr'><strong>omnes</strong></span> <span class='ocrx_word' id='word_1_176' title='bbox 354 2650 485 2714; x_wconf 77' lang='lat' dir='ltr'><strong>paginas</strong></span> <span class='ocrx_word' id='word_1_177' title='bbox 488 2665 577 2700; x_wconf 82' lang='lat' dir='ltr'><strong>sacras</strong></span> <span class='ocrx_word' id='word_1_178' title='bbox 592 2665 654 2715; x_wconf 75' lang='lat' dir='ltr'><strong>per·</strong></span> 
     </span>
    </p>

    <p class='ocr_par' dir='ltr' id='par_1_7' title="bbox 115 2718 652 2930">
     <span class='ocr_line' id='line_1_35' title="bbox 115 2718 652 2779; baseline 0.002 -10"><span class='ocrx_word' id='word_1_179' title='bbox 115 2720 240 2779; x_wconf 88' lang='lat' dir='ltr'><strong>scrutari,</strong></span> <span class='ocrx_word' id='word_1_180' title='bbox 255 2718 346 2770; x_wconf 81' lang='lat' dir='ltr'><strong>omnia</strong></span> <span class='ocrx_word' id='word_1_181' title='bbox 360 2721 480 2770; x_wconf 79' lang='lat' dir='ltr'><strong>involuta</strong></span> <span class='ocrx_word' id='word_1_182' title='bbox 492 2736 652 2770; x_wconf 83' lang='lat' dir='ltr'><strong>sermonum</strong></span> 
     </span>
     <span class='ocr_line' id='line_1_36' title="bbox 116 2790 652 2872; baseline -0.004 -30"><span class='ocrx_word' id='word_1_183' title='bbox 116 2792 264 2851; x_wconf 66' lang='lat' dir='ltr'><strong>evolvene&#39;</strong></span> <span class='ocrx_word' id='word_1_184' title='bbox 272 2791 365 2842; x_wconf 85' lang='lat' dir='ltr'><strong>omnia</strong></span> <span class='ocrx_word' id='word_1_185' title='bbox 388 2790 587 2872; x_wconf 79' lang='lat' dir='ltr'><strong>Scriptussnum</strong></span> <span class='ocrx_word' id='word_1_186' title='bbox 605 2806 652 2840; x_wconf 83' lang='lat' dir='ltr'><strong>se-</strong></span> 
     </span>
     <span class='ocr_line' id='line_1_37' title="bbox 117 2862 650 2930; baseline -0.002 -16"><span class='ocrx_word' id='word_1_187' title='bbox 117 2875 187 2916; x_wconf 82' lang='lat' dir='ltr'><strong>creta</strong></span> <span class='ocrx_word' id='word_1_188' title='bbox 201 2874 350 2930; x_wconf 74' lang='lat' dir='ltr'><strong>penetret-e,</strong></span> <span class='ocrx_word' id='word_1_189' title='bbox 364 2873 425 2913; x_wconf 90' lang='lat' dir='ltr'><strong>tene</strong></span> <span class='ocrx_word' id='word_1_190' title='bbox 441 2862 587 2923; x_wconf 79' lang='lat' dir='ltr'><strong>caritatem,</strong></span> <span class='ocrx_word' id='word_1_191' title='bbox 599 2863 650 2913; x_wconf 88' lang='lat' dir='ltr'><strong>ubi</strong></span> 
     </span>
    </p>
   </div>
   <div class='ocr_carea' id='block_1_5' title="bbox 116 2934 655 3002">
    <p class='ocr_par' dir='ltr' id='par_1_8' title="bbox 116 2934 655 3002">
     <span class='ocr_line' id='line_1_38' title="bbox 116 2934 655 3002; baseline -0.002 -15"><span class='ocrx_word' id='word_1_192' title='bbox 116 2937 235 3002; x_wconf 80' lang='lat' dir='ltr'><strong>pendent</strong></span> <span class='ocrx_word' id='word_1_193' title='bbox 258 2937 363 2987; x_wconf 81' lang='lat' dir='ltr'><strong>omnia.</strong></span> <span class='ocrx_word' id='word_1_194' title='bbox 387 2935 427 2986; x_wconf 95' lang='lat' dir='ltr'><strong>lbi</strong></span> <span class='ocrx_word' id='word_1_195' title='bbox 451 2934 556 2985; x_wconf 80' lang='lat' dir='ltr'><strong>tenebis</strong></span> <span class='ocrx_word' id='word_1_196' title='bbox 576 2936 655 3001; x_wconf 58' lang='lat' dir='ltr'><strong>quod&gt;</strong></span> 
     </span>
    </p>
   </div>
   <div class='ocr_carea' id='block_1_6' title="bbox 55 3005 652 3788">
    <p class='ocr_par' dir='ltr' id='par_1_9' title="bbox 55 3005 652 3788">
     <span class='ocr_line' id='line_1_39' title="bbox 112 3005 652 3072; baseline 0.004 -16"><span class='ocrx_word' id='word_1_197' title='bbox 112 3007 154 3056; x_wconf 89' lang='lat' dir='ltr'><strong>ibi</strong></span> <span class='ocrx_word' id='word_1_198' title='bbox 180 3007 311 3066; x_wconf 83' lang='lat' dir='ltr'><strong>didicisti,</strong></span> <span class='ocrx_word' id='word_1_199' title='bbox 337 3006 445 3058; x_wconf 78' lang='lat' dir='ltr'><strong>tenebis</strong></span> <span class='ocrx_word' id='word_1_200' title='bbox 471 3005 553 3056; x_wconf 83' lang='lat' dir='ltr'><strong>etiam</strong></span> <span class='ocrx_word' id='word_1_201' title='bbox 577 3009 652 3072; x_wconf 83' lang='lat' dir='ltr'><strong>quod</strong></span> 
     </span>
     <span class='ocr_line' id='line_1_40' title="bbox 115 3076 651 3142; baseline 0.004 -15"><span class='ocrx_word' id='word_1_202' title='bbox 115 3094 170 3127; x_wconf 87' lang='lat' dir='ltr'><strong>non</strong></span> <span class='ocrx_word' id='word_1_203' title='bbox 186 3077 323 3142; x_wconf 78' lang='lat' dir='ltr'><strong>didicisti3</strong></span> <span class='ocrx_word' id='word_1_204' title='bbox 339 3077 449 3128; x_wconf 84' lang='lat' dir='ltr'><strong>sienim</strong></span> <span class='ocrx_word' id='word_1_205' title='bbox 466 3076 537 3128; x_wconf 82' lang='lat' dir='ltr'><strong>nosti</strong></span> <span class='ocrx_word' id='word_1_206' title='bbox 549 3078 651 3129; x_wconf 77' lang='lat' dir='ltr'><strong>carite-</strong></span> 
     </span>
     <span class='ocr_line' id='line_1_41' title="bbox 114 3149 650 3215; baseline 0.004 -18"><span class='ocrx_word' id='word_1_207' title='bbox 114 3157 179 3209; x_wconf 85' lang='lat' dir='ltr'><strong>tem,</strong></span> <span class='ocrx_word' id='word_1_208' title='bbox 204 3149 309 3215; x_wconf 87' lang='lat' dir='ltr'><strong>aliquid</strong></span> <span class='ocrx_word' id='word_1_209' title='bbox 331 3149 413 3208; x_wconf 86' lang='lat' dir='ltr'><strong>nosti,</strong></span> <span class='ocrx_word' id='word_1_210' title='bbox 438 3149 511 3199; x_wconf 87' lang='lat' dir='ltr'><strong>uude</strong></span> <span class='ocrx_word' id='word_1_211' title='bbox 527 3158 559 3199; x_wconf 75' lang='lat' dir='ltr'><strong>et</strong></span> <span class='ocrx_word' id='word_1_212' title='bbox 582 3149 650 3199; x_wconf 87' lang='lat' dir='ltr'><strong>illud</strong></span> 
     </span>
     <span class='ocr_line' id='line_1_42' title="bbox 114 3219 651 3286; baseline 0.007 -18"><span class='ocrx_word' id='word_1_213' title='bbox 114 3220 221 3283; x_wconf 84' lang='lat' dir='ltr'><strong>pendet,</strong></span> <span class='ocrx_word' id='word_1_214' title='bbox 243 3221 317 3286; x_wconf 89' lang='lat' dir='ltr'><strong>quod</strong></span> <span class='ocrx_word' id='word_1_215' title='bbox 338 3219 407 3270; x_wconf 83' lang='lat' dir='ltr'><strong>forte</strong></span> <span class='ocrx_word' id='word_1_216' title='bbox 430 3236 487 3269; x_wconf 86' lang='lat' dir='ltr'><strong>nun</strong></span> <span class='ocrx_word' id='word_1_217' title='bbox 513 3220 595 3270; x_wconf 88' lang='lat' dir='ltr'><strong>nosti.</strong></span> <span class='ocrx_word' id='word_1_218' title='bbox 617 3221 651 3272; x_wconf 89' lang='lat' dir='ltr'><strong>Et</strong></span> 
     </span>
     <span class='ocr_line' id='line_1_43' title="bbox 116 3290 649 3358; baseline 0.009 -20"><span class='ocrx_word' id='word_1_219' title='bbox 116 3290 146 3339; x_wconf 86' lang='lat' dir='ltr'><strong>in</strong></span> <span class='ocrx_word' id='word_1_220' title='bbox 160 3306 191 3340; x_wconf 90' lang='lat' dir='ltr'><strong>eo</strong></span> <span class='ocrx_word' id='word_1_221' title='bbox 205 3293 279 3357; x_wconf 86' lang='lat' dir='ltr'><strong>quod</strong></span> <span class='ocrx_word' id='word_1_222' title='bbox 293 3291 322 3341; x_wconf 89' lang='lat' dir='ltr'><strong>in</strong></span> <span class='ocrx_word' id='word_1_223' title='bbox 340 3291 489 3356; x_wconf 81' lang='lat' dir='ltr'><strong>Scripturis</strong></span> <span class='ocrx_word' id='word_1_224' title='bbox 509 3292 649 3358; x_wconf 84' lang='lat' dir='ltr'><strong>intelligis,</strong></span> 
     </span>
     <span class='ocr_line' id='line_1_44' title="bbox 117 3363 649 3448; baseline 0.009 -37"><span class='ocrx_word' id='word_1_225' title='bbox 117 3363 213 3413; x_wconf 83' lang='lat' dir='ltr'><strong>caritas</strong></span> <span class='ocrx_word' id='word_1_226' title='bbox 234 3374 321 3430; x_wconf 84' lang='lat' dir='ltr'><strong>patet;</strong></span> <span class='ocrx_word' id='word_1_227' title='bbox 346 3374 374 3413; x_wconf 89' lang='lat' dir='ltr'><strong>et</strong></span> <span class='ocrx_word' id='word_1_228' title='bbox 397 3363 426 3414; x_wconf 92' lang='lat' dir='ltr'><strong>in</strong></span> <span class='ocrx_word' id='word_1_229' title='bbox 443 3380 475 3414; x_wconf 91' lang='lat' dir='ltr'><strong>eo</strong></span> <span class='ocrx_word' id='word_1_230' title='bbox 497 3365 571 3448; x_wconf 80' lang='lat' dir='ltr'><strong>quod</strong></span> <span class='ocrx_word' id='word_1_231' title='bbox 594 3381 649 3416; x_wconf 87' lang='lat' dir='ltr'><strong>non</strong></span> 
     </span>
     <span class='ocr_line' id='line_1_45' title="bbox 115 3434 650 3504; baseline 0.007 -20"><span class='ocrx_word' id='word_1_232' title='bbox 115 3434 261 3500; x_wconf 79' lang='lat' dir='ltr'><strong>intelligis</strong></span> <span class='ocrx_word' id='word_1_233' title='bbox 283 3436 378 3487; x_wconf 82' lang='lat' dir='ltr'><strong>caritas</strong></span> <span class='ocrx_word' id='word_1_234' title='bbox 402 3437 475 3487; x_wconf 82' lang='lat' dir='ltr'><strong>latet.</strong></span> <span class='ocrx_word' id='word_1_235' title='bbox 496 3437 566 3487; x_wconf 78' lang='lat' dir='ltr'><strong>lile</strong></span> <span class='ocrx_word' id='word_1_236' title='bbox 560 3448 650 3504; x_wconf 76' lang='lat' dir='ltr'><strong>itaque</strong></span> 
     </span>
     <span class='ocr_line' id='line_1_46' title="bbox 115 3510 650 3592; baseline 0.007 -35"><span class='ocrx_word' id='word_1_237' title='bbox 115 3515 190 3557; x_wconf 83' lang='lat' dir='ltr'><strong>tenet</strong></span> <span class='ocrx_word' id='word_1_238' title='bbox 214 3518 240 3557; x_wconf 86' lang='lat' dir='ltr'><strong>et</strong></span> <span class='ocrx_word' id='word_1_239' title='bbox 256 3510 329 3574; x_wconf 92' lang='lat' dir='ltr'><strong>quod</strong></span> <span class='ocrx_word' id='word_1_240' title='bbox 349 3518 432 3574; x_wconf 83' lang='lat' dir='ltr'><strong>patet,</strong></span> <span class='ocrx_word' id='word_1_241' title='bbox 451 3519 477 3559; x_wconf 86' lang='lat' dir='ltr'><strong>et</strong></span> <span class='ocrx_word' id='word_1_242' title='bbox 498 3511 572 3592; x_wconf 76' lang='lat' dir='ltr'><strong>qnod</strong></span> <span class='ocrx_word' id='word_1_243' title='bbox 585 3511 650 3561; x_wconf 74' lang='lat' dir='ltr'><strong>latet</strong></span> 
     </span>
     <span class='ocr_line' id='line_1_47' title="bbox 55 3575 652 3646; baseline 0.015 -23"><span class='ocrx_word' id='word_1_244' title='bbox 55 3619 57 3623; x_wconf 80' lang='grc'>,</span> <span class='ocrx_word' id='word_1_245' title='bbox 115 3576 145 3625; x_wconf 88' lang='lat' dir='ltr'><strong>in</strong></span> <span class='ocrx_word' id='word_1_246' title='bbox 165 3575 267 3628; x_wconf 85' lang='lat' dir='ltr'><strong>divinis</strong></span> <span class='ocrx_word' id='word_1_247' title='bbox 288 3580 472 3641; x_wconf 82' lang='lat' dir='ltr'><strong>sermonibus,</strong></span> <span class='ocrx_word' id='word_1_248' title='bbox 488 3581 536 3646; x_wconf 85' lang='lat' dir='ltr'><strong>qui</strong></span> <span class='ocrx_word' id='word_1_249' title='bbox 554 3581 652 3632; x_wconf 77' lang='lat' dir='ltr'><strong>carita·</strong></span> 
     </span>
     <span class='ocr_line' id='line_1_48' title="bbox 115 3648 648 3703; baseline 0.014 -7"><span class='ocrx_word' id='word_1_250' title='bbox 115 3657 170 3697; x_wconf 89' lang='lat' dir='ltr'><strong>tem</strong></span> <span class='ocrx_word' id='word_1_251' title='bbox 180 3655 253 3698; x_wconf 86' lang='lat' dir='ltr'><strong>tenet</strong></span> <span class='ocrx_word' id='word_1_252' title='bbox 264 3648 295 3698; x_wconf 90' lang='lat' dir='ltr'><strong>in</strong></span> <span class='ocrx_word' id='word_1_253' title='bbox 310 3650 442 3701; x_wconf 86' lang='lat' dir='ltr'><strong>moribus.</strong></span> <span class='ocrx_word' id='word_1_254' title='bbox 453 3670 469 3699; x_wconf 79' lang='lat' dir='ltr'><strong>n</strong></span> <span class='ocrx_word' id='word_1_255' title='bbox 482 3651 648 3703; x_wconf 80' lang='lat' dir='ltr'><strong>Etiterum·</strong></span> 
     </span>
     <span class='ocr_line' id='line_1_49' title="bbox 116 3717 649 3788; baseline 0.019 -23"><span class='ocrx_word' id='word_1_256' title='bbox 116 3736 130 3764; x_wconf 73' lang='grc' dir='ltr'>α</span> <span class='ocrx_word' id='word_1_257' title='bbox 142 3717 253 3777; x_wconf 78' lang='lat' dir='ltr'><strong>Quanta</strong></span> <span class='ocrx_word' id='word_1_258' title='bbox 269 3728 310 3768; x_wconf 88' lang='lat' dir='ltr'><strong>est</strong></span> <span class='ocrx_word' id='word_1_259' title='bbox 320 3721 424 3784; x_wconf 66' lang='lat' dir='ltr'><strong>cannas,</strong></span> <span class='ocrx_word' id='word_1_260' title='bbox 439 3737 506 3788; x_wconf 83' lang='lat' dir='ltr'><strong>quae</strong></span> <span class='ocrx_word' id='word_1_261' title='bbox 521 3720 549 3771; x_wconf 80' lang='lat' dir='ltr'><strong>ni</strong></span> <span class='ocrx_word' id='word_1_262' title='bbox 564 3723 649 3782; x_wconf 81' lang='lat' dir='ltr'><strong>desit,</strong></span> 
     </span>
    </p>
   </div>
   <div class='ocr_carea' id='block_1_7' title="bbox 112 3789 653 3856">
    <p class='ocr_par' dir='ltr' id='par_1_10' title="bbox 112 3789 653 3856">
     <span class='ocr_line' id='line_1_50' title="bbox 112 3789 653 3856; baseline 0.013 -18"><span class='ocrx_word' id='word_1_263' title='bbox 112 3789 213 3840; x_wconf 75' lang='lat' dir='ltr'><strong>trustra</strong></span> <span class='ocrx_word' id='word_1_264' title='bbox 237 3789 372 3839; x_wconf 83' lang='lat' dir='ltr'><strong>habentur</strong></span> <span class='ocrx_word' id='word_1_265' title='bbox 395 3802 499 3856; x_wconf 79' lang='lat' dir='ltr'><strong>cetera;</strong></span> <span class='ocrx_word' id='word_1_266' title='bbox 519 3793 547 3844; x_wconf 80' lang='lat' dir='ltr'><strong>si</strong></span> <span class='ocrx_word' id='word_1_267' title='bbox 568 3789 653 3855; x_wconf 75' lang='lat' dir='ltr'><strong>assit,</strong></span> 
     </span>
    </p>
   </div>
   <div class='ocr_carea' id='block_1_8' title="bbox 112 3861 646 3916">
    <p class='ocr_par' dir='ltr' id='par_1_11' title="bbox 112 3861 646 3916">
     <span class='ocr_line' id='line_1_51' title="bbox 112 3861 646 3916; baseline 0.007 -3"><span class='ocrx_word' id='word_1_268' title='bbox 112 3862 250 3913; x_wconf 71' lang='lat' dir='ltr'><strong>habentur</strong></span> <span class='ocrx_word' id='word_1_269' title='bbox 272 3861 384 3912; x_wconf 73' lang='lat' dir='ltr'><strong>omnis?</strong></span> <span class='ocrx_word' id='word_1_270' title='bbox 409 3882 423 3912; x_wconf 83' lang='lat' dir='ltr'><strong>u</strong></span> <span class='ocrx_word' id='word_1_271' title='bbox 448 3865 489 3915; x_wconf 84' lang='lat' dir='ltr'><strong>Et</strong></span> <span class='ocrx_word' id='word_1_272' title='bbox 514 3865 646 3916; x_wconf 74' lang='lat' dir='ltr'><strong>insnum:</strong></span> 
     </span>
    </p>
   </div>
   <div class='ocr_carea' id='block_1_9' title="bbox 704 360 1274 3931">
    <p class='ocr_par' dir='ltr' id='par_1_12' title="bbox 708 360 1274 3070">
     <span class='ocr_line' id='line_1_52' title="bbox 711 360 1249 441; baseline 0.017 -34"><span class='ocrx_word' id='word_1_273' title='bbox 711 360 829 441; x_wconf 28' lang='lat' dir='ltr'><strong>«ullomo</strong></span> <span class='ocrx_word' id='word_1_274' title='bbox 842 360 905 423; x_wconf 88' lang='lat' dir='ltr'><strong>fide,</strong></span> <span class='ocrx_word' id='word_1_275' title='bbox 921 373 948 414; x_wconf 91' lang='lat' dir='ltr'><strong>et</strong></span> <span class='ocrx_word' id='word_1_276' title='bbox 957 378 1007 428; x_wconf 83' lang='lat' dir='ltr'><strong>spe</strong></span> <span class='ocrx_word' id='word_1_277' title='bbox 1021 372 1048 413; x_wconf 89' lang='lat' dir='ltr'><strong>et</strong></span> <span class='ocrx_word' id='word_1_278' title='bbox 1062 363 1171 413; x_wconf 85' lang='lat' dir='ltr'><strong>caritate</strong></span> <span class='ocrx_word' id='word_1_279' title='bbox 1183 364 1249 415; x_wconf 88' lang='lat' dir='ltr'><strong>sub-</strong></span> 
     </span>
     <span class='ocr_line' id='line_1_53' title="bbox 710 433 1248 497; baseline 0.009 -18"><span class='ocrx_word' id='word_1_280' title='bbox 710 446 801 495; x_wconf 79' lang='lat' dir='ltr'><strong>nixus,</strong></span> <span class='ocrx_word' id='word_1_281' title='bbox 823 443 850 482; x_wconf 89' lang='lat' dir='ltr'><strong>et</strong></span> <span class='ocrx_word' id='word_1_282' title='bbox 870 448 914 483; x_wconf 86' lang='lat' dir='ltr'><strong>eas</strong></span> <span class='ocrx_word' id='word_1_283' title='bbox 930 433 1092 484; x_wconf 83' lang='lat' dir='ltr'><strong>inconcusse</strong></span> <span class='ocrx_word' id='word_1_284' title='bbox 1112 433 1248 497; x_wconf 84' lang='lat' dir='ltr'><strong>retinens,</strong></span> 
     </span>
     <span class='ocr_line' id='line_1_54' title="bbox 710 503 1249 570; baseline 0.009 -18"><span class='ocrx_word' id='word_1_285' title='bbox 710 517 765 552; x_wconf 88' lang='lat' dir='ltr'><strong>nun</strong></span> <span class='ocrx_word' id='word_1_286' title='bbox 779 503 884 570; x_wconf 85' lang='lat' dir='ltr'><strong>indiget</strong></span> <span class='ocrx_word' id='word_1_287' title='bbox 893 504 1049 570; x_wconf 86' lang='lat' dir='ltr'><strong>Scripturis,</strong></span> <span class='ocrx_word' id='word_1_288' title='bbox 1063 504 1116 555; x_wconf 89' lang='lat' dir='ltr'><strong>nisi</strong></span> <span class='ocrx_word' id='word_1_289' title='bbox 1131 504 1249 558; x_wconf 82' lang='lat' dir='ltr'><strong>adalios</strong></span> 
     </span>
     <span class='ocr_line' id='line_1_55' title="bbox 709 572 1248 642; baseline 0.007 -19"><span class='ocrx_word' id='word_1_290' title='bbox 709 572 895 626; x_wconf 82' lang='lat' dir='ltr'><strong>instruendos.</strong></span> <span class='ocrx_word' id='word_1_291' title='bbox 916 577 998 626; x_wconf 88' lang='lat' dir='ltr'><strong>Multi</strong></span> <span class='ocrx_word' id='word_1_292' title='bbox 1015 592 1062 642; x_wconf 88' lang='lat' dir='ltr'><strong>per</strong></span> <span class='ocrx_word' id='word_1_293' title='bbox 1076 576 1134 626; x_wconf 86' lang='lat' dir='ltr'><strong>haec</strong></span> <span class='ocrx_word' id='word_1_294' title='bbox 1151 576 1204 628; x_wconf 88' lang='lat' dir='ltr'><strong>tria</strong></span> <span class='ocrx_word' id='word_1_295' title='bbox 1218 576 1248 628; x_wconf 84' lang='lat' dir='ltr'><strong>in</strong></span> 
     </span>
     <span class='ocr_line' id='line_1_56' title="bbox 709 645 1247 708; baseline 0.007 -14"><span class='ocrx_word' id='word_1_296' title='bbox 709 645 866 708; x_wconf 81' lang='lat' dir='ltr'><strong>solitudine,</strong></span> <span class='ocrx_word' id='word_1_297' title='bbox 882 647 1088 698; x_wconf 83' lang='lat' dir='ltr'><strong>sinecodicibus</strong></span> <span class='ocrx_word' id='word_1_298' title='bbox 1101 648 1247 700; x_wconf 76' lang='lat' dir='ltr'><strong>vivuntss</strong></span> 
     </span>
     <span class='ocr_line' id='line_1_57' title="bbox 710 715 1247 783; baseline 0.009 -17"><span class='ocrx_word' id='word_1_299' title='bbox 710 715 767 766; x_wconf 84' lang='lat' dir='ltr'><strong>haec</strong></span> <span class='ocrx_word' id='word_1_300' title='bbox 779 719 961 783; x_wconf 78' lang='lat' dir='ltr'><strong>Augustinus.</strong></span> <span class='ocrx_word' id='word_1_301' title='bbox 976 720 1024 770; x_wconf 84' lang='lat' dir='ltr'><strong>Est</strong></span> <span class='ocrx_word' id='word_1_302' title='bbox 1042 719 1123 769; x_wconf 84' lang='lat' dir='ltr'><strong>etiam</strong></span> <span class='ocrx_word' id='word_1_303' title='bbox 1138 729 1247 771; x_wconf 84' lang='lat' dir='ltr'><strong>tantum</strong></span> 
     </span>
     <span class='ocr_line' id='line_1_58' title="bbox 710 787 1248 850; baseline 0.011 -14"><span class='ocrx_word' id='word_1_304' title='bbox 710 787 814 837; x_wconf 84' lang='lat' dir='ltr'><strong>bonum</strong></span> <span class='ocrx_word' id='word_1_305' title='bbox 831 790 938 850; x_wconf 88' lang='lat' dir='ltr'><strong>caritas,</strong></span> <span class='ocrx_word' id='word_1_306' title='bbox 956 801 986 840; x_wconf 91' lang='lat' dir='ltr'><strong>ut</strong></span> <span class='ocrx_word' id='word_1_307' title='bbox 1004 807 1059 840; x_wconf 85' lang='lat' dir='ltr'><strong>uon</strong></span> <span class='ocrx_word' id='word_1_308' title='bbox 1075 801 1184 842; x_wconf 89' lang='lat' dir='ltr'><strong>tautum</strong></span> <span class='ocrx_word' id='word_1_309' title='bbox 1196 791 1248 842; x_wconf 84' lang='lat' dir='ltr'><strong>de-</strong></span> 
     </span>
     <span class='ocr_line' id='line_1_59' title="bbox 709 857 1247 929; baseline 0.011 -22"><span class='ocrx_word' id='word_1_310' title='bbox 709 857 797 910; x_wconf 85' lang='lat' dir='ltr'><strong>fectus</strong></span> <span class='ocrx_word' id='word_1_311' title='bbox 816 873 928 912; x_wconf 73' lang='lat' dir='ltr'><strong>:nostros</strong></span> <span class='ocrx_word' id='word_1_312' title='bbox 944 863 1077 929; x_wconf 82' lang='lat' dir='ltr'><strong>suppleat,</strong></span> <span class='ocrx_word' id='word_1_313' title='bbox 1095 864 1143 913; x_wconf 90' lang='lat' dir='ltr'><strong>sed</strong></span> <span class='ocrx_word' id='word_1_314' title='bbox 1164 863 1247 914; x_wconf 82' lang='lat' dir='ltr'><strong>etiam</strong></span> 
     </span>
     <span class='ocr_line' id='line_1_60' title="bbox 709 931 1247 986; baseline 0.011 -7"><span class='ocrx_word' id='word_1_315' title='bbox 709 931 779 980; x_wconf 90' lang='lat' dir='ltr'><strong>bona</strong></span> <span class='ocrx_word' id='word_1_316' title='bbox 792 932 881 983; x_wconf 87' lang='lat' dir='ltr'><strong>aliena</strong></span> <span class='ocrx_word' id='word_1_317' title='bbox 902 944 993 984; x_wconf 83' lang='lat' dir='ltr'><strong>nostra</strong></span> <span class='ocrx_word' id='word_1_318' title='bbox 1007 949 1065 984; x_wconf 88' lang='lat' dir='ltr'><strong>esse</strong></span> <span class='ocrx_word' id='word_1_319' title='bbox 1081 933 1169 984; x_wconf 84' lang='lat' dir='ltr'><strong>faciat.</strong></span> <span class='ocrx_word' id='word_1_320' title='bbox 1184 935 1247 986; x_wconf 86' lang='lat' dir='ltr'><strong>Un-</strong></span> 
     </span>
     <span class='ocr_line' id='line_1_61' title="bbox 709 1003 1248 1069; baseline 0.007 -16"><span class='ocrx_word' id='word_1_321' title='bbox 709 1003 742 1053; x_wconf 87' lang='lat' dir='ltr'><strong>de</strong></span> <span class='ocrx_word' id='word_1_322' title='bbox 768 1003 922 1069; x_wconf 79' lang='lat' dir='ltr'><strong>Gregorius</strong></span> <span class='ocrx_word' id='word_1_323' title='bbox 944 1025 951 1057; x_wconf 90' lang='lat'>:</span> <span class='ocrx_word' id='word_1_324' title='bbox 980 1026 994 1054; x_wconf 78' lang='lat' dir='ltr'><strong>u</strong></span> <span class='ocrx_word' id='word_1_325' title='bbox 1025 1007 1150 1056; x_wconf 81' lang='lat' dir='ltr'><strong>Aliorum</strong></span> <span class='ocrx_word' id='word_1_326' title='bbox 1176 1007 1248 1057; x_wconf 81' lang='lat' dir='ltr'><strong>buna</strong></span> 
     </span>
     <span class='ocr_line' id='line_1_62' title="bbox 709 1075 1246 1144; baseline 0.009 -20"><span class='ocrx_word' id='word_1_327' title='bbox 709 1089 790 1140; x_wconf 90' lang='lat' dir='ltr'><strong>opera</strong></span> <span class='ocrx_word' id='word_1_328' title='bbox 805 1088 898 1126; x_wconf 88' lang='lat' dir='ltr'><strong>nostra</strong></span> <span class='ocrx_word' id='word_1_329' title='bbox 911 1087 975 1127; x_wconf 88' lang='lat' dir='ltr'><strong>sunt</strong></span> <span class='ocrx_word' id='word_1_330' title='bbox 988 1095 995 1142; x_wconf 92' lang='lat'><strong>;</strong></span> <span class='ocrx_word' id='word_1_331' title='bbox 1019 1093 1080 1144; x_wconf 87' lang='lat' dir='ltr'><strong>quae</strong></span> <span class='ocrx_word' id='word_1_332' title='bbox 1097 1077 1120 1126; x_wconf 89' lang='lat' dir='ltr'><strong>si</strong></span> <span class='ocrx_word' id='word_1_333' title='bbox 1141 1075 1246 1129; x_wconf 76' lang='lat' dir='ltr'><strong>imitusi</strong></span> 
     </span>
     <span class='ocr_line' id='line_1_63' title="bbox 710 1149 1248 1212; baseline 0.013 -18"><span class='ocrx_word' id='word_1_334' title='bbox 710 1162 762 1195; x_wconf 89' lang='lat' dir='ltr'><strong>non</strong></span> <span class='ocrx_word' id='word_1_335' title='bbox 775 1163 934 1212; x_wconf 82' lang='lat' dir='ltr'><strong>possumus,</strong></span> <span class='ocrx_word' id='word_1_336' title='bbox 947 1149 978 1199; x_wconf 86' lang='lat' dir='ltr'><strong>in</strong></span> <span class='ocrx_word' id='word_1_337' title='bbox 994 1150 1055 1200; x_wconf 84' lang='lat' dir='ltr'><strong>aliis</strong></span> <span class='ocrx_word' id='word_1_338' title='bbox 1069 1165 1206 1210; x_wconf 80' lang='lat' dir='ltr'><strong>amemus,</strong></span> <span class='ocrx_word' id='word_1_339' title='bbox 1218 1159 1248 1201; x_wconf 72' lang='lat' dir='ltr'><strong>ss</strong></span> 
     </span>
     <span class='ocr_line' id='line_1_64' title="bbox 709 1216 1249 1286; baseline 0.009 -20"><span class='ocrx_word' id='word_1_340' title='bbox 709 1216 860 1268; x_wconf 88' lang='lat' dir='ltr'><strong>amantium</strong></span> <span class='ocrx_word' id='word_1_341' title='bbox 876 1217 945 1269; x_wconf 86' lang='lat' dir='ltr'><strong>fiunt</strong></span> <span class='ocrx_word' id='word_1_342' title='bbox 967 1229 1138 1286; x_wconf 70' lang='lat' dir='ltr'><strong>quascunque</strong></span> <span class='ocrx_word' id='word_1_343' title='bbox 1152 1235 1249 1271; x_wconf 80' lang='lat' dir='ltr'><strong>amsu-</strong></span> 
     </span>
     <span class='ocr_line' id='line_1_65' title="bbox 710 1287 1249 1355; baseline 0.004 -19"><span class='ocrx_word' id='word_1_344' title='bbox 710 1297 754 1337; x_wconf 90' lang='lat' dir='ltr'><strong>tur</strong></span> <span class='ocrx_word' id='word_1_345' title='bbox 777 1287 804 1338; x_wconf 87' lang='lat' dir='ltr'><strong>in</strong></span> <span class='ocrx_word' id='word_1_346' title='bbox 827 1289 915 1340; x_wconf 87' lang='lat' dir='ltr'><strong>uubis.</strong></span> <span class='ocrx_word' id='word_1_347' title='bbox 934 1309 947 1336; x_wconf 75' lang='lat' dir='ltr'><strong>s</strong></span> <span class='ocrx_word' id='word_1_348' title='bbox 964 1291 1043 1340; x_wconf 89' lang='lat' dir='ltr'><strong>Unde</strong></span> <span class='ocrx_word' id='word_1_349' title='bbox 1065 1300 1090 1341; x_wconf 91' lang='lat' dir='ltr'><strong>et</strong></span> <span class='ocrx_word' id='word_1_350' title='bbox 1108 1288 1249 1355; x_wconf 75' lang='lat' dir='ltr'><strong>Augusii-</strong></span> 
     </span>
     <span class='ocr_line' id='line_1_66' title="bbox 711 1360 1249 1428; baseline 0.009 -20"><span class='ocrx_word' id='word_1_351' title='bbox 711 1373 762 1409; x_wconf 88' lang='lat' dir='ltr'><strong>nus</strong></span> <span class='ocrx_word' id='word_1_352' title='bbox 788 1377 796 1410; x_wconf 93' lang='lat'>:</span> <span class='ocrx_word' id='word_1_353' title='bbox 822 1379 836 1407; x_wconf 77' lang='lat' dir='ltr'><strong>n</strong></span> <span class='ocrx_word' id='word_1_354' title='bbox 859 1361 976 1411; x_wconf 84' lang='lat' dir='ltr'><strong>Pensent</strong></span> <span class='ocrx_word' id='word_1_355' title='bbox 1000 1360 1086 1412; x_wconf 90' lang='lat' dir='ltr'><strong>invidi</strong></span> <span class='ocrx_word' id='word_1_356' title='bbox 1112 1371 1249 1428; x_wconf 80' lang='lat' dir='ltr'><strong>quanmm</strong></span> 
     </span>
     <span class='ocr_line' id='line_1_67' title="bbox 710 1430 1249 1499; baseline 0.009 -20"><span class='ocrx_word' id='word_1_357' title='bbox 710 1430 813 1482; x_wconf 87' lang='lat' dir='ltr'><strong>bunum</strong></span> <span class='ocrx_word' id='word_1_358' title='bbox 827 1442 867 1482; x_wconf 84' lang='lat' dir='ltr'><strong>est</strong></span> <span class='ocrx_word' id='word_1_359' title='bbox 883 1433 987 1492; x_wconf 87' lang='lat' dir='ltr'><strong>caritas,</strong></span> <span class='ocrx_word' id='word_1_360' title='bbox 1004 1447 1065 1499; x_wconf 84' lang='lat' dir='ltr'><strong>quse</strong></span> <span class='ocrx_word' id='word_1_361' title='bbox 1083 1431 1143 1482; x_wconf 89' lang='lat' dir='ltr'><strong>sine</strong></span> <span class='ocrx_word' id='word_1_362' title='bbox 1155 1432 1249 1484; x_wconf 80' lang='lat' dir='ltr'><strong>labore</strong></span> 
     </span>
     <span class='ocr_line' id='line_1_68' title="bbox 711 1501 1247 1569; baseline -0.002 -18"><span class='ocrx_word' id='word_1_363' title='bbox 711 1513 804 1552; x_wconf 83' lang='lat' dir='ltr'><strong>nostro</strong></span> <span class='ocrx_word' id='word_1_364' title='bbox 828 1503 916 1553; x_wconf 86' lang='lat' dir='ltr'><strong>aliena</strong></span> <span class='ocrx_word' id='word_1_365' title='bbox 941 1504 1010 1553; x_wconf 89' lang='lat' dir='ltr'><strong>bona</strong></span> <span class='ocrx_word' id='word_1_366' title='bbox 1029 1513 1120 1553; x_wconf 83' lang='lat' dir='ltr'><strong>nostra</strong></span> <span class='ocrx_word' id='word_1_367' title='bbox 1144 1501 1247 1569; x_wconf 71' lang='lat' dir='ltr'><strong>facit.»</strong></span> 
     </span>
     <span class='ocr_line' id='line_1_69' title="bbox 712 1573 1247 1657; baseline 0.004 -35"><span class='ocrx_word' id='word_1_368' title='bbox 712 1573 772 1622; x_wconf 76' lang='lat' dir='ltr'><strong>Et</strong></span> <span class='ocrx_word' id='word_1_369' title='bbox 766 1584 898 1625; x_wconf 76' lang='lat' dir='ltr'><strong>iterum:</strong></span> <span class='ocrx_word' id='word_1_370' title='bbox 924 1593 939 1621; x_wconf 80' lang='grc' dir='ltr'>α</span> <span class='ocrx_word' id='word_1_371' title='bbox 960 1574 989 1625; x_wconf 89' lang='lat' dir='ltr'><strong>Si</strong></span> <span class='ocrx_word' id='word_1_372' title='bbox 1010 1589 1084 1624; x_wconf 90' lang='lat' dir='ltr'><strong>amas</strong></span> <span class='ocrx_word' id='word_1_373' title='bbox 1102 1573 1247 1657; x_wconf 79' lang='lat' dir='ltr'><strong>unitatem,</strong></span> 
     </span>
     <span class='ocr_line' id='line_1_70' title="bbox 710 1644 1248 1722; baseline 0.006 -29"><span class='ocrx_word' id='word_1_374' title='bbox 710 1644 792 1694; x_wconf 84' lang='lat' dir='ltr'><strong>etiam</strong></span> <span class='ocrx_word' id='word_1_375' title='bbox 814 1645 863 1696; x_wconf 79' lang='lat' dir='ltr'><strong>tibi</strong></span> <span class='ocrx_word' id='word_1_376' title='bbox 889 1645 982 1710; x_wconf 86' lang='lat' dir='ltr'><strong>habet,</strong></span> <span class='ocrx_word' id='word_1_377' title='bbox 1005 1645 1133 1722; x_wconf 81' lang='lat' dir='ltr'><strong>quisquis</strong></span> <span class='ocrx_word' id='word_1_378' title='bbox 1147 1645 1180 1695; x_wconf 86' lang='lat' dir='ltr'><strong>iu</strong></span> <span class='ocrx_word' id='word_1_379' title='bbox 1201 1645 1248 1696; x_wconf 70' lang='lat' dir='ltr'><strong>ius</strong></span> 
     </span>
     <span class='ocr_line' id='line_1_71' title="bbox 710 1710 1247 1800; baseline 0.004 -34"><span class='ocrx_word' id='word_1_380' title='bbox 710 1717 813 1782; x_wconf 81' lang='lat' dir='ltr'><strong>aliquid</strong></span> <span class='ocrx_word' id='word_1_381' title='bbox 839 1719 933 1781; x_wconf 82' lang='lat' dir='ltr'><strong>hahet;</strong></span> <span class='ocrx_word' id='word_1_382' title='bbox 965 1710 1034 1768; x_wconf 85' lang='lat' dir='ltr'><strong>tolle</strong></span> <span class='ocrx_word' id='word_1_383' title='bbox 1054 1717 1200 1800; x_wconf 78' lang='lat' dir='ltr'><strong>invidiam,</strong></span> <span class='ocrx_word' id='word_1_384' title='bbox 1216 1726 1247 1768; x_wconf 80' lang='lat' dir='ltr'><strong>st</strong></span> 
     </span>
     <span class='ocr_line' id='line_1_72' title="bbox 710 1787 1249 1856; baseline 0.004 -18"><span class='ocrx_word' id='word_1_385' title='bbox 710 1799 788 1838; x_wconf 86' lang='lat' dir='ltr'><strong>tuum</strong></span> <span class='ocrx_word' id='word_1_386' title='bbox 811 1792 943 1856; x_wconf 83' lang='lat' dir='ltr'><strong>estquod</strong></span> <span class='ocrx_word' id='word_1_387' title='bbox 966 1791 1064 1851; x_wconf 80' lang='lat' dir='ltr'><strong>habeo,</strong></span> <span class='ocrx_word' id='word_1_388' title='bbox 1087 1789 1181 1841; x_wconf 87' lang='lat' dir='ltr'><strong>tolle</strong></span> <span class='ocrx_word' id='word_1_389' title='bbox 1173 1787 1249 1840; x_wconf 83' lang='lat' dir='ltr'><strong>mvi-</strong></span> 
     </span>
     <span class='ocr_line' id='line_1_73' title="bbox 709 1859 1247 1942; baseline 0.007 -34"><span class='ocrx_word' id='word_1_390' title='bbox 709 1859 792 1918; x_wconf 82' lang='lat' dir='ltr'><strong>diam,</strong></span> <span class='ocrx_word' id='word_1_391' title='bbox 817 1871 843 1910; x_wconf 87' lang='lat' dir='ltr'><strong>et</strong></span> <span class='ocrx_word' id='word_1_392' title='bbox 867 1877 960 1911; x_wconf 90' lang='lat' dir='ltr'><strong>meum</strong></span> <span class='ocrx_word' id='word_1_393' title='bbox 988 1871 1028 1910; x_wconf 87' lang='lat' dir='ltr'><strong>est</strong></span> <span class='ocrx_word' id='word_1_394' title='bbox 1051 1861 1125 1942; x_wconf 83' lang='lat' dir='ltr'><strong>quod</strong></span> <span class='ocrx_word' id='word_1_395' title='bbox 1152 1860 1247 1912; x_wconf 73' lang='lat' dir='ltr'><strong>nabes</strong></span> 
     </span>
     <span class='ocr_line' id='line_1_74' title="bbox 710 1931 1274 2000; baseline 0.004 -20"><span class='ocrx_word' id='word_1_396' title='bbox 710 1931 791 1982; x_wconf 77' lang='lat' dir='ltr'><strong>Liuor</strong></span> <span class='ocrx_word' id='word_1_397' title='bbox 804 1943 918 1998; x_wconf 86' lang='lat' dir='ltr'><strong>separat,</strong></span> <span class='ocrx_word' id='word_1_398' title='bbox 935 1932 1030 1982; x_wconf 82' lang='lat' dir='ltr'><strong>caritas</strong></span> <span class='ocrx_word' id='word_1_399' title='bbox 1043 1932 1149 1998; x_wconf 80' lang='lat' dir='ltr'><strong>jungit:</strong></span> <span class='ocrx_word' id='word_1_400' title='bbox 1162 1931 1249 1982; x_wconf 75' lang='lat' dir='ltr'><strong>slsaec</strong></span> <span class='ocrx_word' id='word_1_401' title='bbox 1271 1995 1274 2000; x_wconf 23' lang='lat'><strong><em>³</em></strong></span> 
     </span>
     <span class='ocr_line' id='line_1_75' title="bbox 709 2001 1248 2086; baseline 0 -34"><span class='ocrx_word' id='word_1_402' title='bbox 709 2004 888 2067; x_wconf 81' lang='lat' dir='ltr'><strong>Augustinus.</strong></span> <span class='ocrx_word' id='word_1_403' title='bbox 911 2005 962 2053; x_wconf 86' lang='lat' dir='ltr'><strong>Per</strong></span> <span class='ocrx_word' id='word_1_404' title='bbox 982 2003 1120 2053; x_wconf 83' lang='lat' dir='ltr'><strong>caritatem</strong></span> <span class='ocrx_word' id='word_1_405' title='bbox 1144 2001 1248 2086; x_wconf 74' lang='lat' dir='ltr'><strong>quippe</strong></span> 
     </span>
     <span class='ocr_line' id='line_1_76' title="bbox 709 2075 1246 2142; baseline 0.006 -18"><span class='ocrx_word' id='word_1_406' title='bbox 709 2086 749 2125; x_wconf 83' lang='lat' dir='ltr'><strong>est</strong></span> <span class='ocrx_word' id='word_1_407' title='bbox 774 2075 894 2126; x_wconf 86' lang='lat' dir='ltr'><strong>homo</strong></span> <span class='ocrx_word' id='word_1_408' title='bbox 888 2093 917 2127; x_wconf 92' lang='lat' dir='ltr'><strong>1u</strong></span> <span class='ocrx_word' id='word_1_409' title='bbox 948 2076 1092 2142; x_wconf 83' lang='lat' dir='ltr'><strong>participio</strong></span> <span class='ocrx_word' id='word_1_410' title='bbox 1120 2075 1246 2127; x_wconf 75' lang='lat' dir='ltr'><strong>omnium</strong></span> 
     </span>
     <span class='ocr_line' id='line_1_77' title="bbox 710 2146 1245 2211; baseline 0.007 -16"><span class='ocrx_word' id='word_1_411' title='bbox 710 2147 844 2196; x_wconf 84' lang='lat' dir='ltr'><strong>bonorum</strong></span> <span class='ocrx_word' id='word_1_412' title='bbox 871 2149 1009 2211; x_wconf 79' lang='lat' dir='ltr'><strong>Ecclesiae3</strong></span> <span class='ocrx_word' id='word_1_413' title='bbox 1035 2158 1061 2198; x_wconf 90' lang='lat' dir='ltr'><strong>et</strong></span> <span class='ocrx_word' id='word_1_414' title='bbox 1086 2163 1117 2198; x_wconf 84' lang='lat' dir='ltr'><strong>ex</strong></span> <span class='ocrx_word' id='word_1_415' title='bbox 1141 2146 1245 2198; x_wconf 79' lang='lat' dir='ltr'><strong>defectu</strong></span> 
     </span>
     <span class='ocr_line' id='line_1_78' title="bbox 709 2217 1246 2269; baseline 0.004 -2"><span class='ocrx_word' id='word_1_416' title='bbox 709 2217 828 2267; x_wconf 87' lang='lat' dir='ltr'><strong>caritatis</strong></span> <span class='ocrx_word' id='word_1_417' title='bbox 856 2219 960 2269; x_wconf 88' lang='lat' dir='ltr'><strong>amittit</strong></span> <span class='ocrx_word' id='word_1_418' title='bbox 995 2220 1079 2269; x_wconf 88' lang='lat' dir='ltr'><strong>homo</strong></span> <span class='ocrx_word' id='word_1_419' title='bbox 1114 2217 1246 2269; x_wconf 78' lang='lat' dir='ltr'><strong>metitum</strong></span> 
     </span>
     <span class='ocr_line' id='line_1_79' title="bbox 711 2287 1249 2348; baseline 0 -10"><span class='ocrx_word' id='word_1_420' title='bbox 711 2287 836 2338; x_wconf 79' lang='lat' dir='ltr'><strong>omnium</strong></span> <span class='ocrx_word' id='word_1_421' title='bbox 870 2289 1003 2339; x_wconf 86' lang='lat' dir='ltr'><strong>bonorum</strong></span> <span class='ocrx_word' id='word_1_422' title='bbox 1035 2289 1182 2348; x_wconf 71' lang='lat' dir='ltr'><strong>Ecclesiae,</strong></span> <span class='ocrx_word' id='word_1_423' title='bbox 1219 2299 1249 2338; x_wconf 85' lang='lat' dir='ltr'><strong>et</strong></span> 
     </span>
     <span class='ocr_line' id='line_1_80' title="bbox 710 2358 1246 2427; baseline 0 -17"><span class='ocrx_word' id='word_1_424' title='bbox 710 2360 791 2415; x_wconf 81' lang='lat' dir='ltr'><strong>etiam</strong></span> <span class='ocrx_word' id='word_1_425' title='bbox 815 2361 880 2411; x_wconf 83' lang='lat' dir='ltr'><strong>huni</strong></span> <span class='ocrx_word' id='word_1_426' title='bbox 903 2361 993 2427; x_wconf 90' lang='lat' dir='ltr'><strong>operis</strong></span> <span class='ocrx_word' id='word_1_427' title='bbox 1020 2361 1134 2427; x_wconf 79' lang='lat' dir='ltr'><strong>proprii.</strong></span> <span class='ocrx_word' id='word_1_428' title='bbox 1156 2358 1195 2411; x_wconf 80' lang='lat' dir='ltr'><strong>Et</strong></span> <span class='ocrx_word' id='word_1_429' title='bbox 1217 2371 1246 2411; x_wconf 82' lang='lat' dir='ltr'><strong>us</strong></span> 
     </span>
     <span class='ocr_line' id='line_1_81' title="bbox 711 2433 1248 2498; baseline 0.004 -15"><span class='ocrx_word' id='word_1_430' title='bbox 711 2434 776 2484; x_wconf 88' lang='lat' dir='ltr'><strong>dicit</strong></span> <span class='ocrx_word' id='word_1_431' title='bbox 787 2435 958 2498; x_wconf 71' lang='lat' dir='ltr'><strong>Bernartius,</strong></span> <span class='ocrx_word' id='word_1_432' title='bbox 972 2435 1069 2484; x_wconf 84' lang='lat' dir='ltr'><strong>caritas</strong></span> <span class='ocrx_word' id='word_1_433' title='bbox 1091 2443 1132 2484; x_wconf 82' lang='lat' dir='ltr'><strong>est</strong></span> <span class='ocrx_word' id='word_1_434' title='bbox 1148 2433 1248 2495; x_wconf 64' lang='lat' dir='ltr'><strong>virtus,</strong></span> 
     </span>
     <span class='ocr_line' id='line_1_82' title="bbox 711 2505 1246 2573; baseline 0 -17"><span class='ocrx_word' id='word_1_435' title='bbox 711 2507 740 2556; x_wconf 87' lang='lat' dir='ltr'><strong>iu</strong></span> <span class='ocrx_word' id='word_1_436' title='bbox 756 2523 809 2573; x_wconf 74' lang='lat' dir='ltr'><strong>qm</strong></span> <span class='ocrx_word' id='word_1_437' title='bbox 826 2508 1036 2558; x_wconf 83' lang='lat' dir='ltr'><strong>necminimum</strong></span> <span class='ocrx_word' id='word_1_438' title='bbox 1053 2522 1123 2572; x_wconf 85' lang='lat' dir='ltr'><strong>spus</strong></span> <span class='ocrx_word' id='word_1_439' title='bbox 1138 2505 1246 2572; x_wconf 77' lang='lat' dir='ltr'><strong>respui-</strong></span> 
     </span>
     <span class='ocr_line' id='line_1_83' title="bbox 711 2577 1245 2644; baseline 0.004 -17"><span class='ocrx_word' id='word_1_440' title='bbox 711 2588 765 2639; x_wconf 81' lang='lat' dir='ltr'><strong>tur,</strong></span> <span class='ocrx_word' id='word_1_441' title='bbox 778 2578 839 2627; x_wconf 82' lang='lat' dir='ltr'><strong>sine</strong></span> <span class='ocrx_word' id='word_1_442' title='bbox 850 2595 903 2644; x_wconf 86' lang='lat' dir='ltr'><strong>qua</strong></span> <span class='ocrx_word' id='word_1_443' title='bbox 914 2594 963 2629; x_wconf 83' lang='lat' dir='ltr'><strong>uec</strong></span> <span class='ocrx_word' id='word_1_444' title='bbox 975 2577 1245 2643; x_wconf 74' lang='lat' dir='ltr'><strong>maximusacoepn·</strong></span> 
     </span>
     <span class='ocr_line' id='line_1_84' title="bbox 711 2647 1243 2700; baseline 0.006 -3"><span class='ocrx_word' id='word_1_445' title='bbox 711 2658 764 2698; x_wconf 85' lang='lat' dir='ltr'><strong>tut.</strong></span> <span class='ocrx_word' id='word_1_446' title='bbox 773 2649 810 2698; x_wconf 81' lang='lat' dir='ltr'><strong>Et</strong></span> <span class='ocrx_word' id='word_1_447' title='bbox 823 2650 939 2700; x_wconf 83' lang='lat' dir='ltr'><strong>breviter</strong></span> <span class='ocrx_word' id='word_1_448' title='bbox 948 2649 1135 2699; x_wconf 82' lang='lat' dir='ltr'><strong>concludendo</strong></span> <span class='ocrx_word' id='word_1_449' title='bbox 1147 2647 1243 2700; x_wconf 77' lang='lat' dir='ltr'><strong>carius</strong></span> 
     </span>
     <span class='ocr_line' id='line_1_85' title="bbox 710 2719 1243 2786; baseline 0.006 -19"><span class='ocrx_word' id='word_1_450' title='bbox 710 2719 782 2768; x_wconf 79' lang='lat' dir='ltr'><strong>intes</strong></span> <span class='ocrx_word' id='word_1_451' title='bbox 804 2720 917 2770; x_wconf 86' lang='lat' dir='ltr'><strong>virtutes</strong></span> <span class='ocrx_word' id='word_1_452' title='bbox 943 2730 1020 2770; x_wconf 85' lang='lat' dir='ltr'><strong>tenet</strong></span> <span class='ocrx_word' id='word_1_453' title='bbox 1047 2720 1243 2786; x_wconf 80' lang='lat' dir='ltr'><strong>principatum,</strong></span> 
     </span>
     <span class='ocr_line' id='line_1_86' title="bbox 710 2790 1244 2859; baseline 0.009 -19"><span class='ocrx_word' id='word_1_454' title='bbox 710 2790 775 2856; x_wconf 83' lang='lat' dir='ltr'><strong>quia</strong></span> <span class='ocrx_word' id='word_1_455' title='bbox 792 2791 850 2841; x_wconf 86' lang='lat' dir='ltr'><strong>sine</strong></span> <span class='ocrx_word' id='word_1_456' title='bbox 866 2793 925 2857; x_wconf 88' lang='lat' dir='ltr'><strong>ipsa</strong></span> <span class='ocrx_word' id='word_1_457' title='bbox 943 2793 975 2842; x_wconf 88' lang='lat' dir='ltr'><strong>ad</strong></span> <span class='ocrx_word' id='word_1_458' title='bbox 998 2791 1175 2859; x_wconf 83' lang='lat' dir='ltr'><strong>perfectionis</strong></span> <span class='ocrx_word' id='word_1_459' title='bbox 1191 2793 1244 2845; x_wconf 77' lang='lat' dir='ltr'><strong>mt-</strong></span> 
     </span>
     <span class='ocr_line' id='line_1_87' title="bbox 709 2865 1244 2928; baseline 0.004 -16"><span class='ocrx_word' id='word_1_460' title='bbox 709 2877 772 2912; x_wconf 85' lang='lat' dir='ltr'><strong>mcn</strong></span> <span class='ocrx_word' id='word_1_461' title='bbox 783 2877 866 2912; x_wconf 84' lang='lat' dir='ltr'><strong>nemo</strong></span> <span class='ocrx_word' id='word_1_462' title='bbox 884 2865 1064 2914; x_wconf 84' lang='lat' dir='ltr'><strong>conscendere</strong></span> <span class='ocrx_word' id='word_1_463' title='bbox 1077 2865 1163 2928; x_wconf 83' lang='lat' dir='ltr'><strong>valet;</strong></span> <span class='ocrx_word' id='word_1_464' title='bbox 1177 2874 1244 2914; x_wconf 80' lang='lat' dir='ltr'><strong>tunc</strong></span> 
     </span>
     <span class='ocr_line' id='line_1_88' title="bbox 708 2930 1244 2999; baseline 0.007 -18"><span class='ocrx_word' id='word_1_465' title='bbox 708 2930 781 2981; x_wconf 86' lang='lat' dir='ltr'><strong>enim</strong></span> <span class='ocrx_word' id='word_1_466' title='bbox 799 2932 885 2982; x_wconf 82' lang='lat' dir='ltr'><strong>homo</strong></span> <span class='ocrx_word' id='word_1_467' title='bbox 910 2933 1043 2999; x_wconf 81' lang='lat' dir='ltr'><strong>perfectus</strong></span> <span class='ocrx_word' id='word_1_468' title='bbox 1072 2944 1112 2983; x_wconf 85' lang='lat' dir='ltr'><strong>cst</strong></span> <span class='ocrx_word' id='word_1_469' title='bbox 1132 2934 1244 2999; x_wconf 80' lang='lat' dir='ltr'><strong>quando</strong></span> 
     </span>
     <span class='ocr_line' id='line_1_89' title="bbox 708 3003 991 3070; baseline 0.011 -18"><span class='ocrx_word' id='word_1_470' title='bbox 708 3003 816 3053; x_wconf 74' lang='lat' dir='ltr'><strong>carisste</strong></span> <span class='ocrx_word' id='word_1_471' title='bbox 830 3007 928 3070; x_wconf 87' lang='lat' dir='ltr'><strong>plenus</strong></span> <span class='ocrx_word' id='word_1_472' title='bbox 942 3016 991 3055; x_wconf 88' lang='lat' dir='ltr'><strong>est.</strong></span> 
     </span>
    </p>

    <p class='ocr_par' dir='ltr' id='par_1_13' title="bbox 704 3076 1245 3931">
     <span class='ocr_line' id='line_1_90' title="bbox 742 3076 1244 3138; baseline 0.006 -11"><span class='ocrx_word' id='word_1_473' title='bbox 742 3076 755 3127; x_wconf 89' lang='lat'><strong>5</strong></span> <span class='ocrx_word' id='word_1_474' title='bbox 774 3078 907 3138; x_wconf 81' lang='lat' dir='ltr'><strong>Quououo</strong></span> <span class='ocrx_word' id='word_1_475' title='bbox 923 3079 1059 3129; x_wconf 81' lang='lat' dir='ltr'><strong>Cumsnus</strong></span> <span class='ocrx_word' id='word_1_476' title='bbox 1080 3094 1184 3130; x_wconf 74' lang='lat' dir='ltr'><strong>snum</strong></span> <span class='ocrx_word' id='word_1_477' title='bbox 1195 3095 1244 3130; x_wconf 79' lang='lat' dir='ltr'><strong>usn</strong></span> 
     </span>
     <span class='ocr_line' id='line_1_91' title="bbox 708 3151 1245 3202; baseline 0.004 -2"><span class='ocrx_word' id='word_1_478' title='bbox 708 3165 828 3200; x_wconf 63' lang='lat' dir='ltr'><strong>meumes</strong></span> <span class='ocrx_word' id='word_1_479' title='bbox 854 3167 883 3201; x_wconf 76' lang='lat' dir='ltr'><strong>tu</strong></span> <span class='ocrx_word' id='word_1_480' title='bbox 913 3151 1054 3202; x_wconf 71' lang='lat' dir='ltr'><strong>Eumaeus.</strong></span> <span class='ocrx_word' id='word_1_481' title='bbox 1084 3179 1115 3189; x_wconf 97' lang='lat'>—</span> <span class='ocrx_word' id='word_1_482' title='bbox 1137 3151 1245 3202; x_wconf 80' lang='lat' dir='ltr'><strong>Deinde</strong></span> 
     </span>
     <span class='ocr_line' id='line_1_92' title="bbox 708 3219 1244 3287; baseline 0.006 -18"><span class='ocrx_word' id='word_1_483' title='bbox 708 3219 771 3284; x_wconf 82' lang='lat' dir='ltr'><strong>quia</strong></span> <span class='ocrx_word' id='word_1_484' title='bbox 799 3236 897 3285; x_wconf 84' lang='lat' dir='ltr'><strong>mag-na</strong></span> <span class='ocrx_word' id='word_1_485' title='bbox 921 3221 960 3271; x_wconf 85' lang='lat' dir='ltr'><strong>eis</strong></span> <span class='ocrx_word' id='word_1_486' title='bbox 983 3220 1110 3284; x_wconf 80' lang='lat' dir='ltr'><strong>injunxit,</strong></span> <span class='ocrx_word' id='word_1_487' title='bbox 1136 3221 1244 3287; x_wconf 78' lang='lat' dir='ltr'><strong>erigens</strong></span> 
     </span>
     <span class='ocr_line' id='line_1_93' title="bbox 708 3292 1242 3354; baseline 0.006 -13"><span class='ocrx_word' id='word_1_488' title='bbox 708 3307 803 3342; x_wconf 79' lang='lat' dir='ltr'><strong>conum</strong></span> <span class='ocrx_word' id='word_1_489' title='bbox 826 3308 924 3345; x_wconf 86' lang='lat' dir='ltr'><strong>sensus</strong></span> <span class='ocrx_word' id='word_1_490' title='bbox 950 3302 976 3343; x_wconf 93' lang='lat' dir='ltr'><strong>et</strong></span> <span class='ocrx_word' id='word_1_491' title='bbox 999 3307 1046 3342; x_wconf 86' lang='lat' dir='ltr'><strong>eos</strong></span> <span class='ocrx_word' id='word_1_492' title='bbox 1069 3292 1242 3354; x_wconf 78' lang='lat' dir='ltr'><strong>confortans,</strong></span> 
     </span>
     <span class='ocr_line' id='line_1_94' title="bbox 707 3361 1242 3428; baseline 0.004 -18"><span class='ocrx_word' id='word_1_493' title='bbox 707 3361 768 3412; x_wconf 77' lang='lat' dir='ltr'><strong>ait:</strong></span> <span class='ocrx_word' id='word_1_494' title='bbox 789 3363 829 3413; x_wconf 84' lang='lat' dir='ltr'><strong>Et</strong></span> <span class='ocrx_word' id='word_1_495' title='bbox 851 3377 910 3413; x_wconf 82' lang='lat' dir='ltr'><strong>ecce</strong></span> <span class='ocrx_word' id='word_1_496' title='bbox 933 3377 987 3428; x_wconf 81' lang='lat' dir='ltr'><strong>ego</strong></span> <span class='ocrx_word' id='word_1_497' title='bbox 1012 3364 1146 3413; x_wconf 80' lang='lat' dir='ltr'><strong>uobiscum</strong></span> <span class='ocrx_word' id='word_1_498' title='bbox 1173 3377 1242 3426; x_wconf 73' lang='lat' dir='ltr'><strong>sunu,</strong></span> 
     </span>
     <span class='ocr_line' id='line_1_95' title="bbox 707 3433 1243 3501; baseline 0.004 -18"><span class='ocrx_word' id='word_1_499' title='bbox 707 3433 874 3498; x_wconf 85' lang='lat' dir='ltr'><strong>protectione</strong></span> <span class='ocrx_word' id='word_1_500' title='bbox 895 3433 995 3484; x_wconf 83' lang='lat' dir='ltr'><strong>divinae</strong></span> <span class='ocrx_word' id='word_1_501' title='bbox 1009 3435 1127 3494; x_wconf 85' lang='lat' dir='ltr'><strong>virtutis,</strong></span> <span class='ocrx_word' id='word_1_502' title='bbox 1141 3450 1243 3501; x_wconf 79' lang='lat' dir='ltr'><strong>coope-</strong></span> 
     </span>
     <span class='ocr_line' id='line_1_96' title="bbox 707 3503 1243 3570; baseline 0.004 -16"><span class='ocrx_word' id='word_1_503' title='bbox 707 3503 812 3554; x_wconf 78' lang='lat' dir='ltr'><strong>ratione</strong></span> <span class='ocrx_word' id='word_1_504' title='bbox 833 3505 936 3555; x_wconf 81' lang='lat' dir='ltr'><strong>laboris</strong></span> <span class='ocrx_word' id='word_1_505' title='bbox 949 3514 977 3554; x_wconf 88' lang='lat' dir='ltr'><strong>et</strong></span> <span class='ocrx_word' id='word_1_506' title='bbox 992 3505 1091 3570; x_wconf 84' lang='lat' dir='ltr'><strong>operis,</strong></span> <span class='ocrx_word' id='word_1_507' title='bbox 1106 3521 1137 3554; x_wconf 83' lang='lat' dir='ltr'><strong>ac</strong></span> <span class='ocrx_word' id='word_1_508' title='bbox 1156 3506 1243 3557; x_wconf 76' lang='lat' dir='ltr'><strong>etium</strong></span> 
     </span>
     <span class='ocr_line' id='line_1_97' title="bbox 707 3577 1244 3643; baseline 0.002 -17"><span class='ocrx_word' id='word_1_509' title='bbox 707 3577 891 3628; x_wconf 80' lang='lat' dir='ltr'><strong>saeuumentsli</strong></span> <span class='ocrx_word' id='word_1_510' title='bbox 932 3578 1074 3643; x_wconf 77' lang='lat' dir='ltr'><strong>proesentia</strong></span> <span class='ocrx_word' id='word_1_511' title='bbox 1113 3577 1244 3643; x_wconf 75' lang='lat' dir='ltr'><strong>Gonpms&#39;s</strong></span> 
     </span>
     <span class='ocr_line' id='line_1_98' title="bbox 706 3650 1243 3716; baseline 0.004 -16"><span class='ocrx_word' id='word_1_512' title='bbox 706 3651 826 3701; x_wconf 73' lang='lat' dir='ltr'><strong>amitus</strong></span> <span class='ocrx_word' id='word_1_513' title='bbox 850 3650 943 3701; x_wconf 82' lang='lat' dir='ltr'><strong>diebus</strong></span> <span class='ocrx_word' id='word_1_514' title='bbox 958 3665 1040 3716; x_wconf 74' lang='lat' dir='ltr'><strong>suque</strong></span> <span class='ocrx_word' id='word_1_515' title='bbox 1062 3650 1100 3700; x_wconf 80' lang='lat' dir='ltr'><strong>ad</strong></span> <span class='ocrx_word' id='word_1_516' title='bbox 1113 3665 1243 3702; x_wconf 64' lang='lat' dir='ltr'><strong>conum</strong></span> 
     </span>
     <span class='ocr_line' id='line_1_99' title="bbox 706 3721 1243 3785; baseline 0.006 -14"><span class='ocrx_word' id='word_1_517' title='bbox 706 3722 848 3773; x_wconf 77' lang='lat' dir='ltr'><strong>mationem</strong></span> <span class='ocrx_word' id='word_1_518' title='bbox 876 3721 970 3772; x_wconf 81' lang='lat' dir='ltr'><strong>soeculi</strong></span> <span class='ocrx_word' id='word_1_519' title='bbox 997 3721 1147 3785; x_wconf 63' lang='lat' dir='ltr'><strong>inclusisse,</strong></span> <span class='ocrx_word' id='word_1_520' title='bbox 1178 3737 1243 3774; x_wconf 84' lang='lat' dir='ltr'><strong>cum</strong></span> 
     </span>
     <span class='ocr_line' id='line_1_100' title="bbox 706 3790 1242 3850; baseline 0.009 -10"><span class='ocrx_word' id='word_1_521' title='bbox 706 3791 792 3841; x_wconf 78' lang='lat' dir='ltr'><strong>finitis</strong></span> <span class='ocrx_word' id='word_1_522' title='bbox 816 3790 973 3850; x_wconf 75' lang='lat' dir='ltr'><strong>laboribus,</strong></span> <span class='ocrx_word' id='word_1_523' title='bbox 998 3803 1025 3841; x_wconf 80' lang='lat' dir='ltr'><strong>et</strong></span> <span class='ocrx_word' id='word_1_524' title='bbox 1051 3802 1242 3845; x_wconf 73' lang='lat' dir='ltr'><strong>consummate</strong></span> 
     </span>
     <span class='ocr_line' id='line_1_101' title="bbox 704 3864 1241 3931; baseline 0.006 -15"><span class='ocrx_word' id='word_1_525' title='bbox 704 3866 804 3926; x_wconf 73' lang='lat' dir='ltr'><strong>seculo,</strong></span> <span class='ocrx_word' id='word_1_526' title='bbox 816 3880 929 3916; x_wconf 82' lang='lat' dir='ltr'><strong>mesum</strong></span> <span class='ocrx_word' id='word_1_527' title='bbox 935 3864 1096 3930; x_wconf 80' lang='lat' dir='ltr'><strong>negnabitis,</strong></span> <span class='ocrx_word' id='word_1_528' title='bbox 1109 3866 1241 3931; x_wconf 72' lang='lat' dir='ltr'><strong>cuiusnti</strong></span> 
     </span>
    </p>
   </div>
   <div class='ocr_carea' id='block_1_10' title="bbox 0 0 1318 4328">
    <p class='ocr_par' dir='ltr' id='par_1_14' title="bbox 0 0 1318 4328">
     <span class='ocr_line' id='line_1_102' title="bbox 0 0 1318 4328; baseline 0 0"><span class='ocrx_word' id='word_1_529' title='bbox 0 0 1318 4328; x_wconf 95' lang='lat' dir='ltr'><strong> </strong></span> 
     </span>
    </p>
   </div>
  </div>
 </body>
</html>
