2626 4328
317 212 364 262 DE
380 210 503 272 SEXTA,
521 207 556 258 IN
575 205 742 256 PASSIONE
762 205 891 256 DOMINI

1115 201 1164 254 563

373 605 379 622 ’
454 642 620 713 carun
645 640 768 710 inll

299 895 352 962 De
369 893 488 973 Sexta,
508 892 544 960 in
569 889 737 960 Passione
764 889 919 958 Domini.

177 1143 323 1207 Matthaei
348 1162 413 1224 cap.
434 1161 485 1225 27,
509 1140 610 1202 Marci
631 1159 697 1222 cap.
727 1142 776 1216 15,
801 1137 895 1200 Lucae
916 1157 982 1220 cap.
1009 1141 1047 1200 23

437 1259 467 1309 et
488 1247 621 1309 Ioannis
642 1267 708 1328 cap.
738 1266 785 1325 19.

87 1506 97 1540 r
126 1489 188 1541 Cua
201 1502 271 1536 unns
293 1486 403 1537 Cunrsrt
426 1499 590 1543 runnissunt,

57 1575 90 1610 rr
123 1575 218 1618 Quina
245 1573 297 1607 eiu
336 1572 421 1606 aaran
449 1570 591 1605 ctvrrirau

57 1631 243 1683 sannorum?
255 1659 285 1668 -
297 1631 369 1680 Hora
379 1638 451 1680 sexta
462 1628 592 1694 cogitabIs

57 1704 151 1756 dolens
185 1712 216 1753 et
244 1700 339 1760 trIstis,
367 1701 504 1766 quomodo
535 1700 591 1749 Do-

58 1773 148 1825 minus
170 1774 259 1832 Jesus,
275 1785 395 1837 praecone
405 1772 547 1829 clamante,
564 1779 590 1820 et

60 1843 275 1912 vituperabiliter
300 1844 396 1894 ductus
423 1851 496 1892 extra
525 1856 591 1907 por-

62 1926 117 1966 tam
142 1916 306 1975 Jerusalem,
341 1914 461 1980 pervenit
489 1913 522 1962 ad
549 1913 591 1963 lo-

61 2000 116 2036 cum
147 1985 303 2047 Calvart'ae,
330 1984 424 2049 utique
453 1982 590 2043 foetidum,

59 2055 195 2106 Hebraico
212 2054 350 2120 Golgotlta
371 2054 481 2113 dictum,
499 2064 524 2104 et
537 2054 592 2103 La-

59 2125 113 2176 tine
144 2123 332 2174 decollationis
364 2123 590 2188 interpretatum

62 2195 107 2246 ubi
136 2193 325 2247 malefactores
346 2195 539 2259 puniebantur,
567 2203 593 2245 et

61 2266 200 2332 publicum
224 2274 280 2316 erat
298 2263 459 2330 patibulum.
476 2266 522 2338 Est
542 2280 594 2315 au·

61 2346 114 2387 tem
135 2335 253 2387 calvaria
276 2345 343 2385 testa
360 2335 463 2400 capitis,
485 2334 548 2401 pilis
569 2344 595 2385 et

61 2409 130 2475 pelle
143 2408 289 2468 denudata,
304 2417 330 2457 et
343 2408 407 2472 quia
423 2407 460 2458 ibi
477 2409 595 2459 decolla-

61 2479 160 2530 bantur
185 2487 212 2529 et
235 2477 469 2543 suspendebantur
491 2477 547 2542 rei,
571 2487 597 2528 et

61 2565 153 2618 sparsa
170 2561 246 2602 erant
268 2552 353 2600 multa
372 2565 433 2601 ossa
453 2565 596 2616 corporum

62 2621 256 2685 humanorum,
279 2630 306 2671 et
327 2621 442 2671 maxime
459 2620 597 2690 capitum3

64 2691 121 2742 ideo
142 2691 281 2742 dicebatur
306 2691 381 2741 locus
401 2691 535 2754 Calvariae,
551 2706 598 2741 seu

67 2764 258 2816 Calrariarum.
280 2763 316 2814 Et
335 2763 433 2814 idcirco
452 2764 529 2815 Jesus
550 2780 598 2830 pro

67 2835 191 2885 omnium
212 2835 298 2885 salute
313 2833 341 2884 in
355 2835 414 2884 loco
432 2844 599 2899 peccatorum

67 2915 105 2954 est
132 2919 229 2970 passus
253 2921 261 2954 ι
283 2914 315 2955 ut
339 2905 524 2955 ostenderetur
546 2905 599 2971 pati

68 2991 116 3041 pro
131 2975 328 3042 peccatoribus,
342 2984 372 3026 ut
390 2975 437 3026 ubi
454 2975 529 3041 prius
545 2985 601 3026 erat

68 3062 126 3098 area
151 3047 353 3112 damnatorum,
374 3045 412 3096 ibi
436 3046 601 3112 erigerentur

69 3120 166 3171 vexilla
179 3121 340 3186 Martyrum,
354 3128 381 3170 et
394 3119 442 3170 ubi
455 3119 602 3170 abundavit

68 3201 224 3256 peccatum,
256 3191 484 3257 superabundaret
518 3189 602 3256 gratIa

70 3261 129 3327 Dei;
150 3272 177 3313 et
198 3261 227 3312 in
248 3261 301 3313 hoc
317 3261 508 3320 ostenderetur,
528 3260 602 3327 quod

10 3342 14 3373 i
72 3348 116 3398 per
129 3332 300 3384 tolerantiam
313 3333 438 3398 supplicii
450 3332 603 3398 pervenitur

10 3458 12 3465 ¹
73 3402 103 3451 td
123 3417 252 3453 coronam
271 3402 399 3468 martyrii.
419 3403 457 3452 Ibi
477 3401 603 3453 Christus

10 3480 12 3489 '
74 3474 230 3536 decalvatur,
246 3474 273 3524 id
288 3485 330 3527 est
344 3490 360 3525 a
376 3489 455 3525 carne
474 3491 531 3535 sua,
548 3475 603 3526 sci-

10 3550 13 3607 ,
76 3544 132 3597 licet
156 3544 255 3597 mruali
274 3546 381 3609 Judaea,
402 3556 545 3612 separatur.
573 3547 605 3597 Et

77 3616 111 3668 sic
123 3627 195 3684 patet
214 3617 310 3668 mortis
323 3616 424 3668 Christi
446 3617 583 3685 turpitudo
596 3635 603 3668 :

78 3698 107 3736 cx
120 3687 278 3739 conditione
289 3686 351 3748 loci,
364 3687 427 3754 quia
441 3687 470 3738 in
484 3689 544 3739 loco
557 3688 605 3740 ubi

25 3794 28 3799 -
82 3757 258 3819 molebantur
272 3755 454 3809 malefactores
470 3768 496 3810 et
510 3761 565 3822 rei;
581 3767 607 3811 et

83 3837 110 3874 ex
131 3827 213 3880 modo
243 3827 365 3890 mortis,
380 3827 444 3894 quia
470 3827 607 3881 crucifixio

644 1494 698 1535 erat
715 1483 904 1550 turpissimum
919 1501 1003 1551 genus
1018 1487 1128 1549 mortis3
1145 1496 1171 1539 et

643 1555 744 1605 ratione
765 1555 908 1619 societatis,
929 1557 992 1622 quia
1015 1558 1084 1608 inter
1104 1559 1172 1611 duos

644 1627 834 1687 malefactores,
858 1629 1063 1694 quasinoxius,
1083 1633 1171 1683 cruci-

644 1697 712 1749 fixus
728 1710 777 1760 est,
791 1715 837 1766 per
856 1701 927 1766 quod
944 1701 1027 1751 Judaei
1047 1701 1172 1754 intende-

644 1771 707 1820 bant
722 1771 848 1822 inducere
864 1773 1044 1837 suspicionem
1063 1778 1173 1840 populo,

644 1843 715 1908 quod
730 1843 806 1893 Jesus
820 1853 888 1893 esset
904 1844 1043 1910 particeps,
1058 1856 1084 1895 et
1098 1847 1174 1910 prin·

635 1912 738 1978 ‘cipalis
757 1912 786 1963 in
801 1928 895 1963 eorum
910 1913 1074 1965 malefactis:
1092 1917 1175 1966 vilifi-

645 1998 703 2033 care
739 1984 812 2033 enim
845 2000 906 2034 eum
940 1985 1114 2038 intendebant
1146 1989 1174 2038 in

645 2054 781 2106 omnibus.
796 2055 868 2105 Crux
883 2072 952 2117 vero,
968 2073 1028 2122 quae
1044 2069 1107 2108 tunc
1122 2071 1177 2112 erat

645 2127 806 2192 supplicium
816 2130 951 2179 latronum
963 2139 989 2180 et
1001 2132 1092 2181 multae
1102 2132 1177 2197 igno-

646 2198 748 2257 miniae,
771 2214 841 2248 nunc
862 2215 876 2249 a
899 2200 963 2249 locis
983 2201 1178 2265 suppliciorum

647 2268 709 2319 fecit
728 2269 870 2319 transitum
889 2270 921 2319 ad
942 2269 1042 2320 frontes
1059 2273 1178 2337 Impera-

648 2349 747 2398 torum,
776 2347 802 2388 et
834 2349 874 2388 est
906 2339 1045 2390 immensae
1079 2342 1177 2405 gloriae.

648 2412 769 2475 Tempus
800 2409 881 2459 etiam
911 2409 1045 2461 Passionis
1075 2412 1178 2464 Christi

649 2491 704 2532 erat
716 2491 823 2546 tempus
843 2480 970 2541 solemne,
986 2492 1012 2532 et
1033 2483 1093 2534 ideo
1108 2494 1180 2535 tem-

650 2566 700 2618 pus
720 2549 811 2616 gaudii
826 2559 852 2600 et
868 2550 1074 2617 miserIcordiae;
1092 2564 1116 2605 et
1134 2572 1181 2622 per

650 2638 816 2689 consequens
840 2624 924 2688 major
948 2624 999 2675 fuit
1019 2627 1096 2678 dolor
1119 2637 1181 2679 tan-

650 2706 705 2746 tam
719 2695 902 2746 crudelitatem
916 2705 942 2746 et
952 2697 1126 2749 afflictionem
1138 2711 1181 2751 ta-

651 2768 670 2818 li
692 2777 813 2832 tempore
833 2767 971 2819 sustinere.
991 2770 1071 2820 Extra
1092 2783 1181 2821 autem

652 2837 786 2888 ciuitatem
809 2852 902 2902 passus
924 2848 964 2888 est
990 2850 1098 2905 propter
1118 2840 1181 2889 duo.

655 2907 754 2966 Primo,
765 2917 795 2956 ut
809 2908 960 2957 ostenderet
972 2918 1099 2958 virtutem
1118 2909 1182 2958 Pas-

639 2980 739 3038 sionis
762 2995 817 3030 suae
841 2996 894 3030 non
917 2995 975 3030 esse
997 2980 1183 3030 includendam

654 3050 724 3104 intra
738 3049 869 3099 terminos
883 3049 970 3114 gentis
981 3049 1103 3100 iudaicae.
1124 3051 1185 3100 Un-

654 3120 687 3171 de
709 3120 920 3186 Cltrysosiomus
942 3134 950 3168 .·
975 3137 988 3167 tt
1012 3121 1073 3170 Non
1094 3130 1184 3171 autem

654 3190 741 3241 voluit
754 3187 888 3238 Dominus
903 3189 957 3254 pati
970 3189 1021 3240 sub
1038 3200 1115 3252 tecto,
1131 3206 1184 3241 non

656 3263 798 3327 intemplo
814 3261 934 3322 Judaico,
953 3278 986 3313 ne
1007 3273 1113 3328 putares
1137 3279 1185 3330 pro

656 3336 703 3386 illa
718 3344 823 3386 tantum
838 3334 914 3399 plebe
928 3335 1063 3398 oblatum;
1080 3345 1106 3385 et
1125 3336 1188 3387 ideo

656 3407 728 3459 foras
759 3405 908 3469 civitatem,
933 3405 1004 3456 foras
1029 3423 1131 3467 muros,
1157 3418 1189 3459 ut

658 3477 725 3528 scias
751 3474 912 3527 sacrificium
940 3491 998 3527 esse
1024 3491 1188 3537 commune,

657 3548 729 3615 quod
750 3547 832 3597 totius
846 3554 922 3596 terrae
936 3556 976 3596 est
991 3546 1100 3610 oblatio,
1116 3547 1188 3613 quod

658 3619 813 3670 communis
830 3629 871 3669 est
891 3617 1049 3684 purificatio.
1064 3639 1078 3667 »
1095 3648 1125 3657 -
1139 3621 1190 3671 Se-

659 3689 758 3748 cundo,
778 3698 809 3739 ut
828 3688 959 3748 ostendat,
981 3688 1053 3754 quod
1073 3688 1189 3752 quicun-

659 3774 712 3825 que
739 3758 815 3824 sequi
843 3758 939 3827 volunt
965 3758 1101 3809 Passionis
1130 3757 1190 3808 fru-

660 3839 742 3889 ctum,
752 3828 849 3879 debent
860 3828 933 3881 exire
944 3829 1086 3890 mundum,
1096 3827 1189 3879 saltem
