2626 4328
363 311 410 360 DE
427 274 587 370 NONA‚⁴1N
610 311 778 364 PASSIONE
801 314 939 366 DOMINI.
1163 316 1213 367 603

93 430 147 474 tum
157 430 200 474 est
207 442 218 488 ‚·
232 425 393 476 benedictum
405 425 448 486 sit,
458 425 580 484 Domine,
588 441 626 476 cx
682 435 813 478 summata
830 429 879 479 tibi
898 435 924 479 et
936 444 987 494 per
1011 436 1035 479 te
1057 429 1115 481 Deo
1134 431 1216 482 Patri

92 493 141 545 hoc
155 509 248 545 nomen
263 501 382 546 sanctum
410 501 489 556 tuum,
512 496 575 560 quia
589 497 626 546 ad
682 497 789 564 offerre,
812 505 842 549 ut
865 500 891 550 in
913 500 980 550 hora
997 500 1092 550 mortis
1107 502 1213 566 possim

92 564 141 616 hoc
154 567 354 631 consummasti,
376 573 405 617 ut
426 581 475 616 nos
499 567 582 617 simus
598 567 624 617 iu
682 571 789 619 dicere:
801 571 881 633 Ecce,
895 572 1017 633 Domine,
1033 573 1215 622 consummavi

94 637 160 689 bono
176 640 359 702 consummati,
376 646 402 690 et
421 639 522 690 inimici
540 641 626 690 nostri
681 644 707 688 et
718 638 823 703 perfeci
832 655 900 705 opus
911 642 982 707 quod
996 641 1094 715 dedisti
1105 642 1170 692 mihi
1185 649 1214 691 ut

92 725 184 767 omnes
196 713 352 779 consumpti.
367 713 447 778 Rogo
462 718 496 774 te,
512 712 547 762 du
561 713 626 762 milti
676 710 808 775 facerem,
834 718 860 761 et
881 728 948 764 nunc
963 714 1037 764 venio
1052 714 1090 764 ad
1105 719 1130 763 te
1144 713 1213 764 Ma-

92 782 223 833 mandata
252 788 298 832 tua
319 783 458 848 perficere,
487 789 513 833 et
531 783 557 831 in
572 784 625 833 tuis
675 781 796 846 gistrum
811 795 894 832 meum
912 788 939 832 et
952 783 1095 834 Dominum
1117 784 1210 833 Jesum

93 852 238 904 virtutibus
255 853 406 918 proficere5
420 867 454 903 ac
476 852 563 902 omnio
573 867 625 919 per
682 852 837 915 Christum
862 860 888 904 et
908 860 970 905 tuuc
995 870 1100 906 mercar
1122 856 1212 906 videre

93 939 141 988 me,
158 931 183 975 te
192 931 329 991 operante,
345 927 407 976 bene
422 931 484 976 acta
501 930 527 974 et
537 940 624 991 passa
675 925 753 991 socie
765 927 802 976 ad
813 926 924 991 faciem,
947 956 977 965 —
997 935 1023 978 et
1041 928 1126 980 omnis
1146 942 1211 979 con·
1289 973 1291 976 ,

94 996 128 1045 od
145 1001 221 1046 tuom
231 994 336 1045 laudem
352 1009 533 1045 consummare
544 1012 554 1057 ,·
567 1008 625 1046 con-
681 998 865 1048 summatiom‘s
875 998 964 1062 finem.

595 1219 730 1270 ORATIO

125 1385 244 1436 Domine
264 1385 326 1434 lesu
352 1385 469 1445 Christe,
496 1385 543 1452 qui
569 1386 635 1438 hora
660 1386 713 1437 diei
742 1397 815 1450 sexta
835 1386 911 1437 fuisti
937 1395 999 1437 ante
1021 1401 1126 1437 crucem
1148 1388 1213 1438 vino

97 1457 236 1521 myrrhato
254 1471 301 1505 seu
315 1454 400 1506 fellito
422 1465 539 1520 potatus,
555 1470 583 1506 ac
597 1458 756 1520 denudatus,
773 1468 799 1507 et
820 1457 874 1507 tuis
895 1458 1015 1508 vestibus
1031 1457 1169 1523 spoliatus,
1186 1458 1213 1508 in

97 1527 225 1576 manibus
245 1540 354 1591 quoque
377 1536 403 1576 et
429 1527 542 1591 pedibus
567 1529 649 1579 clavis
672 1527 835 1578 acutissimis
852 1528 1009 1593 perforatus,
1026 1538 1052 1578 et
1070 1527 1214 1580 durissime

97 1597 167 1647 cruci
184 1596 291 1657 affixus,
304 1598 332 1646 in
355 1613 431 1647 cruce
450 1606 538 1648 autem
553 1598 666 1664 positus,
685 1614 700 1648 a
722 1599 816 1649 multis
832 1599 1032 1664 blasphematus
1054 1609 1080 1649 et
1094 1598 1211 1665 derisus,

97 1681 122 1722 et
135 1671 232 1722 iterum
250 1681 322 1720 aceto
337 1686 384 1720 seu
397 1671 461 1720 vino
475 1680 585 1721 acetoso·
596 1682 712 1737 potatus,
727 1673 761 1722 da
776 1672 854 1734 mihi,
869 1673 917 1739 qui
941 1673 1054 1739 peccatis
1068 1673 1137 1723 meis
1158 1688 1214 1723 cru-

98 1759 153 1794 cem
173 1743 272 1802 merui,
293 1744 366 1793 utin
387 1753 411 1793 te
434 1744 576 1809 aspiciens,
597 1755 671 1796 totus
689 1745 805 1796 totaliter
822 1761 900 1796 carne
914 1757 940 1796 et
952 1746 1049 1812 spiritu
1063 1745 1212 1812 transfigar,

99 1817 224 1882 omnique
240 1816 337 1881 injuria
352 1827 377 1866 et
391 1817 552 1867 contumelia
566 1832 595 1867 ac
608 1817 767 1868 confusione
787 1828 949 1884 contempta,
971 1833 1057 1869 tecum
1073 1819 1145 1870 cruci
1160 1818 1214 1869 affi-

99 1903 158 1954 gar3
175 1897 206 1937 ut
229 1901 278 1937 nec
300 1887 400 1952 aliquid
428 1887 551 1947 sentiam,
572 1887 624 1938 nisi
652 1899 678 1939 te
700 1889 802 1949 iesum,
835 1899 869 1949 te,
896 1891 1016 1956 inquam,
1041 1889 1208 1943 crucifixum.

100 1959 193 2009 Amen.

509 2259 674 2369 CAPUT
698 2259 814 2327 LXIV

341 2513 392 2578 De
415 2512 530 2593 Nono,
557 2512 593 2580 irz
618 2512 788 2581 Passione
811 2509 969 2580 Domini.

142 2762 284 2824 Matthaei
299 2782 355 2845 cap
371 2783 422 2847 27,
447 2761 547 2824 Marci
568 2781 634 2844 cap.
668 2763 718 2839 15,
736 2760 831 2824 Lucae
847 2782 913 2845 cap.
934 2763 973 2822 23
995 2771 1026 2821 et
1044 2759 1176 2820 ioannis

579 2885 646 2948 cap.
676 2889 724 2950 19.

138 3130 147 3165 1
175 3116 383 3166 Conrsueanrro
415 3115 526 3165 Cntusrt
555 3129 632 3162 nonr-

108 3197 189 3235 sunm.
197 3214 227 3223 -
240 3186 312 3236 Hora
323 3201 394 3236 nona
403 3183 632 3250 cogitabismente

108 3255 209 3322 lugubri
234 3267 261 3307 et
283 3259 386 3318 devota,
406 3257 429 3307 si
456 3256 528 3321 piam
549 3256 631 3305 habes

107 3326 229 3388 animam,
246 3327 360 3394 qualiter
373 3327 487 3378 siccatur
500 3326 557 3392 ipse
569 3324 631 3375 fons

106 3394 172 3459 vitae,
195 3408 222 3448 et
245 3398 356 3449 dulcedo
379 3399 500 3448 cordium
523 3405 631 3446 nostro-

107 3480 174 3529 rum,
198 3469 276 3519 Jesus
295 3467 428 3518 Dominus
451 3479 514 3518 tuus
538 3481 633 3517 aman-

107 3535 233 3600 tissimus,
256 3548 281 3589 et
301 3538 376 3589 omni
398 3538 563 3605 gratiositate
586 3551 632 3586 ac·

107 3611 284 3677 ceptissimus‚
298 3613 374 3663 venis
383 3612 435 3676 jam
448 3627 478 3661 ex
493 3608 633 3676 sanguinis

106 3679 233 3732 effusione
253 3681 399 3740 exhaustis,
423 3690 449 3731 et
461 3680 566 3730 viribus
584 3679 633 3729 de-

106 3749 274 3812 ficientibus,
306 3751 524 3818 appropinquans
552 3749 633 3799 morti

106 3821 200 3892 incipit
227 3825 320 3875 oculos
355 3825 555 3888 languescentes
586 3823 634 3871 de·

107 3895 230 3959 primore,
245 3905 271 3946 et
284 3895 350 3947 facie
361 3896 516 3961 pallescere3
530 3903 555 3944 et
569 3908 634 3958 quo

686 3111 766 3160 modo
792 3109 885 3175 incipit
899 3108 1028 3159 inclinare
1044 3116 1122 3173 caput
1133 3123 1139 3157 :
1152 3123 1215 3158 ver-

685 3198 731 3232 sus
758 3193 870 3230 matrem
893 3195 979 3238 suam,
1003 3179 1081 3244 quasi
1103 3179 1170 3228 dans
1191 3178 1216 3228 ei

685 3268 732 3303 ave
745 3251 883 3310 ultimum,
901 3266 956 3310 ave,
974 3249 1095 3316 inquam,
1114 3249 1216 3300 doloris

685 3333 711 3374 et
737 3322 827 3372 omnis
853 3320 1035 3383 desolationis,
1062 3321 1136 3386 quod
1163 3336 1218 3370 non

684 3403 787 3459 poterat
801 3408 845 3442 ore
859 3402 885 3442 et
898 3391 980 3442 verbo
998 3390 1150 3456 exprimere
1162 3405 1217 3457 prae

686 3463 771 3514 nimia
787 3462 913 3512 Passione
925 3472 951 3512 et
966 3460 1150 3513 inaestimabili
1166 3462 1217 3511 do-

685 3537 750 3596 lore,
769 3545 794 3584 et
808 3535 885 3600 quasi
906 3534 1100 3584 commendans
1114 3533 1137 3584 ei
1153 3549 1217 3584 cor-

685 3621 736 3672 pus
759 3621 848 3665 suum,
866 3615 920 3655 tam
943 3605 1085 3654 crudeliter
1105 3603 1219 3666 fossum,

686 3696 715 3730 ac
734 3680 887 3738 laceratum,
910 3690 936 3729 et
958 3679 1120 3744 dissipatum
1141 3676 1219 3727 undi-

686 3765 755 3818 que;
772 3763 798 3801 et
810 3750 891 3800 etiam
902 3764 995 3800 versus
1009 3750 1113 3799 Patrem
1125 3762 1217 3808 suurn,

686 3819 763 3888 quasi
774 3820 917 3870 ostendens
931 3835 963 3870 ex
976 3819 1058 3868 modo
1072 3814 1216 3873 moriendi,

686 3893 759 3960 quod
774 3891 938 3942 moriebatur
952 3905 984 3940 ex
1000 3886 1152 3939 obedientia
1165 3887 1216 3949 Pa7
