2626 4328
341 199 389 252 DE
405 203 523 262 Palus,
539 203 575 253 IN
594 203 765 254 PASSlONE
778 205 917 257 DOMINI.

58 318 162 368 diceret
177 331 190 367 τ’
201 317 263 367 Non
283 333 348 368 aum·
361 319 479 378 Judaeus,
491 329 523 370 et
539 320 600 370 ideo

58 392 95 441 de
108 390 171 442 lstis
183 392 383 457 quaestionibus
398 408 413 443 a
427 393 531 458 meipso
544 409 599 443 non

60 465 167 530 loquor,
183 472 210 512 et
234 479 285 529 per·
300 465 435 531 meipsum
457 466 514 516 lnec
531 466 600 516 scire

60 550 119 584 non·
130 535 226 594 valeo;
243 535 292 585 sed
305 550 374 600 gens
386 542 432 586 tua
446 543 472 586 et
487 536 599 602 pontifi-

61 619 112 666 ces,
127 604 184 671 qui·
200 615 232 654 te
247 605 281 654 ab
300 605 457 671 alienigenis
470 607 599 657 deberent

57 674 213 735 defendere,
228 676 401 727 tradiderunt
420 684 445 728 te
462 678 528 728 milri
550 693 600 743 pro

60 745 241 796 malefactore.
256 747 299 796 Tu
311 762 374 813 ergo
389 746 451 797 dic:
468 747 599 813 Quidfe-

60 816 147 867 cisti?
162 816 345 882 Interrogatus
368 817 457 884 itaque
471 819 549 869 lesus
565 820 599 869 de

61 904 161 956 regno,
186 890 329 954 respondit
348 890 434 940 Pilato
452 906 514 940 eum
533 907 598 941 eru-

59 959 145 1019 diens,
164 960 242 1009 etad
259 959 352 1010 altiora
367 961 498 1010 reducens
515 978 521 1010 :
539 963 597 1012 Re-

59 1048 151 1098 gnum,
166 1032 266 1098 inquit,
280 1047 363 1083 meum
377 1048 429 1084 non
445 1040 487 1084 est
500 1035 534 1085 de
548 1035 597 1086 hoc

58 1102 166 1165 mizdo,
184 1101 213 1150 id
234 1110 284 1162 est,
297 1102 444 1153 secundum
463 1102 597 1170 Chrysor-

56 1181 167 1238 tornum,
184 1183 302 1240 potestas
323 1191 390 1239 mea,
408 1184 435 1225 et
454 1176 597 1226 auctoritas

58 1261 119 1296 mea
137 1261 194 1312 qua
212 1261 275 1295 sum
294 1247 359 1305 Rex,
372 1262 428 1296 non
443 1247 525 1296 habet
538 1247 596 1296 ori-

59 1316 152 1382 ginem
183 1326 211 1367 et
241 1316 408 1383 principium
444 1333 476 1367 ex
509 1318 596 1368 causis

57 1386 207 1436 mundanis
233 1396 261 1436 et
282 1386 428 1436 hominum
453 1386 594 1450 electione;

57 1458 104 1507 sed
116 1456 239 1518 aliunde,
257 1458 391 1508 sciliceta
408 1459 493 1508 Patre.
511 1458 595 1518 Quasi

56 1531 158 1582 diceret
187 1547 194 1581 :
224 1532 281 1580 Rex
310 1547 371 1581 sum
400 1546 456 1580 non
483 1532 595 1596 quidem

57 1601 123 1652 talis·
140 1603 251 1669 qualem
273 1602 428 1668 suspicaris,
447 1604 497 1653 sed·
508 1605 595 1654 multo

58 1674 181 1738 major-et
196 1673 303 1724 clarior.
316 1674 476 1740 Temporale
494 1675 595 1741 quippe

58 1760 173 1812 regnum
193 1746 260 1815 fugi,
276 1757 302 1797 et
316 1748 423 1797 nullum
438 1748 471 1797 de
486 1749 537 1798 hoc
554 1749 594 1799 si-

57 1833 146 1883 gnum
154 1819 270 1870 ostendi.
284 1819 361 1870 Unde
374 1819 445 1868 idem
460 1819 594 1884 Chrysus·

41 1888 146 1940 'tmuus
165 1907 175 1940 .·
195 1909 209 1936 u
225 1890 303 1940 Nihil
319 1891 437 1956 denique
457 1900 594 1942 monstra-

57 1962 99 2013 vit
125 1965 179 2014 tale
209 1981 217 2015 ε
253 1979 340 2031 neque
367 1964 438 2014 enim
472 1965 592 2028 milites,

58 2050 145 2101 neque
164 2036 310 2103 principes,
328 2052 417 2103 neque
433 2052 526 2103 equos,
543 2054 593 2088 ne-

55 2121 109 2173 que
128 2107 269 2157 mulorum
288 2107 392 2173 jugum,
413 2123 503 2174 neque
519 2109 592 2159 aliud

58 2179 121 2245 quid
130 2179 185 2229 tale
194 2178 311 2230 habebat
320 2179 389 2230 circa
400 2181 591 2247 semetipsum

59 2250 103 2299 sed
124 2249 260 2300 humilem
285 2251 354 2300 hanc
374 2261 403 2301 et
419 2251 530 2317 inopem
550 2253 593 2303 vi-

10 2318 12 2391 f
56 2328 111 2369 tam
138 2320 328 2387 pertransibat,
356 2322 498 2372 duodecim
526 2323 593 2374 viles

10 2394 12 2455 ξ
61 2391 184 2443 homines
211 2409 302 2444 secum
329 2392 521 2444 circumferens
546 2413 552 2445 :
577 2415 591 2443 n

61 2462 117 2515 haec
135 2464 359 2532 chrysostomus,
378 2466 532 2516 Secundum
547 2466 592 2516 di-

10 2532 12 2585 Ξ
61 2533 196 2587 vinitatem
206 2537 301 2587 omnia
310 2537 503 2602 suntsubiecta
514 2539 593 2589 Chri-

61 2616 115 2671 ποῖ
130 2617 217 2658 tamen
232 2618 365 2675 quantum
383 2610 418 2660 ad
435 2610 591 2660 humanita-

10 2696 13 2705 ·
63 2685 113 2729 tem
138 2679 168 2729 in
199 2679 288 2747 primo
318 2680 435 2731 adventu
458 2696 508 2731 suo
536 2697 591 2731 non

10 2746 14 2783 t
63 2749 131 2799 venit
153 2750 188 2801 ad
215 2749 413 2801 dominandum
435 2752 592 2818 temporali-

10 2866 12 2871 .
64 2826 100 2869 ter
135 2829 161 2869 et
193 2821 383 2886 regnandum3
418 2823 465 2872 sed
505 2823 591 2888 magis

64 2889 93 2938 ad
112 2891 282 2963 serviendum
304 2903 333 2943 et
349 2895 515 2962 patiendum.
539 2895 591 2946 Un-

65 2961 94 3012 de
120 2980 172 3015 non
202 2975 285 3031 negat
312 2982 341 3017 se
373 2983 431 3018 esse
464 2969 589 3034 Regem,

65 3034 107 3085 sed
129 3037 216 3104 magis
243 3039 375 3101 concedit,
400 3039 464 3107 quia
491 3056 590 3090 secun-

63 3103 121 3155 dum
138 3107 277 3159 veritatem
300 3108 358 3176 ipse
386 3121 443 3161 erat
463 3111 520 3160 Rex
544 3125 590 3161 re-

66 3191 135 3243 gum3
160 3191 346 3238 verumtamen
377 3185 410 3233 ad
441 3183 589 3234 tollendum

65 3250 224 3303 occasionem
264 3253 422 3315 evadendi,
459 3264 590 3321 temperat

64 3330 132 3370 suam
154 3323 370 3388 responsionem,
390 3325 490 3388 dicens,
515 3326 589 3391 quod

64 3403 112 3440 non
140 3394 238 3460 quaerit
271 3393 353 3458 hujus
384 3395 480 3447 mundi
515 3406 589 3446 tem-

63 3464 173 3526 poralem
204 3466 430 3528 dominationem,
459 3468 524 3535 quia
551 3485 589 3519 re-

60 3546 137 3597 gnum
148 3551 230 3586 suum
245 3553 301 3588 non
314 3547 355 3588 est
363 3539 397 3589 de
412 3538 463 3589 hoc
475 3540 578 3590 mundo

62 3616 184 3669 quantum
208 3607 242 3657 ad
259 3609 418 3674 temporalia
441 3609 493 3660 ista
511 3626 589 3676 quae-

60 3677 133 3727 tenda
150 3687 177 3727 et
190 3678 324 3729 habenda.
343 3680 376 3729 Et
390 3695 453 3745 ergo
473 3697 588 3747 regnum

58 3744 107 3808 q'us
120 3763 210 3815 neque
224 3749 335 3810 ludaeis,
352 3766 439 3814 neque
453 3752 586 3802 Romanis

59 3814 194 3870 tlrersum
219 3829 285 3882 crat,
303 3836 351 3871 nec
374 3822 588 3876 dominationem

1134 208 1182 259 521

653 336 748 372 eorum
765 321 946 388 impediebam
969 322 1033 388 quia
1055 321 1108 388 ipsi
1125 333 1187 375 tan»

652 401 709 441 tum
721 392 754 442 de
767 407 851 458 regno
866 402 980 453 terreno,
997 393 1069 458 quod
1088 394 1122 443 de
1136 394 1188 445 hoc

653 466 754 515 mundo
768 476 817 527 est,
832 466 970 517 curabant.
988 465 1072 525 Quasi
1086 466 1189 519 diceret

652 537 691 587 eis
716 557 728 587 ι·
747 538 855 604 Decepti
880 537 961 598 estis,
988 554 1044 588 non
1068 538 1187 603 impedio

651 610 864 661 dominationem
906 620 1023 660 vestram
1062 609 1091 659 in
1135 610 1187 661 hoc

652 681 769 740 mundo,
785 696 817 730 ne
832 697 901 731 vano
921 680 1039 731 timeatis
1054 691 1080 731 et
1091 679 1186 731 saevia-

651 752 704 815 tis;
726 754 772 803 sed
796 754 828 803 ad
852 769 965 819 regnum
984 754 1090 805 coeleste
1113 753 1186 818 quod

652 839 708 873 non
735 834 777 875 est
805 827 839 874 de
861 825 912 874 hoc
945 825 1065 885 mundo,
1097 824 1188 875 venite

651 895 794 955 credendo,
808 895 841 944 ad
860 894 933 960 quod
949 910 997 944 vos
1013 895 1099 944 invito
1114 909 1186 959 prae-
1276 948 1280 955 ,

651 965 773 1016 dicando.
797 965 924 1017 Christus
940 966 1009 1015 dixit
1029 982 1036 1014 z
1060 967 1185 1031 Regnum

650 1052 737 1087 meum
750 1045 857 1088 nonest
878 1038 910 1088 de
930 1039 979 1088 hoc
999 1038 1113 1100 mundo,
1138 1039 1184 1088 sed

648 1121 738 1160 tamen
755 1111 834 1161 multi
851 1111 953 1175 praelati
972 1111 1019 1176 qui
1041 1121 1105 1161 sunt
1127 1112 1185 1176 ejus

649 1181 740 1231 vicarii
759 1181 923 1232 contrarium
944 1181 1071 1231 videntur
1093 1181 1182 1232 dicere

648 1254 728 1315 facto,
760 1255 789 1305 in
818 1255 928 1320 pompis
958 1270 987 1304 se
1014 1254 1185 1320 principibus
1236 1298 1239 1305 .

648 1326 763 1377 terrenis
786 1336 936 1392 aequantes,
962 1325 1004 1375 vel
1028 1325 1108 1375 etiam
1136 1341 1183 1376 eos

648 1397 815 1446 excedentes.
827 1396 862 1446 Et
872 1395 1013 1461 subjungit
1025 1412 1033 1444 ε
1046 1395 1079 1444 Si
1089 1409 1127 1444 ex
1136 1395 1185 1446 hoc

648 1465 745 1516 mundo
755 1472 825 1516 esset
831 1480 944 1530 regnum
952 1480 1044 1527 meum,
1054 1474 1128 1524 tunc,
1137 1465 1186 1514 mi-

648 1537 730 1587 nistri
750 1536 825 1603 regni
840 1537 891 1586 mei
907 1536 1016 1596 terreni,
1032 1535 1105 1588 unde
1120 1544 1182 1601 post

648 1623 738 1673 regem
770 1608 851 1658 etiam
889 1623 1002 1674 regnum
1034 1607 1181 1672 temporale

648 1678 728 1729 habet
757 1679 932 1739 firmitatem,
963 1679 1052 1744 utique
1087 1679 1183 1729 decen-

648 1756 744 1813 tarent,
765 1760 857 1800 contra
880 1750 1055 1810 adversarios,
1081 1755 1109 1798 ut
1131 1763 1182 1798 non

648 1821 771 1870 traderer
797 1820 912 1882 Judaeis,
934 1836 980 1885 per
1007 1819 1081 1886 quod
1112 1827 1184 1883 patet

648 1893 721 1958 quod
741 1908 795 1941 non
813 1901 854 1941 est
876 1893 1047 1941 mundanum
1070 1906 1184 1956 regnum

648 1978 749 2013 meum.
765 1963 844 2013 Unde
866 1962 990 2027 sequitur
1006 1978 1013 2011 z
1029 1963 1110 2012 Nunc
1130 1975 1183 2010 aar·

647 2041 699 2085 tem
715 2049 829 2100 regnum
847 2049 931 2083 meum
947 2048 997 2083 nou
1014 2039 1055 2082 est
1067 2032 1137 2092 ltine,
1155 2031 1182 2080 id

648 2116 688 2157 est
707 2106 742 2154 de
757 2105 810 2155 hoc
831 2106 950 2167 mundo;
964 2114 1004 2154 est
1021 2114 1110 2153 tamen
1126 2101 1181 2163 hic,

647 2176 711 2242 quia
734 2176 836 2242 ubique
862 2175 971 2240 attingit
989 2191 1004 2224 a
1025 2173 1078 2222 line
1094 2187 1181 2237 usque

646 2250 678 2300 ad
693 2249 784 2300 finem.
799 2250 877 2300 Unde
890 2247 1078 2313 Augustinus:
1092 2264 1106 2292 α
1119 2247 1180 2295 Non

646 2321 711 2370 dicit
734 2337 740 2370 :
760 2320 823 2370 Non
841 2329 882 2368 est
902 2318 955 2377 hic,
975 2316 1020 2366 hic
1045 2325 1084 2365 est
1108 2314 1181 2365 enim

646 2409 760 2460 regnum
773 2393 830 2457 eius
844 2406 931 2459 usque
949 2391 976 2438 in
988 2389 1071 2440 finem
1086 2388 1180 2448 seculi,

645 2465 748 2514 habens
781 2465 809 2515 in
840 2478 868 2512 se
904 2461 1052 2512 commixta
1080 2460 1183 2511 zizania

645 2537 782 2602 usquead
802 2550 934 2598 messem;
952 2535 999 2584 sed
1019 2544 1110 2584 tamen
1130 2548 1182 2584 non

645 2614 686 2658 est
705 2608 775 2669 hinc,
789 2607 854 2674 quia
875 2607 1061 2673 peregrinatur
1082 2606 1109 2655 in
1130 2606 1182 2656 hoc

646 2679 759 2728 mundo.
786 2698 801 2726 n
826 2678 902 2728 Unde
930 2688 958 2727 et
985 2676 1150 2742 Theophilus
1172 2694 1181 2726 .·

645 2769 659 2797 (ι
680 2751 740 2800 Non
762 2750 828 2800 dicit
846 2767 853 2800 :
871 2751 933 2799 Non
957 2759 997 2799 est
1022 2748 1086 2812 hic;
1110 2748 1179 2797 sed:

644 2824 708 2875 Non
724 2830 765 2874 est
777 2824 845 2874 hinc.
857 2824 926 2872 Nam
946 2831 1038 2887 regnat
1049 2821 1080 2869 in
1096 2835 1180 2868 mun-

644 2897 688 2954 do,
712 2905 738 2946 et
759 2896 845 2945 utitur
869 2895 943 2944 illius
967 2891 1129 2958 provisione,
1155 2900 1181 2939 et

642 2967 717 3032 juxta
731 2978 825 3017 votum
842 2976 937 3015 cuncta
957 2962 1100 3028 disposuit.
1118 2961 1180 3010 Non

644 3047 687 3086 est
704 3046 793 3087 autem
816 3037 849 3085 ab
871 3034 975 3084 infimis
999 3032 1179 3082 constitutum

643 3123 757 3172 regnum
775 3109 848 3172 ejus,
872 3106 918 3154 sed
937 3104 1042 3154 coelitus
1062 3113 1089 3151 et
1113 3110 1176 3152 ante

643 3181 740 3230 secula.
764 3200 777 3228 n
802 3179 881 3230 Unde
903 3178 984 3243 etiarn
1009 3176 1180 3242 chrysosto-

643 3268 727 3304 mus:
748 3270 762 3300 u
780 3253 832 3303 Sed
852 3267 915 3302 cum
943 3249 1035 3300 dixit:
1054 3248 1180 3313 Regnum

642 3338 727 3375 meum
754 3339 806 3375 nou
837 3329 880 3372 est
905 3322 974 3383 ltine,
1007 3336 1063 3369 non
1091 3318 1180 3384 privat

643 3397 779 3446 mundum
811 3394 845 3445 de
880 3409 929 3444 sua
955 3391 1123 3458 providentia
1153 3399 1180 3439 et

643 3466 814 3532 praelatione,
842 3465 888 3515 sed
917 3461 1039 3513 ostendit
1063 3474 1179 3525 regnum

643 3552 724 3586 suum
747 3553 804 3586 non
830 3551 888 3586 esse
914 3535 1065 3584 humanum
1088 3544 1178 3595 neque

643 3607 833 3674 corruptibile,
849 3606 981 3673 quoniam
998 3605 1114 3668 desuper
1127 3601 1178 3651 ha-

643 3682 689 3731 bet
706 3681 898 3747 principatum,
914 3679 961 3746 qui
982 3694 1037 3728 non
1061 3686 1108 3730 est„
1121 3675 1178 3725 hu-

643 3769 750 3813 manus,
760 3754 807 3804 sed
817 3755 904 3803 multo
915 3753 1001 3816 major
1010 3761 1036 3802 et
1045 3748 1150 3799 clarior.
1162 3764 1176 3794 s

644 3825 727 3876 Dixit
741 3825 830 3891 itaque
841 3824 866 3875 ei
876 3823 986 3898 Pilatus
999 3838 1007 3871 :
1020 3821 1101 3884 Ergo
1113 3817 1178 3867 Rex
