<?xml version="1.0" encoding="UTF-8"?>
<!DOCTYPE html PUBLIC "-//W3C//DTD XHTML 1.0 Transitional//EN"
    "http://www.w3.org/TR/xhtml1/DTD/xhtml1-transitional.dtd">
<html xmlns="http://www.w3.org/1999/xhtml" xml:lang="en" lang="en">
 <head>
  <title>
</title>
<meta http-equiv="Content-Type" content="text/html;charset=utf-8" />
  <meta name='ocr-system' content='tesseract 3.04.00' />
  <meta name='ocr-capabilities' content='ocr_page ocr_carea ocr_par ocr_line ocrx_word'/>
</head>
<body>
  <div class='ocr_page' id='page_1' title='image "./vitajesuchristi00rigogoog_0190.png"; bbox 0 0 2626 4328; ppageno 0'>
   <div class='ocr_carea' id='block_1_1' title="bbox 167 105 1182 166">
    <p class='ocr_par' dir='ltr' id='par_1_1' title="bbox 167 105 1182 166">
     <span class='ocr_line' id='line_1_1' title="bbox 167 105 1182 166; baseline 0.002 -8"><span class='ocrx_word' id='word_1_1' title='bbox 167 107 215 158; x_wconf 89' lang='lat' dir='ltr'>DE</span> <span class='ocrx_word' id='word_1_2' title='bbox 231 106 396 158; x_wconf 84' lang='lat' dir='ltr'>SECUNDO</span> <span class='ocrx_word' id='word_1_3' title='bbox 414 105 684 166; x_wconf 87' lang='lat' dir='ltr'>COMPLETORIO,</span> <span class='ocrx_word' id='word_1_4' title='bbox 703 108 737 158; x_wconf 95' lang='lat' dir='ltr'>IN</span> <span class='ocrx_word' id='word_1_5' title='bbox 755 110 924 162; x_wconf 80' lang='lat' dir='ltr'><strong>PASSIONF.</strong></span> <span class='ocrx_word' id='word_1_6' title='bbox 940 109 1077 160; x_wconf 84' lang='lat' dir='ltr'><strong>DOMINI.</strong></span> <span class='ocrx_word' id='word_1_7' title='bbox 1131 109 1182 161; x_wconf 84' lang='lat'>635</span> 
     </span>
    </p>
   </div>
   <div class='ocr_carea' id='block_1_2' title="bbox 10 221 606 3785">
    <p class='ocr_par' dir='ltr' id='par_1_2' title="bbox 59 221 600 1496">
     <span class='ocr_line' id='line_1_2' title="bbox 62 221 594 275; baseline -0.008 -1"><span class='ocrx_word' id='word_1_8' title='bbox 62 223 155 274; x_wconf 88' lang='lat' dir='ltr'>omnia</span> <span class='ocrx_word' id='word_1_9' title='bbox 170 223 337 275; x_wconf 85' lang='lat' dir='ltr'>delectabilia</span> <span class='ocrx_word' id='word_1_10' title='bbox 352 223 446 273; x_wconf 90' lang='lat' dir='ltr'>mundi</span> <span class='ocrx_word' id='word_1_11' title='bbox 468 222 523 273; x_wconf 89' lang='lat' dir='ltr'>sint</span> <span class='ocrx_word' id='word_1_12' title='bbox 545 221 594 272; x_wconf 92' lang='lat' dir='ltr'>tibi</span> 
     </span>
     <span class='ocr_line' id='line_1_3' title="bbox 61 293 599 362; baseline -0.007 -16"><span class='ocrx_word' id='word_1_13' title='bbox 61 293 140 362; x_wconf 90' lang='lat' dir='ltr'>quasi</span> <span class='ocrx_word' id='word_1_14' title='bbox 155 310 221 344; x_wconf 87' lang='lat' dir='ltr'>crux</span> <span class='ocrx_word' id='word_1_15' title='bbox 236 309 334 345; x_wconf 89' lang='lat' dir='ltr'>amara.</span> <span class='ocrx_word' id='word_1_16' title='bbox 349 295 390 343; x_wconf 90' lang='lat' dir='ltr'>Ad</span> <span class='ocrx_word' id='word_1_17' title='bbox 405 294 520 354; x_wconf 80' lang='lat' dir='ltr'><strong>Nonam,</strong></span> <span class='ocrx_word' id='word_1_18' title='bbox 536 308 599 342; x_wconf 92' lang='lat' dir='ltr'>mo-</span> 
     </span>
     <span class='ocr_line' id='line_1_4' title="bbox 60 362 600 424; baseline -0.009 -8"><span class='ocrx_word' id='word_1_19' title='bbox 60 365 138 416; x_wconf 88' lang='lat' dir='ltr'>riaris</span> <span class='ocrx_word' id='word_1_20' title='bbox 152 366 257 415; x_wconf 87' lang='lat' dir='ltr'>mundo</span> <span class='ocrx_word' id='word_1_21' title='bbox 270 375 296 414; x_wconf 91' lang='lat' dir='ltr'>et</span> <span class='ocrx_word' id='word_1_22' title='bbox 310 364 384 414; x_wconf 92' lang='lat' dir='ltr'>omni</span> <span class='ocrx_word' id='word_1_23' title='bbox 400 375 535 424; x_wconf 79' lang='lat' dir='ltr'>creaturae,</span> <span class='ocrx_word' id='word_1_24' title='bbox 551 362 600 413; x_wconf 89' lang='lat' dir='ltr'>sci.</span> 
     </span>
     <span class='ocr_line' id='line_1_5' title="bbox 60 436 592 488; baseline -0.004 -1"><span class='ocrx_word' id='word_1_25' title='bbox 60 437 122 488; x_wconf 91' lang='lat' dir='ltr'>licet</span> <span class='ocrx_word' id='word_1_26' title='bbox 134 446 164 487; x_wconf 91' lang='lat' dir='ltr'>ut</span> <span class='ocrx_word' id='word_1_27' title='bbox 178 451 268 487; x_wconf 89' lang='lat' dir='ltr'>amara</span> <span class='ocrx_word' id='word_1_28' title='bbox 283 453 356 488; x_wconf 88' lang='lat' dir='ltr'>mors</span> <span class='ocrx_word' id='word_1_29' title='bbox 371 436 398 486; x_wconf 93' lang='lat' dir='ltr'>in</span> <span class='ocrx_word' id='word_1_30' title='bbox 412 446 517 487; x_wconf 89' lang='lat' dir='ltr'>tantum</span> <span class='ocrx_word' id='word_1_31' title='bbox 532 451 592 486; x_wconf 90' lang='lat' dir='ltr'>cor-</span> 
     </span>
     <span class='ocr_line' id='line_1_6' title="bbox 60 508 598 572; baseline -0.006 -12"><span class='ocrx_word' id='word_1_32' title='bbox 60 511 93 560; x_wconf 93' lang='lat' dir='ltr'>de</span> <span class='ocrx_word' id='word_1_33' title='bbox 106 519 155 560; x_wconf 90' lang='lat' dir='ltr'>tuo</span> <span class='ocrx_word' id='word_1_34' title='bbox 167 508 311 572; x_wconf 84' lang='lat' dir='ltr'>dulcescat,</span> <span class='ocrx_word' id='word_1_35' title='bbox 328 520 358 560; x_wconf 91' lang='lat' dir='ltr'>ut</span> <span class='ocrx_word' id='word_1_36' title='bbox 375 509 465 560; x_wconf 80' lang='lat' dir='ltr'>omnIs</span> <span class='ocrx_word' id='word_1_37' title='bbox 479 519 598 559; x_wconf 87' lang='lat' dir='ltr'>creatura</span> 
     </span>
     <span class='ocr_line' id='line_1_7' title="bbox 59 579 598 646; baseline -0.002 -16"><span class='ocrx_word' id='word_1_38' title='bbox 59 579 186 645; x_wconf 81' lang='lat' dir='ltr'>desipiat.</span> <span class='ocrx_word' id='word_1_39' title='bbox 209 579 286 629; x_wconf 88' lang='lat' dir='ltr'>Circa</span> <span class='ocrx_word' id='word_1_40' title='bbox 308 580 463 646; x_wconf 88' lang='lat' dir='ltr'>Vesperam,</span> <span class='ocrx_word' id='word_1_41' title='bbox 486 595 540 646; x_wconf 90' lang='lat' dir='ltr'>qua</span> <span class='ocrx_word' id='word_1_42' title='bbox 565 580 598 629; x_wconf 93' lang='lat' dir='ltr'>de</span> 
     </span>
     <span class='ocr_line' id='line_1_8' title="bbox 60 650 596 716; baseline -0.002 -15"><span class='ocrx_word' id='word_1_43' title='bbox 60 665 138 701; x_wconf 87' lang='lat' dir='ltr'>cruce</span> <span class='ocrx_word' id='word_1_44' title='bbox 163 650 304 716; x_wconf 91' lang='lat' dir='ltr'>depositus</span> <span class='ocrx_word' id='word_1_45' title='bbox 330 667 412 712; x_wconf 79' lang='lat' dir='ltr'>sum,</span> <span class='ocrx_word' id='word_1_46' title='bbox 442 652 541 702; x_wconf 75' lang='lat' dir='ltr'>recolas</span> <span class='ocrx_word' id='word_1_47' title='bbox 568 650 596 701; x_wconf 91' lang='lat' dir='ltr'>in</span> 
     </span>
     <span class='ocr_line' id='line_1_9' title="bbox 59 719 598 786; baseline -0.002 -16"><span class='ocrx_word' id='word_1_48' title='bbox 59 719 160 786; x_wconf 86' lang='lat' dir='ltr'>gaudio</span> <span class='ocrx_word' id='word_1_49' title='bbox 171 720 296 785; x_wconf 85' lang='lat' dir='ltr'>qualiter,</span> <span class='ocrx_word' id='word_1_50' title='bbox 308 731 368 785; x_wconf 90' lang='lat' dir='ltr'>post</span> <span class='ocrx_word' id='word_1_51' title='bbox 378 732 493 771; x_wconf 90' lang='lat' dir='ltr'>mortem</span> <span class='ocrx_word' id='word_1_52' title='bbox 504 732 530 771; x_wconf 91' lang='lat' dir='ltr'>et</span> <span class='ocrx_word' id='word_1_53' title='bbox 542 736 598 771; x_wconf 92' lang='lat' dir='ltr'>om-</span> 
     </span>
     <span class='ocr_line' id='line_1_10' title="bbox 60 790 595 858; baseline 0.002 -19"><span class='ocrx_word' id='word_1_54' title='bbox 60 805 109 841; x_wconf 91' lang='lat' dir='ltr'>nes</span> <span class='ocrx_word' id='word_1_55' title='bbox 128 790 236 840; x_wconf 90' lang='lat' dir='ltr'>labores</span> <span class='ocrx_word' id='word_1_56' title='bbox 250 800 322 851; x_wconf 89' lang='lat' dir='ltr'>tuos,</span> <span class='ocrx_word' id='word_1_57' title='bbox 336 791 405 842; x_wconf 87' lang='lat' dir='ltr'>felici</span> <span class='ocrx_word' id='word_1_58' title='bbox 422 792 514 858; x_wconf 88' lang='lat' dir='ltr'>requie</span> <span class='ocrx_word' id='word_1_59' title='bbox 528 807 595 858; x_wconf 90' lang='lat' dir='ltr'>pau-</span> 
     </span>
     <span class='ocr_line' id='line_1_11' title="bbox 59 860 596 929; baseline -0.002 -16"><span class='ocrx_word' id='word_1_60' title='bbox 59 861 134 913; x_wconf 85' lang='lat' dir='ltr'>sabis</span> <span class='ocrx_word' id='word_1_61' title='bbox 154 860 184 910; x_wconf 91' lang='lat' dir='ltr'>in</span> <span class='ocrx_word' id='word_1_62' title='bbox 209 861 270 911; x_wconf 92' lang='lat' dir='ltr'>sinu</span> <span class='ocrx_word' id='word_1_63' title='bbox 295 877 364 913; x_wconf 88' lang='lat' dir='ltr'>meo.</span> <span class='ocrx_word' id='word_1_64' title='bbox 380 863 420 912; x_wconf 86' lang='lat' dir='ltr'>Ad</span> <span class='ocrx_word' id='word_1_65' title='bbox 439 864 596 929; x_wconf 91' lang='lat' dir='ltr'>Completo-</span> 
     </span>
     <span class='ocr_line' id='line_1_12' title="bbox 61 932 597 998; baseline 0.002 -17"><span class='ocrx_word' id='word_1_66' title='bbox 61 932 145 992; x_wconf 89' lang='lat' dir='ltr'>rium,</span> <span class='ocrx_word' id='word_1_67' title='bbox 156 947 263 982; x_wconf 90' lang='lat' dir='ltr'>memor</span> <span class='ocrx_word' id='word_1_68' title='bbox 274 932 312 983; x_wconf 90' lang='lat' dir='ltr'>sis</span> <span class='ocrx_word' id='word_1_69' title='bbox 327 932 437 983; x_wconf 90' lang='lat' dir='ltr'>unionis</span> <span class='ocrx_word' id='word_1_70' title='bbox 450 933 533 997; x_wconf 92' lang='lat' dir='ltr'>illius,</span> <span class='ocrx_word' id='word_1_71' title='bbox 543 948 597 998; x_wconf 92' lang='lat' dir='ltr'>qua</span> 
     </span>
     <span class='ocr_line' id='line_1_13' title="bbox 60 1004 596 1070; baseline 0 -16"><span class='ocrx_word' id='word_1_72' title='bbox 60 1004 175 1070; x_wconf 90' lang='lat' dir='ltr'>spiritus</span> <span class='ocrx_word' id='word_1_73' title='bbox 189 1020 261 1054; x_wconf 92' lang='lat' dir='ltr'>unus</span> <span class='ocrx_word' id='word_1_74' title='bbox 277 1020 383 1055; x_wconf 90' lang='lat' dir='ltr'>mecum</span> <span class='ocrx_word' id='word_1_75' title='bbox 403 1007 520 1068; x_wconf 87' lang='lat' dir='ltr'>effectus,</span> <span class='ocrx_word' id='word_1_76' title='bbox 536 1020 596 1054; x_wconf 91' lang='lat' dir='ltr'>me·</span> 
     </span>
     <span class='ocr_line' id='line_1_14' title="bbox 60 1074 596 1142; baseline 0.002 -17"><span class='ocrx_word' id='word_1_77' title='bbox 60 1075 121 1140; x_wconf 92' lang='lat' dir='ltr'>ipso</span> <span class='ocrx_word' id='word_1_78' title='bbox 131 1074 160 1124; x_wconf 91' lang='lat' dir='ltr'>in</span> <span class='ocrx_word' id='word_1_79' title='bbox 174 1090 282 1126; x_wconf 90' lang='lat' dir='ltr'>summa</span> <span class='ocrx_word' id='word_1_80' title='bbox 296 1076 460 1142; x_wconf 83' lang='lat' dir='ltr'>experientia</span> <span class='ocrx_word' id='word_1_81' title='bbox 475 1075 596 1142; x_wconf 88' lang='lat' dir='ltr'>perfrue-</span> 
     </span>
     <span class='ocr_line' id='line_1_15' title="bbox 60 1145 597 1212; baseline 0 -17"><span class='ocrx_word' id='word_1_82' title='bbox 60 1145 115 1209; x_wconf 80' lang='lat' dir='ltr'>ris3</span> <span class='ocrx_word' id='word_1_83' title='bbox 130 1160 193 1211; x_wconf 87' lang='lat' dir='ltr'>quae</span> <span class='ocrx_word' id='word_1_84' title='bbox 203 1145 270 1196; x_wconf 89' lang='lat' dir='ltr'>unio</span> <span class='ocrx_word' id='word_1_85' title='bbox 285 1146 328 1196; x_wconf 90' lang='lat' dir='ltr'>hic</span> <span class='ocrx_word' id='word_1_86' title='bbox 343 1146 372 1197; x_wconf 91' lang='lat' dir='ltr'>in</span> <span class='ocrx_word' id='word_1_87' title='bbox 386 1147 428 1196; x_wconf 89' lang='lat' dir='ltr'>via</span> <span class='ocrx_word' id='word_1_88' title='bbox 443 1147 537 1212; x_wconf 81' lang='lat' dir='ltr'>incipit</span> <span class='ocrx_word' id='word_1_89' title='bbox 550 1161 597 1212; x_wconf 92' lang='lat' dir='ltr'>per</span> 
     </span>
     <span class='ocr_line' id='line_1_16' title="bbox 60 1219 596 1271; baseline 0.002 -2"><span class='ocrx_word' id='word_1_90' title='bbox 60 1219 208 1270; x_wconf 89' lang='lat' dir='ltr'>voluntatis</span> <span class='ocrx_word' id='word_1_91' title='bbox 227 1235 293 1270; x_wconf 85' lang='lat' dir='ltr'>meae</span> <span class='ocrx_word' id='word_1_92' title='bbox 313 1230 338 1270; x_wconf 91' lang='lat' dir='ltr'>et</span> <span class='ocrx_word' id='word_1_93' title='bbox 356 1230 409 1271; x_wconf 81' lang='lat' dir='ltr'>tuae</span> <span class='ocrx_word' id='word_1_94' title='bbox 425 1219 596 1270; x_wconf 90' lang='lat' dir='ltr'>concordiam</span> 
     </span>
     <span class='ocr_line' id='line_1_17' title="bbox 61 1289 596 1356; baseline 0 -18"><span class='ocrx_word' id='word_1_95' title='bbox 61 1289 90 1338; x_wconf 91' lang='lat' dir='ltr'>in</span> <span class='ocrx_word' id='word_1_96' title='bbox 117 1290 264 1350; x_wconf 89' lang='lat' dir='ltr'>omnibus,</span> <span class='ocrx_word' id='word_1_97' title='bbox 289 1300 343 1340; x_wconf 90' lang='lat' dir='ltr'>tarn</span> <span class='ocrx_word' id='word_1_98' title='bbox 369 1290 487 1340; x_wconf 88' lang='lat' dir='ltr'>adversis</span> <span class='ocrx_word' id='word_1_99' title='bbox 514 1305 596 1356; x_wconf 92' lang='lat' dir='ltr'>quarn</span> 
     </span>
     <span class='ocr_line' id='line_1_18' title="bbox 61 1359 597 1426; baseline 0 -16"><span class='ocrx_word' id='word_1_100' title='bbox 61 1359 208 1426; x_wconf 80' lang='lat' dir='ltr'>prosperis,</span> <span class='ocrx_word' id='word_1_101' title='bbox 223 1360 289 1411; x_wconf 89' lang='lat' dir='ltr'>etin</span> <span class='ocrx_word' id='word_1_102' title='bbox 308 1360 399 1411; x_wconf 89' lang='lat' dir='ltr'>futuro</span> <span class='ocrx_word' id='word_1_103' title='bbox 418 1360 597 1426; x_wconf 86' lang='lat' dir='ltr'>complebitur</span> 
     </span>
     <span class='ocr_line' id='line_1_19' title="bbox 62 1432 521 1496; baseline 0.004 -15"><span class='ocrx_word' id='word_1_104' title='bbox 62 1444 111 1496; x_wconf 88' lang='lat' dir='ltr'>per</span> <span class='ocrx_word' id='word_1_105' title='bbox 123 1440 252 1482; x_wconf 84' lang='lat' dir='ltr'>aeternam</span> <span class='ocrx_word' id='word_1_106' title='bbox 267 1432 380 1496; x_wconf 85' lang='lat' dir='ltr'>gloriam</span> <span class='ocrx_word' id='word_1_107' title='bbox 395 1432 424 1482; x_wconf 91' lang='lat' dir='ltr'>in</span> <span class='ocrx_word' id='word_1_108' title='bbox 438 1432 521 1483; x_wconf 82' lang='lat' dir='ltr'>coelis.</span> 
     </span>
    </p>

    <p class='ocr_par' dir='ltr' id='par_1_3' title="bbox 10 1503 606 3785">
     <span class='ocr_line' id='line_1_20' title="bbox 96 1503 597 1565; baseline 0.004 -12"><span class='ocrx_word' id='word_1_109' title='bbox 96 1503 127 1554; x_wconf 85' lang='lat'>13</span> <span class='ocrx_word' id='word_1_110' title='bbox 160 1505 191 1554; x_wconf 85' lang='lat' dir='ltr'>B.</span> <span class='ocrx_word' id='word_1_111' title='bbox 212 1505 303 1554; x_wconf 65' lang='lat' dir='ltr'>Murus</span> <span class='ocrx_word' id='word_1_112' title='bbox 327 1505 429 1565; x_wconf 83' lang='lat' dir='ltr'>Vrnao,</span> <span class='ocrx_word' id='word_1_113' title='bbox 460 1521 597 1564; x_wconf 73' lang='lat' dir='ltr'>soerunu</span> 
     </span>
     <span class='ocr_line' id='line_1_21' title="bbox 61 1592 598 1640; baseline 0.004 -14"><span class='ocrx_word' id='word_1_114' title='bbox 61 1592 168 1627; x_wconf 78' lang='lat' dir='ltr'>cnvenit</span> <span class='ocrx_word' id='word_1_115' title='bbox 183 1592 432 1640; x_wconf 72' lang='lat' dir='ltr'>anonav1r,ucssrn</span> <span class='ocrx_word' id='word_1_116' title='bbox 452 1593 562 1628; x_wconf 77' lang='lat' dir='ltr'>anesum</span> <span class='ocrx_word' id='word_1_117' title='bbox 581 1595 598 1628; x_wconf 77' lang='lat' dir='ltr'>n</span> 
     </span>
     <span class='ocr_line' id='line_1_22' title="bbox 62 1649 599 1715; baseline 0.002 -17"><span class='ocrx_word' id='word_1_118' title='bbox 62 1663 237 1699; x_wconf 77' lang='lat' dir='ltr'>uorruvsuro.</span> <span class='ocrx_word' id='word_1_119' title='bbox 254 1677 284 1687; x_wconf 93' lang='lat'><em>—</em></span> <span class='ocrx_word' id='word_1_120' title='bbox 298 1649 539 1715; x_wconf 83' lang='lat' dir='ltr'>Appropinquante</span> <span class='ocrx_word' id='word_1_121' title='bbox 554 1664 599 1699; x_wconf 88' lang='lat' dir='ltr'>au-</span> 
     </span>
     <span class='ocr_line' id='line_1_23' title="bbox 61 1721 598 1781; baseline 0.002 -10"><span class='ocrx_word' id='word_1_122' title='bbox 61 1731 118 1772; x_wconf 84' lang='lat' dir='ltr'>tem</span> <span class='ocrx_word' id='word_1_123' title='bbox 142 1731 228 1781; x_wconf 90' lang='lat' dir='ltr'>nocte,</span> <span class='ocrx_word' id='word_1_124' title='bbox 253 1721 318 1771; x_wconf 92' lang='lat' dir='ltr'>dicit</span> <span class='ocrx_word' id='word_1_125' title='bbox 337 1722 454 1771; x_wconf 81' lang='lat' dir='ltr'>loannes</span> <span class='ocrx_word' id='word_1_126' title='bbox 474 1721 598 1781; x_wconf 78' lang='lat' dir='ltr'>Dominae</span> 
     </span>
     <span class='ocr_line' id='line_1_24' title="bbox 61 1792 597 1860; baseline 0.002 -17"><span class='ocrx_word' id='word_1_127' title='bbox 61 1793 138 1858; x_wconf 92' lang='lat' dir='ltr'>quod</span> <span class='ocrx_word' id='word_1_128' title='bbox 152 1792 193 1842; x_wconf 90' lang='lat' dir='ltr'>eis</span> <span class='ocrx_word' id='word_1_129' title='bbox 206 1793 313 1858; x_wconf 84' lang='lat' dir='ltr'>expedit</span> <span class='ocrx_word' id='word_1_130' title='bbox 326 1794 454 1853; x_wconf 80' lang='lat' dir='ltr'>recedere,</span> <span class='ocrx_word' id='word_1_131' title='bbox 468 1794 597 1860; x_wconf 88' lang='lat' dir='ltr'>quianon</span> 
     </span>
     <span class='ocr_line' id='line_1_25' title="bbox 62 1863 599 1924; baseline -0.002 -9"><span class='ocrx_word' id='word_1_132' title='bbox 62 1874 104 1915; x_wconf 83' lang='lat' dir='ltr'>est</span> <span class='ocrx_word' id='word_1_133' title='bbox 122 1863 287 1914; x_wconf 89' lang='lat' dir='ltr'>conveniens</span> <span class='ocrx_word' id='word_1_134' title='bbox 313 1863 351 1913; x_wconf 91' lang='lat' dir='ltr'>ibi</span> <span class='ocrx_word' id='word_1_135' title='bbox 372 1863 480 1924; x_wconf 89' lang='lat' dir='ltr'>morari,</span> <span class='ocrx_word' id='word_1_136' title='bbox 501 1865 543 1914; x_wconf 91' lang='lat' dir='ltr'>vel</span> <span class='ocrx_word' id='word_1_137' title='bbox 566 1864 599 1914; x_wconf 87' lang='lat' dir='ltr'>de</span> 
     </span>
     <span class='ocr_line' id='line_1_26' title="bbox 64 1935 599 1987; baseline 0 -1"><span class='ocrx_word' id='word_1_138' title='bbox 64 1945 144 1986; x_wconf 87' lang='lat' dir='ltr'>nocte</span> <span class='ocrx_word' id='word_1_139' title='bbox 157 1935 190 1985; x_wconf 89' lang='lat' dir='ltr'>ad</span> <span class='ocrx_word' id='word_1_140' title='bbox 204 1935 337 1985; x_wconf 88' lang='lat' dir='ltr'>civitatem</span> <span class='ocrx_word' id='word_1_141' title='bbox 350 1935 445 1985; x_wconf 91' lang='lat' dir='ltr'>redire.</span> <span class='ocrx_word' id='word_1_142' title='bbox 460 1936 537 1987; x_wconf 88' lang='lat' dir='ltr'>Tunc</span> <span class='ocrx_word' id='word_1_143' title='bbox 549 1937 599 1986; x_wconf 93' lang='lat' dir='ltr'>Do·</span> 
     </span>
     <span class='ocr_line' id='line_1_27' title="bbox 63 2005 599 2071; baseline 0.004 -16"><span class='ocrx_word' id='word_1_144' title='bbox 63 2006 139 2056; x_wconf 89' lang='lat' dir='ltr'>mina</span> <span class='ocrx_word' id='word_1_145' title='bbox 152 2015 232 2071; x_wconf 90' lang='lat' dir='ltr'>prout</span> <span class='ocrx_word' id='word_1_146' title='bbox 246 2014 333 2071; x_wconf 91' lang='lat' dir='ltr'>potest</span> <span class='ocrx_word' id='word_1_147' title='bbox 345 2005 440 2071; x_wconf 77' lang='lat' dir='ltr'>surgit,</span> <span class='ocrx_word' id='word_1_148' title='bbox 453 2015 479 2055; x_wconf 91' lang='lat' dir='ltr'>et</span> <span class='ocrx_word' id='word_1_149' title='bbox 493 2007 524 2056; x_wconf 91' lang='lat' dir='ltr'>ad</span> <span class='ocrx_word' id='word_1_150' title='bbox 537 2022 599 2057; x_wconf 91' lang='lat' dir='ltr'>mo-</span> 
     </span>
     <span class='ocr_line' id='line_1_28' title="bbox 64 2078 599 2145; baseline 0.002 -17"><span class='ocrx_word' id='word_1_151' title='bbox 64 2088 229 2128; x_wconf 88' lang='lat' dir='ltr'>numentum</span> <span class='ocrx_word' id='word_1_152' title='bbox 256 2078 428 2144; x_wconf 87' lang='lat' dir='ltr'>genuflectit,</span> <span class='ocrx_word' id='word_1_153' title='bbox 455 2090 482 2129; x_wconf 91' lang='lat' dir='ltr'>et</span> <span class='ocrx_word' id='word_1_154' title='bbox 509 2079 599 2145; x_wconf 91' lang='lat' dir='ltr'>ipsum</span> 
     </span>
     <span class='ocr_line' id='line_1_29' title="bbox 63 2147 599 2213; baseline 0.004 -16"><span class='ocrx_word' id='word_1_155' title='bbox 63 2147 238 2213; x_wconf 80' lang='lat' dir='ltr'>amplectitur</span> <span class='ocrx_word' id='word_1_156' title='bbox 252 2163 281 2198; x_wconf 91' lang='lat' dir='ltr'>ac</span> <span class='ocrx_word' id='word_1_157' title='bbox 296 2148 437 2199; x_wconf 87' lang='lat' dir='ltr'>benedicit.</span> <span class='ocrx_word' id='word_1_158' title='bbox 453 2150 521 2199; x_wconf 89' lang='lat' dir='ltr'>Nam</span> <span class='ocrx_word' id='word_1_159' title='bbox 536 2165 599 2200; x_wconf 90' lang='lat' dir='ltr'>cru-</span> 
     </span>
     <span class='ocr_line' id='line_1_30' title="bbox 63 2218 599 2285; baseline 0.004 -17"><span class='ocrx_word' id='word_1_160' title='bbox 63 2218 134 2269; x_wconf 80' lang='lat' dir='ltr'>cIata</span> <span class='ocrx_word' id='word_1_161' title='bbox 150 2218 308 2284; x_wconf 86' lang='lat' dir='ltr'>gemitibus,</span> <span class='ocrx_word' id='word_1_162' title='bbox 322 2219 429 2285; x_wconf 88' lang='lat' dir='ltr'>fatigata</span> <span class='ocrx_word' id='word_1_163' title='bbox 450 2219 599 2280; x_wconf 65' lang='lat' dir='ltr'>doloribus</span> 
     </span>
     <span class='ocr_line' id='line_1_31' title="bbox 64 2288 602 2355; baseline 0.002 -16"><span class='ocrx_word' id='word_1_164' title='bbox 64 2288 163 2339; x_wconf 85' lang='lat' dir='ltr'>afflicta</span> <span class='ocrx_word' id='word_1_165' title='bbox 185 2289 349 2355; x_wconf 90' lang='lat' dir='ltr'>ploratibus,</span> <span class='ocrx_word' id='word_1_166' title='bbox 378 2289 506 2355; x_wconf 87' lang='lat' dir='ltr'>nequibat</span> <span class='ocrx_word' id='word_1_167' title='bbox 532 2300 602 2340; x_wconf 88' lang='lat' dir='ltr'>stare</span> 
     </span>
     <span class='ocr_line' id='line_1_32' title="bbox 64 2360 599 2427; baseline 0.004 -17"><span class='ocrx_word' id='word_1_168' title='bbox 64 2360 189 2426; x_wconf 88' lang='lat' dir='ltr'>pedibus.</span> <span class='ocrx_word' id='word_1_169' title='bbox 200 2362 314 2424; x_wconf 86' lang='lat' dir='ltr'>Tamen,</span> <span class='ocrx_word' id='word_1_170' title='bbox 325 2363 394 2412; x_wconf 91' lang='lat' dir='ltr'>sicut</span> <span class='ocrx_word' id='word_1_171' title='bbox 408 2371 520 2427; x_wconf 91' lang='lat' dir='ltr'>poterat,</span> <span class='ocrx_word' id='word_1_172' title='bbox 536 2377 599 2412; x_wconf 90' lang='lat' dir='ltr'>mu-</span> 
     </span>
     <span class='ocr_line' id='line_1_33' title="bbox 64 2432 601 2501; baseline 0.004 -19"><span class='ocrx_word' id='word_1_173' title='bbox 64 2432 179 2483; x_wconf 86' lang='lat' dir='ltr'>lieribus</span> <span class='ocrx_word' id='word_1_174' title='bbox 193 2435 292 2484; x_wconf 87' lang='lat' dir='ltr'>sanctis</span> <span class='ocrx_word' id='word_1_175' title='bbox 307 2435 404 2499; x_wconf 88' lang='lat' dir='ltr'>adjuta,</span> <span class='ocrx_word' id='word_1_176' title='bbox 419 2434 522 2485; x_wconf 90' lang='lat' dir='ltr'>cunctis</span> <span class='ocrx_word' id='word_1_177' title='bbox 540 2436 601 2501; x_wconf 94' lang='lat' dir='ltr'>plo-</span> 
     </span>
     <span class='ocr_line' id='line_1_34' title="bbox 66 2505 601 2573; baseline 0.002 -17"><span class='ocrx_word' id='word_1_178' title='bbox 66 2505 191 2556; x_wconf 88' lang='lat' dir='ltr'>rantibus</span> <span class='ocrx_word' id='word_1_179' title='bbox 209 2507 292 2556; x_wconf 89' lang='lat' dir='ltr'>simul</span> <span class='ocrx_word' id='word_1_180' title='bbox 313 2522 372 2557; x_wconf 91' lang='lat' dir='ltr'>cum</span> <span class='ocrx_word' id='word_1_181' title='bbox 396 2522 435 2566; x_wconf 87' lang='lat' dir='ltr'>ea,</span> <span class='ocrx_word' id='word_1_182' title='bbox 457 2507 538 2573; x_wconf 86' lang='lat' dir='ltr'>coepit</span> <span class='ocrx_word' id='word_1_183' title='bbox 556 2523 601 2558; x_wconf 90' lang='lat' dir='ltr'>re-</span> 
     </span>
     <span class='ocr_line' id='line_1_35' title="bbox 65 2576 600 2628; baseline 0.004 -2"><span class='ocrx_word' id='word_1_184' title='bbox 65 2576 167 2628; x_wconf 84' lang='lat' dir='ltr'>cedere.</span> <span class='ocrx_word' id='word_1_185' title='bbox 192 2577 263 2627; x_wconf 87' lang='lat' dir='ltr'>Cum</span> <span class='ocrx_word' id='word_1_186' title='bbox 291 2586 380 2627; x_wconf 90' lang='lat' dir='ltr'>autem</span> <span class='ocrx_word' id='word_1_187' title='bbox 407 2588 539 2628; x_wconf 87' lang='lat' dir='ltr'>venerunt</span> <span class='ocrx_word' id='word_1_188' title='bbox 568 2578 600 2628; x_wconf 96' lang='lat' dir='ltr'>ad</span> 
     </span>
     <span class='ocr_line' id='line_1_36' title="bbox 65 2648 601 2716; baseline 0.004 -17"><span class='ocrx_word' id='word_1_189' title='bbox 65 2662 186 2709; x_wconf 89' lang='lat' dir='ltr'>crucem,</span> <span class='ocrx_word' id='word_1_190' title='bbox 201 2649 239 2699; x_wconf 92' lang='lat' dir='ltr'>ibi</span> <span class='ocrx_word' id='word_1_191' title='bbox 256 2649 313 2714; x_wconf 83' lang='lat' dir='ltr'>Ipsa</span> <span class='ocrx_word' id='word_1_192' title='bbox 328 2648 484 2716; x_wconf 87' lang='lat' dir='ltr'>genuflexit,</span> <span class='ocrx_word' id='word_1_193' title='bbox 498 2660 524 2700; x_wconf 96' lang='lat' dir='ltr'>et</span> <span class='ocrx_word' id='word_1_194' title='bbox 538 2666 601 2701; x_wconf 90' lang='lat' dir='ltr'>cru-</span> 
     </span>
     <span class='ocr_line' id='line_1_37' title="bbox 65 2718 603 2782; baseline 0.004 -13"><span class='ocrx_word' id='word_1_195' title='bbox 65 2734 124 2769; x_wconf 92' lang='lat' dir='ltr'>cem</span> <span class='ocrx_word' id='word_1_196' title='bbox 148 2718 284 2782; x_wconf 87' lang='lat' dir='ltr'>adoravit;</span> <span class='ocrx_word' id='word_1_197' title='bbox 311 2719 437 2769; x_wconf 89' lang='lat' dir='ltr'>similiter</span> <span class='ocrx_word' id='word_1_198' title='bbox 460 2730 485 2770; x_wconf 91' lang='lat' dir='ltr'>et</span> <span class='ocrx_word' id='word_1_199' title='bbox 507 2735 603 2771; x_wconf 91' lang='lat' dir='ltr'>ornnes</span> 
     </span>
     <span class='ocr_line' id='line_1_38' title="bbox 65 2789 601 2857; baseline 0.002 -18"><span class='ocrx_word' id='word_1_200' title='bbox 65 2789 197 2843; x_wconf 87' lang='lat' dir='ltr'>lecerunt.</span> <span class='ocrx_word' id='word_1_201' title='bbox 221 2791 344 2856; x_wconf 88' lang='lat' dir='ltr'>Cogitare</span> <span class='ocrx_word' id='word_1_202' title='bbox 370 2807 485 2857; x_wconf 88' lang='lat' dir='ltr'>namque</span> <span class='ocrx_word' id='word_1_203' title='bbox 510 2801 601 2856; x_wconf 89' lang='lat' dir='ltr'>potes,</span> 
     </span>
     <span class='ocr_line' id='line_1_39' title="bbox 65 2860 602 2929; baseline 0 -18"><span class='ocrx_word' id='word_1_204' title='bbox 65 2861 138 2928; x_wconf 90' lang='lat' dir='ltr'>quod</span> <span class='ocrx_word' id='word_1_205' title='bbox 160 2863 219 2926; x_wconf 85' lang='lat' dir='ltr'>ipsa</span> <span class='ocrx_word' id='word_1_206' title='bbox 237 2860 288 2912; x_wconf 87' lang='lat' dir='ltr'>fuit</span> <span class='ocrx_word' id='word_1_207' title='bbox 309 2862 396 2928; x_wconf 88' lang='lat' dir='ltr'>prima</span> <span class='ocrx_word' id='word_1_208' title='bbox 415 2878 475 2929; x_wconf 82' lang='lat' dir='ltr'>quae</span> <span class='ocrx_word' id='word_1_209' title='bbox 496 2877 602 2911; x_wconf 90' lang='lat' dir='ltr'>crucem</span> 
     </span>
     <span class='ocr_line' id='line_1_40' title="bbox 66 2931 603 2998; baseline 0 -16"><span class='ocrx_word' id='word_1_210' title='bbox 66 2931 198 2992; x_wconf 87' lang='lat' dir='ltr'>adoravit,</span> <span class='ocrx_word' id='word_1_211' title='bbox 210 2932 279 2983; x_wconf 91' lang='lat' dir='ltr'>sicut</span> <span class='ocrx_word' id='word_1_212' title='bbox 290 2944 316 2983; x_wconf 92' lang='lat' dir='ltr'>et</span> <span class='ocrx_word' id='word_1_213' title='bbox 330 2933 417 2998; x_wconf 90' lang='lat' dir='ltr'>prima</span> <span class='ocrx_word' id='word_1_214' title='bbox 430 2947 489 2998; x_wconf 88' lang='lat' dir='ltr'>quae</span> <span class='ocrx_word' id='word_1_215' title='bbox 502 2931 603 2982; x_wconf 87' lang='lat' dir='ltr'>Filium</span> 
     </span>
     <span class='ocr_line' id='line_1_41' title="bbox 66 3005 604 3056; baseline 0.006 -4"><span class='ocrx_word' id='word_1_216' title='bbox 66 3013 162 3055; x_wconf 86' lang='lat' dir='ltr'>natum</span> <span class='ocrx_word' id='word_1_217' title='bbox 179 3005 309 3055; x_wconf 87' lang='lat' dir='ltr'>adoravit.</span> <span class='ocrx_word' id='word_1_218' title='bbox 324 3006 387 3056; x_wconf 85' lang='lat' dir='ltr'>Haec</span> <span class='ocrx_word' id='word_1_219' title='bbox 409 3016 497 3055; x_wconf 89' lang='lat' dir='ltr'>autern</span> <span class='ocrx_word' id='word_1_220' title='bbox 512 3015 604 3055; x_wconf 87' lang='lat' dir='ltr'>sancta</span> 
     </span>
     <span class='ocr_line' id='line_1_42' title="bbox 68 3076 605 3140; baseline 0.006 -17"><span class='ocrx_word' id='word_1_221' title='bbox 68 3088 144 3135; x_wconf 86' lang='lat' dir='ltr'>crux,</span> <span class='ocrx_word' id='word_1_222' title='bbox 169 3085 232 3140; x_wconf 90' lang='lat' dir='ltr'>post</span> <span class='ocrx_word' id='word_1_223' title='bbox 255 3076 410 3126; x_wconf 88' lang='lat' dir='ltr'>Passionem</span> <span class='ocrx_word' id='word_1_224' title='bbox 429 3085 455 3126; x_wconf 92' lang='lat' dir='ltr'>et</span> <span class='ocrx_word' id='word_1_225' title='bbox 479 3076 605 3126; x_wconf 87' lang='lat' dir='ltr'>Resurre-</span> 
     </span>
     <span class='ocr_line' id='line_1_43' title="bbox 67 3145 603 3214; baseline 0.007 -20"><span class='ocrx_word' id='word_1_226' title='bbox 67 3145 189 3195; x_wconf 87' lang='lat' dir='ltr'>ctionem</span> <span class='ocrx_word' id='word_1_227' title='bbox 211 3145 322 3196; x_wconf 91' lang='lat' dir='ltr'>Domini</span> <span class='ocrx_word' id='word_1_228' title='bbox 340 3163 386 3214; x_wconf 92' lang='lat' dir='ltr'>per</span> <span class='ocrx_word' id='word_1_229' title='bbox 405 3147 521 3208; x_wconf 88' lang='lat' dir='ltr'>Judaeos,</span> <span class='ocrx_word' id='word_1_230' title='bbox 541 3163 603 3198; x_wconf 91' lang='lat' dir='ltr'>cum</span> 
     </span>
     <span class='ocr_line' id='line_1_44' title="bbox 68 3216 603 3280; baseline 0.007 -14"><span class='ocrx_word' id='word_1_231' title='bbox 68 3216 198 3267; x_wconf 85' lang='lat' dir='ltr'>crucibus</span> <span class='ocrx_word' id='word_1_232' title='bbox 209 3217 353 3280; x_wconf 88' lang='lat' dir='ltr'>latronum,</span> <span class='ocrx_word' id='word_1_233' title='bbox 367 3219 419 3270; x_wconf 90' lang='lat' dir='ltr'>sub</span> <span class='ocrx_word' id='word_1_234' title='bbox 433 3230 526 3270; x_wconf 90' lang='lat' dir='ltr'>monte</span> <span class='ocrx_word' id='word_1_235' title='bbox 540 3219 603 3270; x_wconf 89' lang='lat' dir='ltr'>Cal-</span> 
     </span>
     <span class='ocr_line' id='line_1_45' title="bbox 68 3287 603 3354; baseline 0.007 -18"><span class='ocrx_word' id='word_1_236' title='bbox 68 3287 149 3339; x_wconf 80' lang='lat' dir='ltr'>varite</span> <span class='ocrx_word' id='word_1_237' title='bbox 171 3287 305 3354; x_wconf 81' lang='lat' dir='ltr'>profunde</span> <span class='ocrx_word' id='word_1_238' title='bbox 328 3291 378 3340; x_wconf 93' lang='lat' dir='ltr'>sub</span> <span class='ocrx_word' id='word_1_239' title='bbox 399 3301 467 3341; x_wconf 89' lang='lat' dir='ltr'>terra</span> <span class='ocrx_word' id='word_1_240' title='bbox 486 3292 603 3342; x_wconf 86' lang='lat' dir='ltr'>abscon-</span> 
     </span>
     <span class='ocr_line' id='line_1_46' title="bbox 10 3357 604 3419; baseline 0.008 -12"><span class='ocrx_word' id='word_1_241' title='bbox 10 3378 15 3389; x_wconf 67' lang='lat'><strong><em>¹</em></strong></span> <span class='ocrx_word' id='word_1_242' title='bbox 69 3357 124 3409; x_wconf 88' lang='lat' dir='ltr'>dita</span> <span class='ocrx_word' id='word_1_243' title='bbox 137 3358 200 3419; x_wconf 86' lang='lat' dir='ltr'>luit,</span> <span class='ocrx_word' id='word_1_244' title='bbox 215 3359 264 3410; x_wconf 93' lang='lat' dir='ltr'>ubi</span> <span class='ocrx_word' id='word_1_245' title='bbox 278 3360 398 3412; x_wconf 89' lang='lat' dir='ltr'>ducentis</span> <span class='ocrx_word' id='word_1_246' title='bbox 412 3361 490 3412; x_wconf 88' lang='lat' dir='ltr'>annis</span> <span class='ocrx_word' id='word_1_247' title='bbox 504 3372 530 3412; x_wconf 93' lang='lat' dir='ltr'>et</span> <span class='ocrx_word' id='word_1_248' title='bbox 543 3377 604 3412; x_wconf 89' lang='lat' dir='ltr'>am·</span> 
     </span>
     <span class='ocr_line' id='line_1_47' title="bbox 69 3429 604 3497; baseline 0.004 -17"><span class='ocrx_word' id='word_1_249' title='bbox 69 3429 151 3494; x_wconf 86' lang='lat' dir='ltr'>plius,</span> <span class='ocrx_word' id='word_1_250' title='bbox 160 3444 251 3497; x_wconf 87' lang='lat' dir='ltr'>usque</span> <span class='ocrx_word' id='word_1_251' title='bbox 262 3431 295 3481; x_wconf 91' lang='lat' dir='ltr'>ad</span> <span class='ocrx_word' id='word_1_252' title='bbox 305 3441 425 3497; x_wconf 88' lang='lat' dir='ltr'>tempora</span> <span class='ocrx_word' id='word_1_253' title='bbox 434 3431 604 3482; x_wconf 89' lang='lat' dir='ltr'>Constantini</span> 
     </span>
     <span class='ocr_line' id='line_1_48' title="bbox 69 3503 604 3568; baseline 0 -13"><span class='ocrx_word' id='word_1_254' title='bbox 69 3513 95 3555; x_wconf 78' lang='lat' dir='ltr'>ct</span> <span class='ocrx_word' id='word_1_255' title='bbox 108 3504 222 3556; x_wconf 73' lang='lat' dir='ltr'>Helenae</span> <span class='ocrx_word' id='word_1_256' title='bbox 234 3503 324 3568; x_wconf 74' lang='lat' dir='ltr'>latuit,</span> <span class='ocrx_word' id='word_1_257' title='bbox 341 3506 387 3555; x_wconf 87' lang='lat' dir='ltr'>sed</span> <span class='ocrx_word' id='word_1_258' title='bbox 404 3505 505 3555; x_wconf 89' lang='lat' dir='ltr'>Helena</span> <span class='ocrx_word' id='word_1_259' title='bbox 519 3505 548 3555; x_wconf 92' lang='lat' dir='ltr'>in</span> <span class='ocrx_word' id='word_1_260' title='bbox 563 3505 604 3555; x_wconf 87' lang='lat' dir='ltr'>la-</span> 
     </span>
     <span class='ocr_line' id='line_1_49' title="bbox 69 3575 606 3645; baseline -0.002 -18"><span class='ocrx_word' id='word_1_261' title='bbox 69 3577 132 3642; x_wconf 88' lang='lat' dir='ltr'>pide</span> <span class='ocrx_word' id='word_1_262' title='bbox 143 3577 208 3645; x_wconf 91' lang='lat' dir='ltr'>plus</span> <span class='ocrx_word' id='word_1_263' title='bbox 223 3591 305 3643; x_wconf 87' lang='lat' dir='ltr'>quam</span> <span class='ocrx_word' id='word_1_264' title='bbox 319 3577 414 3644; x_wconf 90' lang='lat' dir='ltr'>viginti</span> <span class='ocrx_word' id='word_1_265' title='bbox 429 3576 553 3643; x_wconf 87' lang='lat' dir='ltr'>passibus</span> <span class='ocrx_word' id='word_1_266' title='bbox 568 3575 606 3626; x_wconf 88' lang='lat' dir='ltr'>fo·</span> 
     </span>
     <span class='ocr_line' id='line_1_50' title="bbox 69 3646 605 3714; baseline -0.004 -16"><span class='ocrx_word' id='word_1_267' title='bbox 69 3648 165 3710; x_wconf 85' lang='lat' dir='ltr'>diens,</span> <span class='ocrx_word' id='word_1_268' title='bbox 195 3647 267 3714; x_wconf 88' lang='lat' dir='ltr'>ipsas</span> <span class='ocrx_word' id='word_1_269' title='bbox 288 3659 343 3700; x_wconf 89' lang='lat' dir='ltr'>tres</span> <span class='ocrx_word' id='word_1_270' title='bbox 367 3663 459 3699; x_wconf 89' lang='lat' dir='ltr'>cruces</span> <span class='ocrx_word' id='word_1_271' title='bbox 482 3646 605 3707; x_wconf 90' lang='lat' dir='ltr'>invenit,</span> 
     </span>
     <span class='ocr_line' id='line_1_51' title="bbox 70 3715 606 3785; baseline -0.009 -13"><span class='ocrx_word' id='word_1_272' title='bbox 70 3719 175 3785; x_wconf 86' lang='lat' dir='ltr'>quibus</span> <span class='ocrx_word' id='word_1_273' title='bbox 188 3717 312 3782; x_wconf 89' lang='lat' dir='ltr'>sublatis,</span> <span class='ocrx_word' id='word_1_274' title='bbox 326 3733 434 3770; x_wconf 87' lang='lat' dir='ltr'>crucem</span> <span class='ocrx_word' id='word_1_275' title='bbox 447 3715 558 3768; x_wconf 89' lang='lat' dir='ltr'>Domini</span> <span class='ocrx_word' id='word_1_276' title='bbox 572 3717 606 3767; x_wconf 90' lang='lat' dir='ltr'>ab</span> 
     </span>
    </p>
   </div>
   <div class='ocr_carea' id='block_1_3' title="bbox 648 223 1192 3622">
    <p class='ocr_par' dir='ltr' id='par_1_4' title="bbox 648 223 1192 3622">
     <span class='ocr_line' id='line_1_52' title="bbox 654 223 1184 291; baseline 0.006 -19"><span class='ocrx_word' id='word_1_277' title='bbox 654 223 730 281; x_wconf 83' lang='lat' dir='ltr'>aliis,</span> <span class='ocrx_word' id='word_1_278' title='bbox 757 224 835 291; x_wconf 90' lang='lat' dir='ltr'>signo</span> <span class='ocrx_word' id='word_1_279' title='bbox 858 225 1060 277; x_wconf 91' lang='lat' dir='ltr'>resurrectionis</span> <span class='ocrx_word' id='word_1_280' title='bbox 1085 226 1184 276; x_wconf 91' lang='lat' dir='ltr'>mortui</span> 
     </span>
     <span class='ocr_line' id='line_1_53' title="bbox 654 296 1184 364; baseline 0.008 -20"><span class='ocrx_word' id='word_1_281' title='bbox 654 296 775 361; x_wconf 89' lang='lat' dir='ltr'>probavit</span> <span class='ocrx_word' id='word_1_282' title='bbox 801 309 827 349; x_wconf 93' lang='lat' dir='ltr'>et</span> <span class='ocrx_word' id='word_1_283' title='bbox 853 297 987 350; x_wconf 90' lang='lat' dir='ltr'>discrevit.</span> <span class='ocrx_word' id='word_1_284' title='bbox 1011 299 1069 364; x_wconf 89' lang='lat' dir='ltr'>lpse</span> <span class='ocrx_word' id='word_1_285' title='bbox 1094 308 1184 348; x_wconf 88' lang='lat' dir='ltr'>autem</span> 
     </span>
     <span class='ocr_line' id='line_1_54' title="bbox 653 366 1184 433; baseline 0.008 -19"><span class='ocrx_word' id='word_1_286' title='bbox 653 367 729 416; x_wconf 91' lang='lat' dir='ltr'>locus</span> <span class='ocrx_word' id='word_1_287' title='bbox 744 366 772 416; x_wconf 93' lang='lat' dir='ltr'>in</span> <span class='ocrx_word' id='word_1_288' title='bbox 795 384 850 433; x_wconf 92' lang='lat' dir='ltr'>quo</span> <span class='ocrx_word' id='word_1_289' title='bbox 870 384 934 419; x_wconf 81' lang='lat' dir='ltr'>crux</span> <span class='ocrx_word' id='word_1_290' title='bbox 954 368 1060 419; x_wconf 88' lang='lat' dir='ltr'>inventa</span> <span class='ocrx_word' id='word_1_291' title='bbox 1076 377 1124 426; x_wconf 92' lang='lat' dir='ltr'>est,</span> <span class='ocrx_word' id='word_1_292' title='bbox 1140 368 1184 418; x_wconf 91' lang='lat' dir='ltr'>di·</span> 
     </span>
     <span class='ocr_line' id='line_1_55' title="bbox 653 437 1182 504; baseline 0.004 -19"><span class='ocrx_word' id='word_1_293' title='bbox 653 447 704 486; x_wconf 88' lang='lat' dir='ltr'>stat</span> <span class='ocrx_word' id='word_1_294' title='bbox 716 451 730 486; x_wconf 93' lang='lat' dir='ltr'>a</span> <span class='ocrx_word' id='word_1_295' title='bbox 741 437 799 487; x_wconf 91' lang='lat' dir='ltr'>loco</span> <span class='ocrx_word' id='word_1_296' title='bbox 814 439 940 490; x_wconf 86' lang='lat' dir='ltr'>Calvariae</span> <span class='ocrx_word' id='word_1_297' title='bbox 954 440 1045 490; x_wconf 90' lang='lat' dir='ltr'>decem</span> <span class='ocrx_word' id='word_1_298' title='bbox 1060 438 1182 504; x_wconf 90' lang='lat' dir='ltr'>pedibus,</span> 
     </span>
     <span class='ocr_line' id='line_1_56' title="bbox 652 509 1183 570; baseline 0.008 -13"><span class='ocrx_word' id='word_1_299' title='bbox 652 523 744 558; x_wconf 90' lang='lat' dir='ltr'>versus</span> <span class='ocrx_word' id='word_1_300' title='bbox 765 509 904 560; x_wconf 91' lang='lat' dir='ltr'>Orientem</span> <span class='ocrx_word' id='word_1_301' title='bbox 921 512 1117 570; x_wconf 91' lang='lat' dir='ltr'>descendendo,</span> <span class='ocrx_word' id='word_1_302' title='bbox 1137 512 1183 561; x_wconf 89' lang='lat' dir='ltr'>ubi</span> 
     </span>
     <span class='ocr_line' id='line_1_57' title="bbox 652 581 1182 650; baseline 0.009 -20"><span class='ocrx_word' id='word_1_303' title='bbox 652 581 681 630; x_wconf 85' lang='lat' dir='ltr'>in&#39;</span> <span class='ocrx_word' id='word_1_304' title='bbox 705 582 815 632; x_wconf 88' lang='lat' dir='ltr'>ecclesia</span> <span class='ocrx_word' id='word_1_305' title='bbox 839 599 899 650; x_wconf 81' lang='lat' dir='ltr'>quae</span> <span class='ocrx_word' id='word_1_306' title='bbox 923 584 1040 635; x_wconf 89' lang='lat' dir='ltr'>continet</span> <span class='ocrx_word' id='word_1_307' title='bbox 1063 594 1182 635; x_wconf 91' lang='lat' dir='ltr'>montem</span> 
     </span>
     <span class='ocr_line' id='line_1_58' title="bbox 652 649 1182 722; baseline 0.008 -22"><span class='ocrx_word' id='word_1_308' title='bbox 652 649 789 714; x_wconf 88' lang='lat' dir='ltr'>Calvariae,</span> <span class='ocrx_word' id='word_1_309' title='bbox 805 663 844 704; x_wconf 92' lang='lat' dir='ltr'>est</span> <span class='ocrx_word' id='word_1_310' title='bbox 867 666 959 721; x_wconf 90' lang='lat' dir='ltr'>crypta</span> <span class='ocrx_word' id='word_1_311' title='bbox 978 654 1120 722; x_wconf 84' lang='lat' dir='ltr'>profunda,</span> <span class='ocrx_word' id='word_1_312' title='bbox 1138 655 1182 704; x_wconf 91' lang='lat' dir='ltr'>in-</span> 
     </span>
     <span class='ocr_line' id='line_1_59' title="bbox 651 721 1182 792; baseline 0.008 -21"><span class='ocrx_word' id='word_1_313' title='bbox 651 721 732 772; x_wconf 89' lang='lat' dir='ltr'>ferior</span> <span class='ocrx_word' id='word_1_314' title='bbox 754 724 908 790; x_wconf 90' lang='lat' dir='ltr'>pavimento</span> <span class='ocrx_word' id='word_1_315' title='bbox 923 726 1099 792; x_wconf 88' lang='lat' dir='ltr'>quadraginta</span> <span class='ocrx_word' id='word_1_316' title='bbox 1121 740 1182 791; x_wconf 91' lang='lat' dir='ltr'>gra-</span> 
     </span>
     <span class='ocr_line' id='line_1_60' title="bbox 651 794 1183 864; baseline 0.008 -21"><span class='ocrx_word' id='word_1_317' title='bbox 651 794 739 856; x_wconf 86' lang='lat' dir='ltr'>dibus,</span> <span class='ocrx_word' id='word_1_318' title='bbox 754 797 794 846; x_wconf 91' lang='lat' dir='ltr'>vei</span> <span class='ocrx_word' id='word_1_319' title='bbox 808 797 891 860; x_wconf 90' lang='lat' dir='ltr'>circa;</span> <span class='ocrx_word' id='word_1_320' title='bbox 905 808 931 848; x_wconf 94' lang='lat' dir='ltr'>et</span> <span class='ocrx_word' id='word_1_321' title='bbox 943 808 1007 848; x_wconf 91' lang='lat' dir='ltr'>sunt</span> <span class='ocrx_word' id='word_1_322' title='bbox 1017 798 1054 848; x_wconf 90' lang='lat' dir='ltr'>ibi</span> <span class='ocrx_word' id='word_1_323' title='bbox 1068 808 1183 864; x_wconf 88' lang='lat' dir='ltr'>quatuor</span> 
     </span>
     <span class='ocr_line' id='line_1_61' title="bbox 649 866 1182 932; baseline 0.008 -18"><span class='ocrx_word' id='word_1_324' title='bbox 649 866 800 925; x_wconf 87' lang='lat' dir='ltr'>columnae,</span> <span class='ocrx_word' id='word_1_325' title='bbox 828 882 888 932; x_wconf 83' lang='lat' dir='ltr'>quae</span> <span class='ocrx_word' id='word_1_326' title='bbox 915 867 1043 918; x_wconf 89' lang='lat' dir='ltr'>dicuntur</span> <span class='ocrx_word' id='word_1_327' title='bbox 1069 879 1182 918; x_wconf 90' lang='lat' dir='ltr'>mortem</span> 
     </span>
     <span class='ocr_line' id='line_1_62' title="bbox 650 937 1183 989; baseline 0.006 -3"><span class='ocrx_word' id='word_1_328' title='bbox 650 937 760 987; x_wconf 88' lang='lat' dir='ltr'>Domini</span> <span class='ocrx_word' id='word_1_329' title='bbox 786 937 900 988; x_wconf 88' lang='lat' dir='ltr'>flevisse.</span> <span class='ocrx_word' id='word_1_330' title='bbox 929 938 1031 988; x_wconf 89' lang='lat' dir='ltr'>Deinde</span> <span class='ocrx_word' id='word_1_331' title='bbox 1057 940 1183 989; x_wconf 89' lang='lat' dir='ltr'>recedunt</span> 
     </span>
     <span class='ocr_line' id='line_1_63' title="bbox 648 1009 1184 1074; baseline 0.004 -17"><span class='ocrx_word' id='word_1_332' title='bbox 648 1023 743 1058; x_wconf 91' lang='lat' dir='ltr'>versus</span> <span class='ocrx_word' id='word_1_333' title='bbox 758 1009 902 1069; x_wconf 90' lang='lat' dir='ltr'>civitatem,</span> <span class='ocrx_word' id='word_1_334' title='bbox 918 1018 944 1058; x_wconf 93' lang='lat' dir='ltr'>et</span> <span class='ocrx_word' id='word_1_335' title='bbox 958 1024 1004 1074; x_wconf 93' lang='lat' dir='ltr'>per</span> <span class='ocrx_word' id='word_1_336' title='bbox 1025 1009 1097 1059; x_wconf 89' lang='lat' dir='ltr'>viam</span> <span class='ocrx_word' id='word_1_337' title='bbox 1113 1024 1184 1074; x_wconf 82' lang='lat' dir='ltr'>saepe</span> 
     </span>
     <span class='ocr_line' id='line_1_64' title="bbox 651 1078 1185 1143; baseline 0.004 -16"><span class='ocrx_word' id='word_1_338' title='bbox 651 1078 767 1129; x_wconf 90' lang='lat' dir='ltr'>Domina</span> <span class='ocrx_word' id='word_1_339' title='bbox 779 1095 807 1130; x_wconf 93' lang='lat' dir='ltr'>se</span> <span class='ocrx_word' id='word_1_340' title='bbox 822 1080 940 1130; x_wconf 90' lang='lat' dir='ltr'>vertebat</span> <span class='ocrx_word' id='word_1_341' title='bbox 955 1089 1035 1139; x_wconf 90' lang='lat' dir='ltr'>retro,</span> <span class='ocrx_word' id='word_1_342' title='bbox 1051 1079 1185 1143; x_wconf 89' lang='lat' dir='ltr'>aspiciens</span> 
     </span>
     <span class='ocr_line' id='line_1_65' title="bbox 651 1149 1184 1216; baseline -0.004 -16"><span class='ocrx_word' id='word_1_343' title='bbox 651 1164 696 1214; x_wconf 89' lang='lat' dir='ltr'>per</span> <span class='ocrx_word' id='word_1_344' title='bbox 712 1150 937 1216; x_wconf 88' lang='lat' dir='ltr'>compassionem.</span> <span class='ocrx_word' id='word_1_345' title='bbox 954 1149 1118 1199; x_wconf 91' lang='lat' dir='ltr'>Intrantibus</span> <span class='ocrx_word' id='word_1_346' title='bbox 1133 1163 1184 1198; x_wconf 94' lang='lat' dir='ltr'>au-</span> 
     </span>
     <span class='ocr_line' id='line_1_66' title="bbox 650 1221 1184 1283; baseline -0.006 -10"><span class='ocrx_word' id='word_1_347' title='bbox 650 1232 703 1273; x_wconf 88' lang='lat' dir='ltr'>tem</span> <span class='ocrx_word' id='word_1_348' title='bbox 725 1223 778 1273; x_wconf 89' lang='lat' dir='ltr'>illis</span> <span class='ocrx_word' id='word_1_349' title='bbox 799 1223 942 1283; x_wconf 87' lang='lat' dir='ltr'>civitatem,</span> <span class='ocrx_word' id='word_1_350' title='bbox 965 1221 1043 1271; x_wconf 91' lang='lat' dir='ltr'>multi</span> <span class='ocrx_word' id='word_1_351' title='bbox 1063 1221 1184 1271; x_wconf 90' lang='lat' dir='ltr'>videntes</span> 
     </span>
     <span class='ocr_line' id='line_1_67' title="bbox 650 1292 1184 1359; baseline -0.002 -17"><span class='ocrx_word' id='word_1_352' title='bbox 650 1293 804 1355; x_wconf 90' lang='lat' dir='ltr'>Dominam,</span> <span class='ocrx_word' id='word_1_353' title='bbox 820 1293 887 1345; x_wconf 90' lang='lat' dir='ltr'>moti</span> <span class='ocrx_word' id='word_1_354' title='bbox 903 1293 999 1359; x_wconf 90' lang='lat' dir='ltr'>pietate</span> <span class='ocrx_word' id='word_1_355' title='bbox 1013 1308 1094 1358; x_wconf 91' lang='lat' dir='ltr'>super</span> <span class='ocrx_word' id='word_1_356' title='bbox 1111 1292 1184 1342; x_wconf 87' lang='lat' dir='ltr'>illius</span> 
     </span>
     <span class='ocr_line' id='line_1_68' title="bbox 650 1364 1185 1424; baseline -0.004 -11"><span class='ocrx_word' id='word_1_357' title='bbox 650 1364 751 1424; x_wconf 90' lang='lat' dir='ltr'>dolore,</span> <span class='ocrx_word' id='word_1_358' title='bbox 771 1366 803 1415; x_wconf 91' lang='lat' dir='ltr'>ad</span> <span class='ocrx_word' id='word_1_359' title='bbox 831 1366 935 1415; x_wconf 88' lang='lat' dir='ltr'>luctum</span> <span class='ocrx_word' id='word_1_360' title='bbox 962 1364 1185 1414; x_wconf 86' lang='lat' dir='ltr'>convertebantur</span> 
     </span>
     <span class='ocr_line' id='line_1_69' title="bbox 650 1434 1183 1501; baseline -0.002 -16"><span class='ocrx_word' id='word_1_361' title='bbox 650 1451 788 1500; x_wconf 89' lang='lat' dir='ltr'>amarum;</span> <span class='ocrx_word' id='word_1_362' title='bbox 816 1447 842 1487; x_wconf 92' lang='lat' dir='ltr'>et</span> <span class='ocrx_word' id='word_1_363' title='bbox 868 1445 1034 1487; x_wconf 90' lang='lat' dir='ltr'>concurrunt</span> <span class='ocrx_word' id='word_1_364' title='bbox 1062 1434 1183 1501; x_wconf 90' lang='lat' dir='ltr'>undique</span> 
     </span>
     <span class='ocr_line' id='line_1_70' title="bbox 651 1505 1184 1573; baseline -0.006 -16"><span class='ocrx_word' id='word_1_365' title='bbox 651 1508 729 1558; x_wconf 88' lang='lat' dir='ltr'>bonae</span> <span class='ocrx_word' id='word_1_366' title='bbox 748 1519 884 1572; x_wconf 84' lang='lat' dir='ltr'>matronae,</span> <span class='ocrx_word' id='word_1_367' title='bbox 905 1517 930 1558; x_wconf 90' lang='lat' dir='ltr'>et</span> <span class='ocrx_word' id='word_1_368' title='bbox 950 1505 1069 1573; x_wconf 89' lang='lat' dir='ltr'>virgines</span> <span class='ocrx_word' id='word_1_369' title='bbox 1086 1505 1184 1555; x_wconf 91' lang='lat' dir='ltr'>ambu-</span> 
     </span>
     <span class='ocr_line' id='line_1_71' title="bbox 651 1579 1185 1647; baseline -0.006 -16"><span class='ocrx_word' id='word_1_370' title='bbox 651 1582 736 1632; x_wconf 88' lang='lat' dir='ltr'>lantes</span> <span class='ocrx_word' id='word_1_371' title='bbox 758 1593 819 1647; x_wconf 90' lang='lat' dir='ltr'>post</span> <span class='ocrx_word' id='word_1_372' title='bbox 843 1582 946 1647; x_wconf 90' lang='lat' dir='ltr'>ipsam,</span> <span class='ocrx_word' id='word_1_373' title='bbox 974 1591 1000 1631; x_wconf 91' lang='lat' dir='ltr'>et</span> <span class='ocrx_word' id='word_1_374' title='bbox 1023 1579 1185 1630; x_wconf 89' lang='lat' dir='ltr'>associantes</span> 
     </span>
     <span class='ocr_line' id='line_1_72' title="bbox 651 1651 1185 1718; baseline -0.004 -17"><span class='ocrx_word' id='word_1_375' title='bbox 651 1667 709 1701; x_wconf 89' lang='lat' dir='ltr'>earn</span> <span class='ocrx_word' id='word_1_376' title='bbox 731 1668 780 1718; x_wconf 90' lang='lat' dir='ltr'>per</span> <span class='ocrx_word' id='word_1_377' title='bbox 800 1652 883 1712; x_wconf 90' lang='lat' dir='ltr'>viam,</span> <span class='ocrx_word' id='word_1_378' title='bbox 907 1663 933 1702; x_wconf 89' lang='lat' dir='ltr'>et</span> <span class='ocrx_word' id='word_1_379' title='bbox 954 1651 1133 1710; x_wconf 88' lang='lat' dir='ltr'>consolantes,</span> <span class='ocrx_word' id='word_1_380' title='bbox 1155 1665 1185 1700; x_wconf 91' lang='lat' dir='ltr'>ac</span> 
     </span>
     <span class='ocr_line' id='line_1_73' title="bbox 651 1720 1184 1772; baseline -0.006 0"><span class='ocrx_word' id='word_1_381' title='bbox 651 1721 732 1772; x_wconf 90' lang='lat' dir='ltr'>etiam</span> <span class='ocrx_word' id='word_1_382' title='bbox 746 1721 923 1772; x_wconf 88' lang='lat' dir='ltr'>lamentantes</span> <span class='ocrx_word' id='word_1_383' title='bbox 938 1737 1005 1771; x_wconf 89' lang='lat' dir='ltr'>eam.</span> <span class='ocrx_word' id='word_1_384' title='bbox 1020 1720 1071 1771; x_wconf 89' lang='lat' dir='ltr'>Sed</span> <span class='ocrx_word' id='word_1_385' title='bbox 1093 1731 1118 1770; x_wconf 97' lang='lat' dir='ltr'>et</span> <span class='ocrx_word' id='word_1_386' title='bbox 1135 1720 1184 1769; x_wconf 93' lang='lat' dir='ltr'>bo·</span> 
     </span>
     <span class='ocr_line' id='line_1_74' title="bbox 652 1792 1184 1861; baseline -0.006 -17"><span class='ocrx_word' id='word_1_387' title='bbox 652 1793 681 1844; x_wconf 92' lang='lat' dir='ltr'>ni</span> <span class='ocrx_word' id='word_1_388' title='bbox 706 1793 849 1861; x_wconf 85' lang='lat' dir='ltr'>homines,</span> <span class='ocrx_word' id='word_1_389' title='bbox 873 1810 920 1860; x_wconf 93' lang='lat' dir='ltr'>per</span> <span class='ocrx_word' id='word_1_390' title='bbox 943 1809 1012 1860; x_wconf 89' lang='lat' dir='ltr'>quos</span> <span class='ocrx_word' id='word_1_391' title='bbox 1038 1792 1184 1851; x_wconf 88' lang='lat' dir='ltr'>transibat,</span> 
     </span>
     <span class='ocr_line' id='line_1_75' title="bbox 652 1863 1186 1930; baseline -0.004 -16"><span class='ocrx_word' id='word_1_392' title='bbox 652 1864 884 1930; x_wconf 88' lang='lat' dir='ltr'>compatiebantur</span> <span class='ocrx_word' id='word_1_393' title='bbox 897 1864 984 1914; x_wconf 90' lang='lat' dir='ltr'>eidem</span> <span class='ocrx_word' id='word_1_394' title='bbox 998 1873 1024 1913; x_wconf 93' lang='lat' dir='ltr'>et</span> <span class='ocrx_word' id='word_1_395' title='bbox 1039 1863 1186 1913; x_wconf 88' lang='lat' dir='ltr'>moveban-</span> 
     </span>
     <span class='ocr_line' id='line_1_76' title="bbox 652 1931 1186 1999; baseline -0.004 -15"><span class='ocrx_word' id='word_1_396' title='bbox 652 1944 696 1984; x_wconf 92' lang='lat' dir='ltr'>tur</span> <span class='ocrx_word' id='word_1_397' title='bbox 708 1934 740 1983; x_wconf 88' lang='lat' dir='ltr'>ad</span> <span class='ocrx_word' id='word_1_398' title='bbox 759 1933 861 1985; x_wconf 89' lang='lat' dir='ltr'>fletum.</span> <span class='ocrx_word' id='word_1_399' title='bbox 877 1934 1001 1999; x_wconf 86' lang='lat' dir='ltr'>Undique</span> <span class='ocrx_word' id='word_1_400' title='bbox 1018 1931 1048 1982; x_wconf 89' lang='lat' dir='ltr'>tit</span> <span class='ocrx_word' id='word_1_401' title='bbox 1066 1934 1186 1998; x_wconf 92' lang='lat' dir='ltr'>ploratus</span> 
     </span>
     <span class='ocr_line' id='line_1_77' title="bbox 654 2003 1184 2070; baseline -0.004 -17"><span class='ocrx_word' id='word_1_402' title='bbox 654 2019 768 2070; x_wconf 89' lang='lat' dir='ltr'>magnus</span> <span class='ocrx_word' id='word_1_403' title='bbox 790 2015 815 2054; x_wconf 91' lang='lat' dir='ltr'>et</span> <span class='ocrx_word' id='word_1_404' title='bbox 831 2005 928 2054; x_wconf 91' lang='lat' dir='ltr'>luctus.</span> <span class='ocrx_word' id='word_1_405' title='bbox 945 2004 1012 2053; x_wconf 89' lang='lat' dir='ltr'>Nam</span> <span class='ocrx_word' id='word_1_406' title='bbox 1032 2003 1110 2052; x_wconf 92' lang='lat' dir='ltr'>dolor</span> <span class='ocrx_word' id='word_1_407' title='bbox 1127 2003 1184 2066; x_wconf 76' lang='lat' dir='ltr'>cius</span> 
     </span>
     <span class='ocr_line' id='line_1_78' title="bbox 653 2073 1186 2137; baseline -0.004 -14"><span class='ocrx_word' id='word_1_408' title='bbox 653 2075 753 2124; x_wconf 91' lang='lat' dir='ltr'>multos</span> <span class='ocrx_word' id='word_1_409' title='bbox 767 2073 878 2124; x_wconf 86' lang='lat' dir='ltr'>faciebat</span> <span class='ocrx_word' id='word_1_410' title='bbox 892 2074 1023 2123; x_wconf 91' lang='lat' dir='ltr'>dolentes.</span> <span class='ocrx_word' id='word_1_411' title='bbox 1039 2073 1094 2136; x_wconf 34' lang='lat' dir='ltr'>Vix,</span> <span class='ocrx_word' id='word_1_412' title='bbox 1104 2073 1186 2137; x_wconf 91' lang='lat' dir='ltr'>lacry-</span> 
     </span>
     <span class='ocr_line' id='line_1_79' title="bbox 653 2143 1187 2210; baseline -0.006 -16"><span class='ocrx_word' id='word_1_413' title='bbox 653 2159 711 2194; x_wconf 89' lang='lat' dir='ltr'>mas</span> <span class='ocrx_word' id='word_1_414' title='bbox 729 2144 867 2194; x_wconf 86' lang='lat' dir='ltr'>continere</span> <span class='ocrx_word' id='word_1_415' title='bbox 887 2153 1016 2209; x_wconf 90' lang='lat' dir='ltr'>poterant,</span> <span class='ocrx_word' id='word_1_416' title='bbox 1031 2143 1187 2210; x_wconf 89' lang='lat' dir='ltr'>quicunque</span> 
     </span>
     <span class='ocr_line' id='line_1_80' title="bbox 654 2213 1187 2280; baseline -0.004 -15"><span class='ocrx_word' id='word_1_417' title='bbox 654 2231 711 2266; x_wconf 90' lang='lat' dir='ltr'>earn</span> <span class='ocrx_word' id='word_1_418' title='bbox 726 2216 875 2280; x_wconf 88' lang='lat' dir='ltr'>plorantem</span> <span class='ocrx_word' id='word_1_419' title='bbox 889 2214 1025 2265; x_wconf 90' lang='lat' dir='ltr'>videbant.</span> <span class='ocrx_word' id='word_1_420' title='bbox 1039 2213 1132 2264; x_wconf 84' lang='lat' dir='ltr'>Flebat</span> <span class='ocrx_word' id='word_1_421' title='bbox 1146 2214 1187 2264; x_wconf 93' lang='lat' dir='ltr'>lu·</span> 
     </span>
     <span class='ocr_line' id='line_1_81' title="bbox 654 2287 1185 2354; baseline 0.002 -15"><span class='ocrx_word' id='word_1_422' title='bbox 654 2299 712 2339; x_wconf 89' lang='lat' dir='ltr'>ctus</span> <span class='ocrx_word' id='word_1_423' title='bbox 737 2304 898 2354; x_wconf 91' lang='lat' dir='ltr'>quocunque</span> <span class='ocrx_word' id='word_1_424' title='bbox 921 2287 1052 2338; x_wconf 88' lang='lat' dir='ltr'>transibat</span> <span class='ocrx_word' id='word_1_425' title='bbox 1074 2287 1185 2340; x_wconf 86' lang='lat' dir='ltr'>Maria:</span> 
     </span>
     <span class='ocr_line' id='line_1_82' title="bbox 655 2361 1187 2428; baseline 0.006 -17"><span class='ocrx_word' id='word_1_426' title='bbox 655 2361 775 2428; x_wconf 91' lang='lat' dir='ltr'>plorabat</span> <span class='ocrx_word' id='word_1_427' title='bbox 797 2362 864 2427; x_wconf 92' lang='lat' dir='ltr'>ipsa,</span> <span class='ocrx_word' id='word_1_428' title='bbox 886 2361 1025 2427; x_wconf 91' lang='lat' dir='ltr'>plorabant</span> <span class='ocrx_word' id='word_1_429' title='bbox 1045 2371 1072 2412; x_wconf 91' lang='lat' dir='ltr'>et</span> <span class='ocrx_word' id='word_1_430' title='bbox 1092 2378 1187 2415; x_wconf 86' lang='lat' dir='ltr'>omnes</span> 
     </span>
     <span class='ocr_line' id='line_1_83' title="bbox 654 2432 1188 2498; baseline 0.004 -16"><span class='ocrx_word' id='word_1_431' title='bbox 654 2433 823 2483; x_wconf 88' lang='lat' dir='ltr'>ambulantes</span> <span class='ocrx_word' id='word_1_432' title='bbox 846 2448 907 2482; x_wconf 90' lang='lat' dir='ltr'>curn</span> <span class='ocrx_word' id='word_1_433' title='bbox 932 2447 974 2492; x_wconf 92' lang='lat' dir='ltr'>ea,</span> <span class='ocrx_word' id='word_1_434' title='bbox 999 2432 1140 2498; x_wconf 90' lang='lat' dir='ltr'>plorabant</span> <span class='ocrx_word' id='word_1_435' title='bbox 1162 2444 1188 2484; x_wconf 92' lang='lat' dir='ltr'>et</span> 
     </span>
     <span class='ocr_line' id='line_1_84' title="bbox 656 2501 1187 2554; baseline 0.002 -2"><span class='ocrx_word' id='word_1_436' title='bbox 656 2501 734 2552; x_wconf 89' lang='lat' dir='ltr'>multi</span> <span class='ocrx_word' id='word_1_437' title='bbox 749 2501 887 2552; x_wconf 89' lang='lat' dir='ltr'>venientes</span> <span class='ocrx_word' id='word_1_438' title='bbox 900 2501 1008 2552; x_wconf 85' lang='lat' dir='ltr'>obviarn</span> <span class='ocrx_word' id='word_1_439' title='bbox 1025 2503 1059 2554; x_wconf 91' lang='lat' dir='ltr'>ei.</span> <span class='ocrx_word' id='word_1_440' title='bbox 1074 2503 1117 2554; x_wconf 88' lang='lat' dir='ltr'>Sic</span> <span class='ocrx_word' id='word_1_441' title='bbox 1131 2503 1187 2553; x_wconf 91' lang='lat' dir='ltr'>uti-</span> 
     </span>
     <span class='ocr_line' id='line_1_85' title="bbox 655 2568 1187 2642; baseline 0 -17"><span class='ocrx_word' id='word_1_442' title='bbox 655 2590 708 2640; x_wconf 91' lang='lat' dir='ltr'>que</span> <span class='ocrx_word' id='word_1_443' title='bbox 729 2575 869 2626; x_wconf 90' lang='lat' dir='ltr'>deducitur</span> <span class='ocrx_word' id='word_1_444' title='bbox 897 2591 911 2625; x_wconf 93' lang='lat' dir='ltr'>a</span> <span class='ocrx_word' id='word_1_445' title='bbox 935 2568 1104 2642; x_wconf 83' lang='lat' dir='ltr'>plorantibus</span> <span class='ocrx_word' id='word_1_446' title='bbox 1126 2576 1187 2641; x_wconf 93' lang='lat' dir='ltr'>plo-</span> 
     </span>
     <span class='ocr_line' id='line_1_86' title="bbox 655 2645 1187 2714; baseline -0.004 -18"><span class='ocrx_word' id='word_1_447' title='bbox 655 2662 727 2706; x_wconf 89' lang='lat' dir='ltr'>rans,</span> <span class='ocrx_word' id='word_1_448' title='bbox 742 2663 885 2714; x_wconf 91' lang='lat' dir='ltr'>quousque</span> <span class='ocrx_word' id='word_1_449' title='bbox 906 2657 1064 2713; x_wconf 90' lang='lat' dir='ltr'>perventum</span> <span class='ocrx_word' id='word_1_450' title='bbox 1088 2655 1127 2696; x_wconf 91' lang='lat' dir='ltr'>est</span> <span class='ocrx_word' id='word_1_451' title='bbox 1153 2645 1187 2696; x_wconf 91' lang='lat' dir='ltr'>ad</span> 
     </span>
     <span class='ocr_line' id='line_1_87' title="bbox 655 2717 1186 2768; baseline -0.006 -1"><span class='ocrx_word' id='word_1_452' title='bbox 655 2718 767 2767; x_wconf 90' lang='lat' dir='ltr'>domum</span> <span class='ocrx_word' id='word_1_453' title='bbox 781 2717 900 2767; x_wconf 84' lang='lat' dir='ltr'>Ioannis.</span> <span class='ocrx_word' id='word_1_454' title='bbox 916 2719 984 2768; x_wconf 86' lang='lat' dir='ltr'>Cum</span> <span class='ocrx_word' id='word_1_455' title='bbox 1001 2727 1091 2767; x_wconf 88' lang='lat' dir='ltr'>autem</span> <span class='ocrx_word' id='word_1_456' title='bbox 1104 2731 1186 2765; x_wconf 87' lang='lat' dir='ltr'>vene-</span> 
     </span>
     <span class='ocr_line' id='line_1_88' title="bbox 656 2785 1187 2851; baseline -0.006 -15"><span class='ocrx_word' id='word_1_457' title='bbox 656 2797 718 2837; x_wconf 89' lang='lat' dir='ltr'>runt</span> <span class='ocrx_word' id='word_1_458' title='bbox 731 2788 763 2837; x_wconf 88' lang='lat' dir='ltr'>ad</span> <span class='ocrx_word' id='word_1_459' title='bbox 781 2788 903 2846; x_wconf 91' lang='lat' dir='ltr'>domum,</span> <span class='ocrx_word' id='word_1_460' title='bbox 922 2796 984 2836; x_wconf 91' lang='lat' dir='ltr'>tunc</span> <span class='ocrx_word' id='word_1_461' title='bbox 1005 2785 1064 2851; x_wconf 89' lang='lat' dir='ltr'>ipsa</span> <span class='ocrx_word' id='word_1_462' title='bbox 1083 2794 1187 2835; x_wconf 91' lang='lat' dir='ltr'>vertens</span> 
     </span>
     <span class='ocr_line' id='line_1_89' title="bbox 656 2855 1189 2914; baseline -0.013 -3"><span class='ocrx_word' id='word_1_463' title='bbox 656 2875 685 2911; x_wconf 90' lang='lat' dir='ltr'>se</span> <span class='ocrx_word' id='word_1_464' title='bbox 705 2873 799 2908; x_wconf 87' lang='lat' dir='ltr'>versus</span> <span class='ocrx_word' id='word_1_465' title='bbox 813 2857 935 2907; x_wconf 91' lang='lat' dir='ltr'>dominas</span> <span class='ocrx_word' id='word_1_466' title='bbox 959 2856 1028 2914; x_wconf 89' lang='lat' dir='ltr'>illas,</span> <span class='ocrx_word' id='word_1_467' title='bbox 1050 2855 1189 2906; x_wconf 90' lang='lat' dir='ltr'>inclinavit</span> 
     </span>
     <span class='ocr_line' id='line_1_90' title="bbox 657 2925 1191 2994; baseline -0.013 -13"><span class='ocrx_word' id='word_1_468' title='bbox 657 2945 686 2981; x_wconf 91' lang='lat' dir='ltr'>se</span> <span class='ocrx_word' id='word_1_469' title='bbox 709 2942 791 2994; x_wconf 89' lang='lat' dir='ltr'>agens</span> <span class='ocrx_word' id='word_1_470' title='bbox 810 2926 916 2992; x_wconf 88' lang='lat' dir='ltr'>gratias.</span> <span class='ocrx_word' id='word_1_471' title='bbox 941 2926 995 2976; x_wconf 84' lang='lat' dir='ltr'>111ae</span> <span class='ocrx_word' id='word_1_472' title='bbox 1019 2940 1081 2976; x_wconf 89' lang='lat' dir='ltr'>vero</span> <span class='ocrx_word' id='word_1_473' title='bbox 1107 2925 1191 2975; x_wconf 72' lang='lat' dir='ltr'>indi-</span> 
     </span>
     <span class='ocr_line' id='line_1_91' title="bbox 657 2995 1189 3055; baseline -0.011 -5"><span class='ocrx_word' id='word_1_474' title='bbox 657 3009 750 3050; x_wconf 90' lang='lat' dir='ltr'>nantes</span> <span class='ocrx_word' id='word_1_475' title='bbox 773 3012 802 3047; x_wconf 95' lang='lat' dir='ltr'>se</span> <span class='ocrx_word' id='word_1_476' title='bbox 825 2997 911 3046; x_wconf 89' lang='lat' dir='ltr'>eidem</span> <span class='ocrx_word' id='word_1_477' title='bbox 942 2995 1141 3055; x_wconf 82' lang='lat' dir='ltr'>valedixerunt,</span> <span class='ocrx_word' id='word_1_478' title='bbox 1164 3004 1189 3044; x_wconf 92' lang='lat' dir='ltr'>et</span> 
     </span>
     <span class='ocr_line' id='line_1_92' title="bbox 657 3066 1191 3136; baseline -0.011 -14"><span class='ocrx_word' id='word_1_479' title='bbox 657 3088 718 3122; x_wconf 91' lang='lat' dir='ltr'>cum</span> <span class='ocrx_word' id='word_1_480' title='bbox 739 3069 864 3136; x_wconf 87' lang='lat' dir='ltr'>lacrymis</span> <span class='ocrx_word' id='word_1_481' title='bbox 885 3078 1060 3118; x_wconf 88' lang='lat' dir='ltr'>recesserunt.</span> <span class='ocrx_word' id='word_1_482' title='bbox 1080 3066 1191 3118; x_wconf 91' lang='lat' dir='ltr'>intravit</span> 
     </span>
     <span class='ocr_line' id='line_1_93' title="bbox 657 3138 1189 3209; baseline -0.008 -16"><span class='ocrx_word' id='word_1_483' title='bbox 657 3158 720 3209; x_wconf 91' lang='lat' dir='ltr'>ergo</span> <span class='ocrx_word' id='word_1_484' title='bbox 744 3140 860 3190; x_wconf 88' lang='lat' dir='ltr'>Domina</span> <span class='ocrx_word' id='word_1_485' title='bbox 878 3140 1001 3200; x_wconf 91' lang='lat' dir='ltr'>domum,</span> <span class='ocrx_word' id='word_1_486' title='bbox 1020 3139 1058 3188; x_wconf 92' lang='lat' dir='ltr'>ibi</span> <span class='ocrx_word' id='word_1_487' title='bbox 1082 3138 1189 3198; x_wconf 88' lang='lat' dir='ltr'>resedit,</span> 
     </span>
     <span class='ocr_line' id='line_1_94' title="bbox 658 3208 1189 3279; baseline -0.009 -15"><span class='ocrx_word' id='word_1_488' title='bbox 658 3214 694 3264; x_wconf 91' lang='lat' dir='ltr'>ibi</span> <span class='ocrx_word' id='word_1_489' title='bbox 719 3211 879 3279; x_wconf 81' lang='lat' dir='ltr'>permansit3</span> <span class='ocrx_word' id='word_1_490' title='bbox 902 3220 928 3261; x_wconf 92' lang='lat' dir='ltr'>et</span> <span class='ocrx_word' id='word_1_491' title='bbox 948 3225 1005 3260; x_wconf 90' lang='lat' dir='ltr'>eam</span> <span class='ocrx_word' id='word_1_492' title='bbox 1027 3210 1142 3261; x_wconf 84' lang='lat' dir='ltr'>loannes</span> <span class='ocrx_word' id='word_1_493' title='bbox 1161 3208 1189 3259; x_wconf 91' lang='lat' dir='ltr'>in</span> 
     </span>
     <span class='ocr_line' id='line_1_95' title="bbox 657 3282 1191 3341; baseline -0.007 -5"><span class='ocrx_word' id='word_1_494' title='bbox 657 3300 706 3337; x_wconf 89' lang='lat' dir='ltr'>sua</span> <span class='ocrx_word' id='word_1_495' title='bbox 719 3300 782 3335; x_wconf 84' lang='lat' dir='ltr'>cura</span> <span class='ocrx_word' id='word_1_496' title='bbox 795 3294 821 3334; x_wconf 92' lang='lat' dir='ltr'>et</span> <span class='ocrx_word' id='word_1_497' title='bbox 833 3283 953 3333; x_wconf 88' lang='lat' dir='ltr'>custodia</span> <span class='ocrx_word' id='word_1_498' title='bbox 967 3282 1086 3341; x_wconf 89' lang='lat' dir='ltr'>retinuit,</span> <span class='ocrx_word' id='word_1_499' title='bbox 1102 3297 1131 3332; x_wconf 92' lang='lat' dir='ltr'>ac</span> <span class='ocrx_word' id='word_1_500' title='bbox 1143 3298 1191 3332; x_wconf 89' lang='lat' dir='ltr'>su·</span> 
     </span>
     <span class='ocr_line' id='line_1_96' title="bbox 658 3355 1192 3426; baseline -0.006 -17"><span class='ocrx_word' id='word_1_501' title='bbox 658 3374 705 3426; x_wconf 90' lang='lat' dir='ltr'>per</span> <span class='ocrx_word' id='word_1_502' title='bbox 725 3356 861 3425; x_wconf 90' lang='lat' dir='ltr'>propriam</span> <span class='ocrx_word' id='word_1_503' title='bbox 879 3366 991 3406; x_wconf 90' lang='lat' dir='ltr'>matrem</span> <span class='ocrx_word' id='word_1_504' title='bbox 1015 3355 1091 3404; x_wconf 91' lang='lat' dir='ltr'>omni</span> <span class='ocrx_word' id='word_1_505' title='bbox 1112 3356 1192 3406; x_wconf 90' lang='lat' dir='ltr'>corde</span> 
     </span>
     <span class='ocr_line' id='line_1_97' title="bbox 658 3427 1192 3494; baseline -0.006 -12"><span class='ocrx_word' id='word_1_506' title='bbox 658 3429 765 3482; x_wconf 89' lang='lat' dir='ltr'>amavit.</span> <span class='ocrx_word' id='word_1_507' title='bbox 789 3429 892 3479; x_wconf 77' lang='lat' dir='ltr'>Flebat‘</span> <span class='ocrx_word' id='word_1_508' title='bbox 906 3438 932 3478; x_wconf 91' lang='lat' dir='ltr'>et</span> <span class='ocrx_word' id='word_1_509' title='bbox 952 3427 1095 3494; x_wconf 90' lang='lat' dir='ltr'>plangebat</span> <span class='ocrx_word' id='word_1_510' title='bbox 1117 3429 1192 3479; x_wconf 89' lang='lat' dir='ltr'>valde</span> 
     </span>
     <span class='ocr_line' id='line_1_98' title="bbox 658 3497 1190 3564; baseline -0.008 -12"><span class='ocrx_word' id='word_1_511' title='bbox 658 3497 727 3552; x_wconf 88' lang='lat' dir='ltr'>cum</span> <span class='ocrx_word' id='word_1_512' title='bbox 739 3500 841 3550; x_wconf 82' lang='lat' dir='ltr'>Ioanne</span> <span class='ocrx_word' id='word_1_513' title='bbox 860 3507 886 3548; x_wconf 92' lang='lat' dir='ltr'>et</span> <span class='ocrx_word' id='word_1_514' title='bbox 899 3498 1055 3564; x_wconf 89' lang='lat' dir='ltr'>Magdalena</span> <span class='ocrx_word' id='word_1_515' title='bbox 1072 3508 1098 3548; x_wconf 93' lang='lat' dir='ltr'>et</span> <span class='ocrx_word' id='word_1_516' title='bbox 1111 3513 1190 3548; x_wconf 89' lang='lat' dir='ltr'>soro-</span> 
     </span>
     <span class='ocr_line' id='line_1_99' title="bbox 659 3567 1190 3622; baseline -0.011 1"><span class='ocrx_word' id='word_1_517' title='bbox 659 3571 734 3622; x_wconf 90' lang='lat' dir='ltr'>ribus</span> <span class='ocrx_word' id='word_1_518' title='bbox 747 3570 813 3620; x_wconf 91' lang='lat' dir='ltr'>suis.</span> <span class='ocrx_word' id='word_1_519' title='bbox 832 3568 956 3619; x_wconf 86' lang='lat' dir='ltr'>Solvebat</span> <span class='ocrx_word' id='word_1_520' title='bbox 972 3567 1065 3619; x_wconf 85' lang='lat' dir='ltr'>dolore</span> <span class='ocrx_word' id='word_1_521' title='bbox 1088 3581 1190 3619; x_wconf 90' lang='lat' dir='ltr'>amaras</span> 
     </span>
    </p>
   </div>
   <div class='ocr_carea' id='block_1_4' title="bbox 659 3635 1190 3769">
    <p class='ocr_par' dir='ltr' id='par_1_5' title="bbox 659 3635 1190 3769">
     <span class='ocr_line' id='line_1_100' title="bbox 659 3635 1190 3708; baseline -0.015 -14"><span class='ocrx_word' id='word_1_522' title='bbox 659 3644 798 3708; x_wconf 87' lang='lat' dir='ltr'>lacrymas,</span> <span class='ocrx_word' id='word_1_523' title='bbox 820 3639 882 3691; x_wconf 89' lang='lat' dir='ltr'>Filii</span> <span class='ocrx_word' id='word_1_524' title='bbox 901 3635 946 3690; x_wconf 58' lang='lat' dir='ltr'>&#39;sui</span> <span class='ocrx_word' id='word_1_525' title='bbox 971 3652 1086 3690; x_wconf 89' lang='lat' dir='ltr'>mortem</span> <span class='ocrx_word' id='word_1_526' title='bbox 1108 3637 1190 3687; x_wconf 91' lang='lat' dir='ltr'>nimis</span> 
     </span>
     <span class='ocr_line' id='line_1_101' title="bbox 659 3712 1189 3769; baseline -0.019 -3"><span class='ocrx_word' id='word_1_527' title='bbox 659 3730 775 3767; x_wconf 89' lang='lat' dir='ltr'>amaram</span> <span class='ocrx_word' id='word_1_528' title='bbox 798 3714 827 3764; x_wconf 90' lang='lat' dir='ltr'>in</span> <span class='ocrx_word' id='word_1_529' title='bbox 848 3713 927 3763; x_wconf 91' lang='lat' dir='ltr'>corde</span> <span class='ocrx_word' id='word_1_530' title='bbox 949 3727 998 3762; x_wconf 88' lang='lat' dir='ltr'>suo</span> <span class='ocrx_word' id='word_1_531' title='bbox 1014 3712 1142 3769; x_wconf 89' lang='lat' dir='ltr'>recolens,</span> <span class='ocrx_word' id='word_1_532' title='bbox 1159 3722 1189 3756; x_wconf 94' lang='lat' dir='ltr'>ac</span> 
     </span>
    </p>
   </div>
   <div class='ocr_carea' id='block_1_5' title="bbox 0 0 1327 4328">
    <p class='ocr_par' dir='ltr' id='par_1_6' title="bbox 0 0 1327 4328">
     <span class='ocr_line' id='line_1_102' title="bbox 0 0 1327 4328; baseline 0 0"><span class='ocrx_word' id='word_1_533' title='bbox 0 0 1327 4328; x_wconf 95' lang='lat' dir='ltr'> </span> 
     </span>
    </p>
   </div>
  </div>
 </body>
</html>
