2626 4328
147 305 198 370 572

146 421 325 488 coufiteretur,
353 419 415 485 quia
441 417 572 467 Dominus
595 416 677 466 Jesus

147 490 274 541 Christus
299 497 341 542 est
365 491 421 538 Rex
445 503 549 553 regum,
576 495 602 536 et
621 486 677 536 Do-

147 561 240 611 minus
254 559 461 615 dominantium,
475 561 502 609 in
518 555 611 622 gloria
626 555 679 605 Dei

147 631 259 694 Patris3
283 640 310 679 et
330 640 359 678 ut
382 627 470 677 omnis
488 627 581 692 lingua
601 640 678 675 com-

148 710 279 752 memoret
296 699 434 767 perfidiam
456 699 626 761 Judaeorum3
652 707 680 747 et

147 776 183 826 ad
206 775 404 825 ostendendum
432 773 521 839 ipsum
550 772 604 839 pati
629 786 678 836 pro

148 846 249 912 populo
263 845 354 896 omni-s
370 845 476 911 linguae,
491 856 517 895 er
535 846 574 895 eis
588 842 679 894 domi-

148 916 207 966 nari
229 917 257 967 in
275 927 443 983 perpetuum.
463 916 547 981 Cujus
568 916 678 983 signum

148 997 197 1048 cst,
232 988 303 1054 quod
334 987 434 1036 Pilatus
457 987 566 1037 titulum
592 986 680 1035 delere

148 1058 245 1118 noluit,
262 1057 305 1108 rel
323 1067 435 1118 mutare,
451 1057 512 1107 licet
528 1056 611 1108 Judaei
628 1056 680 1106 hoc

148 1137 287 1192 peterent3
317 1129 381 1193 quia
408 1127 534 1177 videbant
554 1127 627 1194 qood
649 1125 680 1177 in

148 1201 335 1253 verecundiam
351 1217 444 1251 eorum
460 1201 634 1259 redundabat,
648 1215 680 1250 eo

147 1273 228 1322 modo
243 1288 297 1339 quo
312 1273 369 1337 ipse
384 1272 499 1336 scripsit.
513 1272 590 1323 Unde
604 1272 681 1321 Pou-

147 1345 235 1412 tifires
248 1346 414 1406 Judaeorum,
431 1347 551 1396 volentes
571 1345 681 1396 titulum

149 1421 292 1485 corrigere,
316 1420 438 1469 dicebant
461 1420 554 1469 Pilato
582 1435 591 1469 .·
614 1417 683 1469 Noli

148 1491 274 1552 scribere,
290 1491 354 1540 Rex
367 1491 541 1552 Judaeorum,·
558 1490 606 1540 sed
620 1489 684 1555 quio

148 1565 207 1632 ipse
228 1564 325 1614 dixit:
341 1565 404 1614 Rex
428 1564 594 1613 Judaeorum.
614 1564 682 1614 Nam

149 1636 177 1684 in
195 1637 247 1685 hoc
268 1636 341 1702 quod
358 1635 435 1700 ponit
457 1652 462 1685 :
483 1637 547 1685 Rex
569 1635 685 1686 Judaeo-

148 1723 217 1768 rum,
233 1707 491 1758 ostenditurChristi
507 1707 683 1773 praeconium,

149 1785 175 1826 et
206 1777 359 1827 Judaeorum
388 1777 587 1843 opprobrium,
619 1778 684 1843 quia

149 1847 377 1896 contumeliosum
405 1859 460 1897 erat
487 1848 585 1898 Judaeis
610 1849 682 1913 quod

150 1916 270 1982 crucifigi
283 1915 402 1967 fecerunt
418 1933 508 1982 regem
526 1932 621 1979 suum;
636 1918 683 1967 sed

150 1987 173 2036 si
199 1999 344 2052 poneretur
366 2005 372 2037 :
401 1989 472 2049 Quia
497 1988 571 2038 dixit
591 1989 684 2038 :Rex

150 2070 210 2106 sum
222 2057 390 2120 Judaeorum,
413 2059 464 2107 hoc
478 2057 639 2108 redundaret
653 2057 682 2107 in

150 2129 252 2180 Christi
284 2131 480 2196 opprobrium,
510 2141 535 2180 et
557 2130 684 2180 indicaret

149 2199 206 2264 eius
226 2200 350 2266 culpam3
373 2211 399 2250 et
418 2200 469 2250 hoc
486 2199 536 2266 ipsi
559 2201 684 2251 intende-

153 2270 227 2331 bant,
253 2282 284 2320 ut
316 2271 418 2321 scilicet
441 2269 560 2321 crucifixi
583 2271 683 2321 famam

151 2342 295 2403 auferrent,
311 2343 365 2409 qui·
380 2344 433 2407 jam
450 2342 511 2393 vivo
526 2343 607 2393 vitam
620 2343 685 2393 abs-

150 2416 273 2466 tulerant.
295 2416 404 2466 Pilatus
424 2432 487 2466 vero
508 2416 594 2482 magis
616 2431 685 2466 con-

151 2487 272 2548 firmans,
287 2490 426 2554 respondit
446 2507 455 2539 .·
478 2489 556 2548 Quod
575 2489 683 2554 scripsi,

150 2557 257 2620 scripsi,
276 2557 303 2606 id
318 2569 358 2606 est
373 2558 551 2608 immobiliter
567 2568 593 2609 et
612 2558 686 2608 inde·
715 2558 718 2615 ζ

150 2627 267 2676 lebiliter
294 2629 399 2693 scripsi.
428 2630 511 2688 Quasi
541 2629 641 2679 diceret
677 2646 685 2680 2

151 2697 208 2746 Hoc
230 2706 271 2746 est
290 2713 383 2747 verum
407 2701 480 2764 quod
501 2698 611 2763 scripsi,
624 2698 684 2750 ideo

152 2783 207 2817 non
225 2768 349 2830 mutabo;
374 2783 428 2817 non
452 2782 596 2832 corrumpo
611 2768 684 2818 veri-

151 2848 242 2899 tatem,
264 2839 313 2889 etsi
328 2854 376 2889 vos
393 2838 508 2904 diligitis
530 2837 683 2889 falsitatem.

151 2912 257 2962 Iteratio
286 2911 359 2962 verbi
388 2910 559 2961 confirmatio
581 2921 623 2961 est
646 2911 684 2961 ti-

152 2983 201 3033 tuli
219 2993 250 3033 et·
269 2983 343 3049 regni
368 2981 478 3033 Christi.
506 2981 685 3032 immobilitas

151 3056 222 3106 tituli
246 3056 386 3106 immobile
416 3070 529 3121 regnum
552 3053 685 3120 significat

152 3128 263 3180 Christi.
279 3130 343 3179 Fuit
356 3129 607 3187 nutemserundum
624 3130 686 3178 Au-

151 3201 299 3264 gustinum,
316 3202 409 3250 titulus
421 3201 472 3250 iste
486 3199 662 3250 immutabilis
676 3215 683 3248 t

153 3284 208 3317 non
222 3270 286 3335 quia
302 3270 405 3320 Pilatus
419 3270 541 3335 scripsit;
560 3271 606 3319 sed
622 3269 686 3335 quia

153 3341 260 3392 Veritas
281 3343 339 3408 ipsa
365 3343 433 3392 dixit
459 3360 466 3393 t
492 3344 565 3405 Rex,
588 3342 685 3409 inquit,

152 3427 211 3462 sum
243 3415 409 3466 Judaeorum.
448 3416 523 3466 Unde
556 3416 687 3466 exclamat

153 3483 224 3534 idem
241 3487 413 3551 Augustinus
428 3504 436 3535 .·
451 3505 464 3532 «
479 3487 503 3536 Ο
523 3485 686 3536 ineffabilem

152 3554 210 3605 vim
233 3556 331 3607 divinae
356 3557 530 3622 operationis,
555 3557 638 3608 etiam
657 3556 686 3606 in

153 3625 279 3676 cordibus
295 3626 497 3693 ignorantium!
523 3628 621 3677 Nonne
639 3642 687 3676 oc-

153 3696 226 3747 culta
238 3699 360 3763 quaedam
376 3712 425 3746 vox
441 3698 524 3747 Pilato
536 3697 611 3747 intus
622 3712 686 3762 quo

153 3768 225 3829 dam,
249 3768 270 3818 si
288 3768 340 3817 dici
356 3778 453 3832 potest,
468 3769 586 3818 clamoso
600 3768 687 3818 stien-

154 3837 192 3887 ti'o
212 3839 385 3904 personabat,
401 3838 473 3904 quod
489 3839 570 3888 tacito
582 3848 644 3888 ante
659 3837 687 3886 in

156 3909 322 3961 Psalmorum
359 3908 456 3959 litteris
495 3909 686 3975 prophetatum

430 301 605 355 SECUNDAE
621 299 745 351 PARTIS
761 299 878 351 CAPUT
895 298 984 350 LXIII.

731 422 771 464 est
795 431 802 464 :
825 415 871 465 Ne
890 427 1046 481 corrumpas
1070 411 1143 462 tituli
1164 412 1260 463 inscri-

709 530 711 535 .
730 484 872 549 ptiouem?
894 484 955 534 ldeo
976 484 1051 534 enim
1068 483 1170 533 Pilatus
1190 482 1262 550 qood

709 559 856 625 ¹-scripsit,
884 558 1006 624 scripsit;
1032 557 1097 624 quia
1129 556 1261 607 Dominus

731 633 804 697 quod
820 631 897 692 dixit,
917 631 1007 681 dixit:
1024 650 1038 678 n
1055 630 1112 680 haec
1125 629 1262 696 Augusti·
1307 656 1311 687 2

731 716 790 752 itus.
812 702 1019 754 Commendavit
1034 713 1125 753 autem
1140 717 1208 753 eum
1219 701 1262 753 Pi·
1309 740 1311 753 .

731 772 810 832 latos,
826 773 897 831 licet,
920 774 1051 834 nesciens,
1068 774 1097 823 in
1114 773 1167 823 hoc
1184 774 1261 825 titulo
1309 818 1311 825 .

731 859 746 894 a
760 845 847 896 tribus
862 863 870 896 :
886 863 959 896 mors
972 847 1046 898 enim
1060 846 1176 908 Christi,
1189 860 1263 898 emtas

730 925 786 966 erat
798 917 967 967 remissionis
981 918 1066 983 culpae
1085 917 1152 983 quia
1165 918 1262 981 Jerus3

724 986 885 1037 collationis
915 988 1017 1054 gratiae,
1041 988 1107 1054 quia
1134 988 1264 1059 Nazare-

732 1073 782 1109 nus
790 1076 802 1121 ,-
820 1060 970 1125 adeptionis
994 1060 1095 1126 gloriae,
1121 1060 1189 1127 quia
1203 1062 1264 1113 Rex

732 1131 898 1194 Judaeorum,
924 1133 953 1182 in
976 1150 1032 1200 quo
1051 1149 1149 1185 omnes
1165 1132 1265 1185 erimus

711 1234 713 1261 ;
734 1217 817 1268 reges.
838 1203 906 1253 Tres
928 1219 992 1253 vero
1013 1203 1113 1270 linguae
1136 1204 1264 1271 praedicte

734 1272 767 1321 ad
802 1272 982 1340 principatum
1013 1274 1042 1324 in
1075 1274 1164 1326 crucis
1190 1275 1265 1327 titulo

735 1352 799 1392 sunt
832 1354 1010 1408 consecratae,
1040 1345 1105 1410 quia
1137 1346 1193 1399 illae
1215 1360 1268 1413 pre

735 1415 829 1467 ceteris
856 1418 1011 1469 eminebant
1043 1429 1070 1468 et
1106 1419 1266 1486 principales

735 1495 811 1536 erant
841 1503 848 1536 t
878 1488 997 1548 Hebraea,
1025 1499 1135 1553 propter
1158 1488 1266 1556 religio-

736 1571 808 1618 nem,
831 1567 857 1606 et
877 1558 983 1608 Judaeos
999 1557 1026 1607 in
1052 1558 1121 1625 Lege
1141 1559 1192 1610 Dei
1209 1560 1267 1627 glo-

736 1624 849 1690 riantes;
871 1629 970 1688 Graeca,
984 1638 1093 1694 propter
1107 1630 1267 1697 sapientiam

737 1706 763 1744 et
776 1697 905 1747 Gentium
921 1700 1070 1764 sapientes3
1087 1699 1185 1751 Latina
1195 1716 1268 1764 veto,

737 1780 846 1835 propter
873 1772 1041 1836 potentiam,
1070 1782 1097 1822 et
1131 1774 1266 1825 Romanos

737 1842 831 1892 multis
845 1859 875 1893 ac
889 1860 955 1910 pene
969 1845 1108 1909 omnibus,
1132 1847 1189 1911 jam
1205 1856 1267 1899 tunc

737 1915 861 1979 gentibus
877 1916 1046 1981 imperantes.
1062 1919 1100 1967 Ac
1123 1917 1147 1968 si
1164 1917 1266 1971 dicere-

713 1983 721 2053 J
737 1996 801 2035 tur:
820 1986 869 2035 Hic
885 1999 925 2036 est
940 1988 997 2038 Rex
1016 1988 1100 2039 totius
1122 1988 1266 2056 religionis,

736 2055 820 2105 totius
840 2057 986 2122 sapientiae,
1010 2058 1148 2124 totiusque
1170 2070 1268 2125 poten-

713 2174 716 2181 ,
737 2125 788 2176 tiae.
806 2128 870 2177 Haec
890 2143 954 2194 ergo
978 2139 1031 2179 tres
1054 2140 1158 2196 gentes,
1181 2141 1213 2183 ut
1234 2130 1268 2183 ait

713 2200 717 2253 i
736 2200 914 2265 Augustinus,
930 2201 982 2251 sibi
993 2202 1153 2266 dignitatern
1167 2203 1197 2253 in
1206 2220 1266 2255 cru-

714 2320 717 2325 ,
737 2284 766 2319 ce
780 2269 881 2321 Christi
896 2272 1051 2335 vendicant;
1068 2272 1097 2322 in
1109 2288 1165 2338 quo
1177 2273 1267 2340 signu·

737 2349 791 2399 tur,
803 2342 875 2406 quod
897 2356 943 2406 per
965 2357 1070 2391 crucem
1087 2341 1191 2394 Christi
1205 2344 1269 2395 sub·

714 2414 718 2433 ²
737 2411 823 2477 jugari
838 2421 864 2461 et
878 2413 996 2463 converti
1016 2413 1146 2465 deberent
1161 2414 1269 2467 :devoti

715 2534 717 2545 ,
738 2492 764 2532 et
787 2483 915 2548 religiosi,
934 2484 981 2551 qui
997 2484 1139 2550 signantur
1153 2502 1204 2552 per
1215 2487 1269 2537 Iin-

738 2572 819 2621 guam
849 2558 1025 2620 Hebraicam;
1051 2559 1197 2625 sapientes,
1225 2558 1270 2626 qui

715 2626 718 2645 ²
738 2642 785 2691 per
800 2628 935 2689 Graecam;
962 2637 988 2677 et
1011 2637 1145 2692 potentes,
1160 2627 1211 2694 qui
1225 2643 1271 2695 pu

716 2736 718 2745 .
737 2699 871 2748 Latinam.
888 2699 977 2748 Velint
990 2700 1078 2750 nolint
1090 2715 1155 2767 ergo
1170 2700 1274 2765 Judaei,

716 2784 718 2789 ·
738 2768 850 2817 diversae
874 2769 984 2834 linguae,
1011 2785 1092 2820 omne
1108 2770 1207 2822 muudi
1228 2786 1270 2823 re·

716 2854 718 2859 ·
737 2854 832 2905 gnum,
855 2841 945 2889 omnis
969 2842 1107 2892 mundana
1129 2841 1270 2908 sapientis,

737 2908 830 2958 omnia
843 2909 941 2960 divinae
956 2912 1036 2978 Legis
1050 2922 1218 2964 sacramenta
1230 2922 1272 2965 te-

737 2990 849 3040 stantur,
863 2983 925 3048 quia
939 2984 1020 3034 Jesus
1033 2984 1098 3034 Rex
1111 2989 1154 3035 est
1164 2984 1272 3036 Judaeo

737 3068 806 3117 rum,
826 3053 878 3103 hoc
894 3065 933 3103 est
943 3055 1090 3120 Imperator
1101 3055 1272 3108 credentium

737 3134 763 3174 et
775 3125 963 3174 confitentium
978 3127 1074 3176 Deum.

772 3210 803 3244 12
820 3195 874 3244 Pru
897 3211 1016 3245 rrruruu
1035 3212 1125 3246 crucrs
1142 3212 1272 3248 osmar-

725 3260 793 3314 ¹ruit
817 3265 927 3315 Cnnrsrr
948 3282 1110 3327 ruruuarrus,
1133 3282 1273 3319 nocum-

717 3366 719 3371 -
739 3350 794 3384 ruu
808 3351 841 3385 ax
855 3353 888 3385 xo
903 3353 936 3386 rr
950 3353 1056 3388 onxrro.
1074 3339 1171 3390 -Est
1190 3339 1273 3391 etitlm

716 3408 911 3468 morandum,
945 3411 1095 3460 secundum
1127 3410 1275 3479 Hierony·

716 3512 718 3517 ·
739 3492 818 3541 mum,
834 3479 906 3544 quod
927 3481 1024 3546 triplex
1040 3480 1222 3547 distinguitur
1237 3479 1275 3531 ti-
1306 3534 1311 3541 ,

740 3547 814 3599 tulus
829 3566 836 3599 t
852 3551 1026 3610 memorialis,
1047 3552 1157 3617 quando
1172 3550 1277 3602 scilicet

738 3619 829 3685 aliqua
843 3622 997 3671 scribuntur
1010 3622 1043 3672 ad
1056 3621 1219 3673 memoriam
1230 3619 1273 3671 in-

739 3689 795 3751 cti,
825 3691 940 3740 maxime
967 3704 1157 3753 mortuorum,
1180 3691 1221 3743 sic
1242 3688 1274 3741 lit

739 3760 877 3827 inscriptio
899 3778 979 3828 super
1002 3762 1145 3827 sepulchra
1158 3774 1272 3823 eorum

740 3837 916 3901 praeconialis,
934 3836 981 3903 qui
995 3836 1097 3887 scilicet
1112 3833 1275 3887 inscribitur

740 3910 768 3959 in
783 3910 948 3977 praeconium
965 3918 990 3959 et
1014 3909 1122 3960 tarnem
1136 3908 1276 3967 vivorum,
