2626 4328
128 223 179 274 582

124 341 197 404 juxta
214 337 266 388 hoc
279 335 353 402 quod
371 333 501 400 scriptum
516 341 565 392 est,
579 332 659 383 corde

125 409 244 461 crederet
266 406 299 457 ad
321 404 462 471 justitiam,
481 417 527 454 ore
551 401 658 453 conlite-

127 489 200 531 retur
216 477 385 528 adsalutem.
402 494 415 522 n
429 474 506 525 Unde
522 482 547 524 et
559 474 635 525 Beda
649 490 657 524 ε

127 569 140 598 a
155 547 223 609 Quis
236 547 317 612 hujus
330 544 442 596 latronis
462 544 584 614 animum
601 560 656 595 non

128 617 255 671 miretur?
270 617 328 667 lmo
342 614 458 680 juvantis
472 613 581 664 Domini
594 630 657 681 gra·

128 691 203 751 tiam,
226 686 289 754 quis
322 685 404 750 digne
426 684 554 749 miretur,
576 685 658 750 digna

128 764 274 832 gratiarum
303 759 407 811 actione
434 757 592 809 veneretur?
611 758 657 808 llle

127 833 174 901 qui
187 831 248 883 talis
262 830 296 880 ad
316 844 420 880 crucem
435 828 509 879 venit
523 843 555 880 ex
569 829 656 893 culpa,

127 920 187 957 ecce
210 902 299 969 qualis
312 916 327 951 a
341 916 418 952 cruce
431 901 529 952 recedit
549 916 581 951 ex
595 916 657 966 gra-

127 978 173 1030 tia.
191 975 373 1028 confitebatur
391 974 550 1034 Dominum,
575 988 657 1041 quem

126 1047 233 1101 videbat
252 1060 343 1096 secum
364 1044 484 1095 humana
502 1042 658 1094 infirmitate

127 1117 297 1177 morientem,
308 1117 417 1182 quando
438 1115 570 1182 negabant
583 1115 658 1180 Apo-

128 1191 190 1243 stoli
209 1206 281 1249 eum‚
296 1203 378 1256 quem
392 1187 522 1238 miracula
537 1187 659 1238 viderant

126 1261 217 1313 divina
238 1260 337 1311 virtute
362 1258 502 1310 facientem
528 1275 536 1308 ι
563 1279 576 1306 n
602 1257 658 1308 haec

127 1335 204 1387 Beda
217 1352 225 1385 :
240 1333 356 1384 Obsecro
373 1339 407 1393 te,
420 1331 542 1394 Domine,
554 1332 590 1383 da
608 1327 666 1382 mi-'

124 1408 154 1460 ln'
168 1407 258 1474 primo
283 1419 341 1457 cnm
363 1405 468 1455 latrone
487 1404 540 1455 isto
563 1419 660 1471 cogno

126 1490 209 1540 scere,
231 1482 256 1527 et
276 1476 371 1526 deinde
392 1475 432 1525 sic
448 1480 472 1525 te
494 1489 659 1540 cognoscens

126 1563 168 1600 me
184 1549 254 1598 sicut
272 1560 333 1597 vere
350 1551 518 1612 peccatorem
539 1546 660 1614 confiteri

126 1625 152 1670 ct
179 1616 356 1683 magnificare
377 1621 411 1673 tc,
435 1615 480 1681 qui
500 1615 558 1665 sine
580 1616 659 1682 culpa

122 1701 226 1755 passus
239 1701 268 1737 es
277 1686 371 1752 justus
381 1700 434 1751 pro
452 1685 570 1752 injustis.
583 1687 660 1737 Desi-

126 1759 225 1817 dercm,
249 1769 349 1821 quaeso,
369 1755 505 1818 Domine;
517 1762 607 1821 petam
633 1762 660 1806 et

128 1831 265 1897 impetrem
294 1829 392 1880 eisdem
421 1830 510 1880 verbis
529 1845 588 1881 cum
612 1844 659 1882 eo·

128 1902 185 1953 dem
203 1899 359 1952 :Memento
380 1900 440 1964 mei,
461 1901 581 1965 Domine,
596 1901 659 1952 dum

127 1973 232 2024 veneris
242 1972 268 2020 in
281 1985 394 2035 regnum
407 1977 487 2022 tuam.

159 2041 192 2092 23
210 2041 280 2100 Quru
298 2055 408 2091 ursrrca
434 2057 486 2091 uuo
506 2041 658 2093 alrannus?

127 2144 158 2154 -
173 2116 223 2166 Per
236 2114 303 2165 istos
317 2113 386 2164 duos
408 2113 526 2165 latrones
549 2115 660 2180 signan-

128 2196 173 2238 tur
194 2184 233 2234 iili
261 2183 308 2250 qui
330 2199 379 2249 pro
408 2183 521 2250 peccatis
534 2184 591 2235 suis
611 2200 660 2235 ex-

126 2254 248 2323 piandis,
274 2269 335 2304 cum
361 2254 469 2306 Christo
495 2255 661 2322 crucifigun-

124 2337 169 2378 tur
192 2341 239 2392 pcr
263 2325 459 2394 professionem
483 2326 512 2377 in
529 2328 661 2394 religione

124 2398 221 2451 factam
250 2414 257 2448 ε
286 2398 333 2448 sed
372 2397 457 2465 aliqui
491 2410 661 2451 revertuntur

125 2478 195 2528 actu,
213 2468 262 2518 etsi
275 2484 331 2518 non
351 2469 455 2530 habitu,
466 2472 498 2521 ad
514 2472 659 2522 secularem

124 2537 218 2602 vitam,
235 2539 269 2588 de
291 2538 390 2603 quibus
410 2539 476 2590 dicit
493 2543 659 2607 Apostolus:

126 2609 230 2659 Nomen
252 2608 305 2658 Dei
327 2609 526 2676 blasphematur
540 2627 592 2678 per
613 2628 660 2664 vos

127 2679 197 2729 inter
209 2677 315 2741 Gentes,
332 2680 466 2744 quoniam
483 2684 661 2734 scandalizant

127 2751 271 2811 seculares,
290 2760 316 2801 et
333 2752 377 2802 isti
393 2752 537 2818 signantur
551 2772 598 2820 per
618 2757 661 2807 la-

126 2832 233 2874 tronem
261 2821 509 2887 blasphemantem
532 2825 578 2875 alii
597 2841 660 2877 vero

124 2892 240 2960 professi
262 2906 368 2942 crucem
393 2892 558 2958 poenitentia*
577 2896 660 2946 susti-

126 2972 190 3014 nent
213 2963 317 3023 devote,
333 2977 380 3029 per
395 2963 564 3028 patientiam,
577 2975 602 3017 et
616 2967 659 3017 isti

126 3037 269 3104 signantur
294 3051 341 3102 per
367 3037 499 3088 latronem
520 3039 659 3092 Christum

127 3108 311 3159 confitentem.
327 3107 405 3160 Unde
421 3109 498 3160 Beda
511 3126 520 3161 .·
534 3129 548 3158 n
565 3112 661 3179 Mysti-

127 3193 166 3238 ce,
181 3179 300 3231 latrones
314 3179 361 3244 qui
385 3195 447 3231 cum
466 3180 584 3234 Domino
598 3184 660 3235 hinc

126 3249 188 3300 inde
203 3261 267 3301 sunt
288 3250 420 3312 crucifixi,
447 3251 600 3319 significant
614 3272 661 3307 eos

127 3320 175 3386 qui
191 3321 242 3372 sub
258 3320 310 3372 fide
324 3330 350 3371 et
364 3321 535 3374 confessione
549 3325 660 3389 Christi,

124 3389 168 3440 vel
182 3405 297 3456 agonem
320 3392 453 3456 martyrii,
473 3394 514 3444 vel
533 3397 661 3460 quaelibet

124 3460 297 3512 continentiae
315 3477 362 3512 seu
372 3462 523 3529 disciplinae
537 3467 661 3520 arctioris

125 3528 250 3581 instituta
288 3532 414 3582 subeunt.
450 3534 501 3582 Sed
527 3547 661 3604 quotquot

126 3601 185 3652 haec
208 3617 258 3668 pro
274 3614 373 3654 aeterna
393 3603 492 3664 solum,
506 3608 662 3676 coelestique

128 3671 213 3738 gloria
244 3683 350 3738 gerunt,
373 3673 402 3722 hi
432 3675 550 3739 profecto
575 3679 661 3732 dextri

126 3743 241 3796 latronis
255 3744 351 3797 merito
364 3754 389 3796 et
403 3745 456 3797 fide
476 3747 662 3815 designantur.

128 3815 164 3868 At
183 3815 230 3882 qui
249 3817 292 3870 vel
306 3816 433 3870 humana
447 3818 535 3871 laudis
551 3820 662 3890 intuitu,

413 215 589 269 SECUNDAE
605 212 728 264 PARTIS
741 212 859 266 CAPUT
872 214 964 265 LXIII.

711 328 753 380 vel
769 328 892 396 qualibet
906 329 1004 380 minus·
1020 328 1101 396 digna
1120 326 1245 379 intentio·

712 416 746 452 ne
761 401 851 452 seculo
862 401 1063 462 abrenuntiant,
1077 416 1133 451 non
1146 399 1245 450 imme-

710 470 763 521 rito
784 469 1010 537 blasphematoris
1030 479 1056 521 et
1079 468 1185 520 sinistri
1204 469 1245 520 la-

711 544 798 597 tronis
814 556 934 596 mentem
950 555 975 596 et
995 556 1069 596 actus
1093 543 1244 595 imitantur.

711 617 828 676 Quidam
844 618 913 668 duos
934 618 1049 668 latrones
1063 632 1127 667 cum
1147 615 1244 667 Domi-

711 703 746 738 no
761 686 900 738 crucifixos
919 688 1026 738 duobus
1047 686 1244 753 baptizatorum

709 757 855 828 generibus
904 769 1029 826 coaptant
1055 775 1062 808 ι
1090 759 1245 824 Quicunque

709 831 777 883 enim
801 830 933 898 baptizati
957 843 1049 881 sumus
1081 828 1108 878 in
1136 828 1244 880 Christo

708 905 783 966 iesu,
795 903 822 955 in
840 903 1022 970 morteipsiur
1037 901 1172 969 baptizati
1194 915 1244 952 su-

711 990 778 1029 mus.
795 976 884 1026 Ambo
898 989 1015 1041 namque
1033 973 1138 1024 similes
1153 972 1243 1025 cruci-

710 1048 756 1098 fixi
771 1063 778 1098 :
791 1047 837 1098 sed
859 1061 932 1096 unus
957 1045 986 1095 in
1007 1059 1087 1096 cruce
1112 1043 1242 1110 blasphe-

711 1133 773 1169 mus
800 1117 893 1184 pejor,
919 1117 986 1166 alter
1011 1124 1051 1166 est
1076 1112 1246 1165 confessione

712 1191 811 1256 Martyr
838 1187 955 1238 effectus.
977 1187 1048 1246 Quia
1070 1201 1119 1252 per
1151 1184 1246 1250 Bapti-

711 1280 802 1315 smum
816 1279 870 1329 quo
885 1278 946 1312 cum
956 1271 1108 1327 peccatores
1125 1272 1246 1310 essemus

711 1335 847 1386 abluimur
861 1350 868 1382 :
884 1331 930 1382 alii
944 1331 1009 1381 dum
1021 1330 1108 1381 Deum
1121 1329 1151 1379 in
1165 1344 1248 1380 carne

712 1423 830 1474 passum,
845 1405 907 1465 fide,
924 1420 980 1470 spe,
996 1403 1106 1454 caritate
1126 1402 1247 1463 laudant,

712 1486 890 1539 coronantur;
905 1475 951 1526 aiii
969 1474 1035 1524 dum
1048 1482 1094 1522 aut
1106 1470 1190 1522 fidem
1202 1482 1248 1523 aut

712 1563 792 1613 opera
811 1545 982 1613 Baptismatis
1005 1543 1104 1594 habere
1119 1552 1247 1604 renuunt,

712 1622 784 1671 dono
807 1620 880 1686 quod
904 1632 1029 1685 accepere
1043 1616 1186 1682 privantur
1208 1632 1247 1668 :n

712 1693 768 1741 haec
785 1690 871 1740 Beda.
885 1689 964 1749 Quod
983 1687 1063 1738 etiam
1082 1685 1150 1737 alter
1170 1686 1250 1737 latro·

712 1778 779 1813 num
802 1761 998 1819 murmurabat,
1025 1760 1092 1809 alter
1115 1773 1181 1819 nou,
1207 1757 1248 1810 si·

712 1835 821 1902 gnificat
853 1835 927 1901 quod
964 1831 1167 1883 tribulationem
1200 1828 1246 1882 alii

711 1905 843 1971 patienter
867 1903 1019 1963 sustinent,
1060 1911 1087 1952 et
1120 1915 1250 1952 coronam

713 1986 867 2034 merentur,
887 1973 933 2024 alii
962 1989 1017 2022 non
1039 1971 1175 2022 sustinent
1198 1984 1248 2038 pa·

714 2044 831 2109 uenter,
860 2053 886 2093 et
913 2041 1115 2093 damnationem
1152 2055 1251 2093 conse·

713 2122 844 2181 quuntur.
875 2113 954 2164 Unde
982 2113 1015 2162 de
1039 2109 1247 2177 impatientibus

713 2185 752 2236 sic
774 2185 812 2236 ait
836 2185 922 2251 Hugo
937 2200 947 2234 .-
962 2201 975 2230 (ι
990 2182 1092 2234 Dicunt
1119 2181 1249 2232 homines

713 2260 821 2327 quando
842 2273 950 2324 poenam
974 2256 1111 2307 sustinent
1127 2253 1179 2306 :Si
1195 2269 1250 2305 me-

712 2329 872 2389 ruissemus,
905 2343 960 2378 non
1014 2327 1251 2388 erubesceremus;

713 2418 786 2454 nunc
807 2412 901 2453 autem
930 2400 1029 2466 injuste
1058 2397 1111 2465 pati
1139 2408 1166 2450 et
1192 2396 1253 2449 sine

712 2475 808 2541 culpa,
841 2472 921 2524 nobis
958 2469 1175 2538 ignominiosum
1202 2479 1253 2520 est.

713 2546 770 2596 lmo
784 2543 886 2595 verosi
902 2558 950 2609 pro
967 2542 1045 2607 culpa
1059 2539 1169 2606 pateris,
1185 2554 1250 2590 eru·

713 2617 804 2679 besce3
825 2615 848 2665 si
872 2613 932 2664 sine
955 2612 1043 2678 culpa,
1059 2610 1182 2676 gloriare.
1198 2608 1254 2660 La·

713 2695 755 2736 tro
770 2685 855 2751 magis
867 2685 908 2735 vis
922 2699 989 2742 esse,
1004 2696 1087 2748 quam
1105 2678 1250 2742 Christus;

713 2766 740 2806 et
768 2755 836 2805 forte
856 2754 964 2804 sinister
985 2761 1011 2802 et
1038 2748 1254 2815 blasphemator,

714 2844 769 2879 non
788 2827 935 2878 confessor.
949 2827 994 2877 Tu
1015 2824 1088 2875 enim
1105 2838 1155 2889 pro
1171 2822 1256 2889 culpa

714 2896 814 2964 pateris
840 2907 865 2948 et
886 2897 991 2962 culpam
1005 2893 1140 2960 agnoscis,
1154 2901 1180 2944 et
1198 2892 1253 2943 Ju-

714 2973 802 3024 dicem
818 2988 873 3023 non
884 2970 1030 3022 veneraris.
1046 2987 1060 3018 n

746 3059 783 3109 24
804 3043 970 3094 Docuuuurn
986 3057 1049 3092 rtun
1071 3056 1105 3090 ux
1127 3053 1255 3089 nausto-

714 3131 749 3166 ns
771 3130 901 3166 carnotus
933 3127 1045 3163 stnrsrnr
1076 3125 1110 3160 ur
1143 3123 1253 3160 ουτω.

713 3213 746 3223 -
778 3184 927 3237 Considera
952 3198 1022 3232 nunc
1047 3195 1130 3248 quam
1162 3177 1255 3245 magni

715 3255 860 3322 despectus
887 3253 939 3303 fuit
962 3250 1054 3302 illusio
1082 3248 1197 3301 latronis
1217 3247 1256 3299 si·

714 3325 811 3388 nistri,
837 3339 869 3374 eo
892 3323 967 3389 quod
988 3333 1045 3372 tam
1069 3319 1133 3371 vilis
1156 3326 1182 3370 et
1196 3333 1256 3370 sca·

713 3397 812 3446 leratus
836 3394 929 3453 homo,
954 3401 980 3442 et
998 3393 1054 3457 jam
1079 3390 1112 3441 ad
1137 3396 1254 3441 mortem

713 3471 867 3525 damnatus,
884 3477 910 3516 et
920 3482 984 3517 mox
997 3481 1045 3532 pro
1063 3464 1121 3515 suis
1135 3460 1255 3515 vulneri·

715 3543 765 3594 bus
790 3540 938 3592 moriturus
955 3537 1095 3590 insultavit
1114 3535 1177 3588 vitae
1194 3536 1254 3587 Au·

714 3615 790 3666 ctori.
806 3615 846 3665 Ex
857 3613 909 3663 hoc
929 3610 1040 3662 articulo
1057 3608 1195 3662 illusionis
1211 3606 1255 3659 la-

715 3685 803 3738 tronis
829 3684 944 3735 habetur
963 3682 1160 3733 documentum
1189 3678 1254 3738 tale.

717 3756 790 3824 quod
823 3755 960 3806 discamus
995 3751 1119 3817 exemplo
1147 3746 1251 3802 Christi

720 3827 869 3881 calumnias
881 3825 961 3879 etiam
973 3838 989 3878 a
1000 3823 1104 3876 vilibus
1126 3815 1253 3891 personis
