2626 4328
102 226 153 278 532

102 342 209 409 publice
223 341 350 407 arguebat
363 339 429 391 vitia
448 354 552 389 eorum.
575 339 635 388 Ma·

103 430 195 481 gnam,
212 424 242 464 ut
264 412 367 463 dietum
391 421 441 469 est,
467 410 635 476 diligentiam

105 485 206 536 Pilatus
225 483 353 543 ostendit,
366 492 400 532 ut
412 481 553 531 Christum
567 481 636 530 libe-

103 565 174 607 raret
201 571 209 605 ι
241 555 340 621 primo,
369 567 418 618 per
443 551 634 615 innocentiam,

103 628 169 695 quia
184 642 283 679 manue
302 624 418 676 Herodis
438 635 573 687 evaserat;
590 638 635 674 ae-

103 700 204 758 eundo‚
233 713 281 763 per
308 695 545 758 consummem,
571 694 636 761 quia

103 787 166 821 eum
192 768 402 834 praeeligendum
434 766 579 828 credebat3
606 767 635 814 in

102 858 157 908 quo
171 841 262 891 datum
277 849 317 889 est
331 840 489 904 exemplum
496 837 635 888 laborandi

102 912 135 962 ad
150 910 339 961 liberationem
357 909 540 960 innoeennrm.
557 907 635 958 Unde

104 981 314 1047 Chrysostomua
338 997 347 1030 .·
372 999 386 1027 a
401 981 436 1031 lit
459 981 566 1030 inurere
588 994 634 1029 sa—

102 1052 215 1118 pienter,
240 1051 384 1102 nonenim
401 1050 478 1113 dixit,
495 1049 559 1116 quia
573 1065 634 1116 pec-

100 1123 175 1175 cauit.
190 1133 216 1172 et
238 1123 338 1188 dignus
360 1131 399 1173 est
424 1132 519 1180 morte,
540 1120 633 1171 donari

103 1211 165 1245 eum
190 1210 223 1244 ex
244 1194 330 1257 festo;
357 1195 408 1244 sed
427 1193 550 1259 primum
569 1208 632 1242 eum

100 1281 231 1317 excusans
246 1275 271 1316 et
295 1281 392 1316 eruens
411 1281 429 1316 a
448 1279 529 1316 causa
546 1265 632 1329 omni,

102 1348 191 1390 tamen
212 1348 289 1404 nogat
303 1355 338 1389 eit
350 1337 589 1402 superabundanti,
604 1347 634 1388 ut

102 1410 124 1461 si
141 1411 252 1461 nollent
263 1409 405 1460 innoxium
419 1408 562 1470 dimittere,
578 1409 633 1459 sal-

100 1494 155 1535 tem
181 1494 213 1534 ut
237 1482 386 1533 obnoxium
409 1482 540 1532 donarent
565 1481 632 1532 festo

99 1557 141 1606 vel
156 1553 307 1618 tempori.»

132 1626 250 1676 3V1suu
264 1639 359 1674 uronis
381 1624 482 1673 Pinari.
498 1651 528 1662 -
544 1623 630 1683 Turre,

99 1696 206 1745 radente
225 1694 276 1744 illo
290 1708 350 1758 pro.
362 1693 496 1743 tribunali
508 1693 633 1744 nunt-ad

99 1780 158 1816 aum
182 1779 256 1814 uxor
281 1778 341 1824 sica,
370 1763 484 1814 nomine
511 1763 630 1823 Procula,

96 1836 189 1887 dicens
204 1833 303 1885 :Nihil
323 1835 370 1884 tihi
391 1840 416 1884 et
432 1834 509 1900 justo
531 1833 573 1884 ati
596 1833 632 1885 sit

98 1923 194 1966 causae,
223 1907 267 1956 vel
291 1917 384 1956 contra
411 1907 514 1971 justum
542 1905 630 1955 illum.

97 1979 186 2040 Quasi·
198 1977 299 2029 diceret
311 1994 318 2026 :
335 1977 412 2028 Nihil
425 1977 524 2027 habeas
534 1993 630 2035 causae,

99 2049 323 2100 necintromittas
331 2059 357 2098 te
368 2049 402 2098 ad
415 2047 630 2099 interficiendum

98 2119 239 2171 huminem
266 2119 354 2179 illum,
383 2119 447 2184 quia
469 2119 557 2183 justus
581 2129 630 2169 est.

97 2192 189 2244 Multa
215 2192 284 2242 enim
303 2205 391 2256 passa
414 2206 471 2242 sum
487 2190 566 2241 hodie
578 2204 630 2256 per

97 2263 193 2327 uisum,
208 2273 234 2313 et
248 2263 277 2313 in
291 2262 415 2322 somniis,
428 2267 541 2328 propter
556 2276 625 2312 euim

97 2335 171 2386 Uror
196 2335 287 2401 itaque
309 2334 424 2386 Gentilis
446 2333 496 2384 viri
525 2333 576 2383 hoc
600 2333 628 2384 in

94 2405 249 2457 visionibus
276 2416 302 2455 et
333 2404 452 2455 somniis
476 2403 627 2463 intellexit,

96 2478 170 2543 quod
183 2479 268 2528 Judaei
282 2478 426 2544 vigilantes
446 2493 499 2528 nec:
511 2479 627 2538 credere,

97 2563 148 2597 nee
167 2547 315 2613 intelligere
331 2551 481 2599 voluerunt.
499 2549 628 2599 Diabolus

97 2617 200 2684 quippe
216 2630 374 2683 apparuerat
387 2621 422 2680 ei,
442 2635 552 2670 movens
569 2635 627 2670 eam

96 2688 255 2748 terroribus,
271 2689 303 2738 ad
316 2689 503 2741 liberationem
516 2689 627 2740 Christi.

96 2762 176 2813 Nune
190 2761 264 2812 enim
281 2762 393 2812 demum
408 2761 537 2813 diabolus
546 2762 628 2812 intel·

93 2834 184 2899 ligens
209 2850 256 2900 per
285 2834 424 2887 Christum
455 2849 504 2884 sira
528 2834 626 2898 spolia,

95 2905 152 2955 sive
172 2905 202 2955 in
224 2907 337 2965 mundo,
359 2905 415 2955 sive
433 2905 465 2955 in
476 2914 575 2956 tartaro
598 2920 627 2955 se

94 2974 270 3035 amissurum,
292 2975 420 3042 poenituit
437 2975 513 3042 quod
530 2972 628 3027 fecerat

95 3047 291 3111 comprehendi
303 3063 381 3107 eum,¹
399 3055 425 3098 et
439 3047 499 3097 ideo
512 3045 627 3096 immisit

94 3117 213 3169 visiones
237 3120 301 3170 huic
320 3119 438 3180 mulieri,
464 3129 495 3179 ut
507 3134 555 3184 per
568 3135 626 3170 eam

94 3187 272 3253 impediretur
285 3206 361 3240 mors
374 3189 494 3252 Christi;
518 3198 544 3239 et
558 3189 627 3241 sicut

94 3259 226 3325 priuspar
236 3262 376 3313 mulierem
387 3263 515 3313 intulerat
523 3263 626 3313 mundo

94 3339 222 3391 mortem,
249 3333 285 3383 ita
312 3333 407 3383 modo'
423 3333 521 3399 satagit
544 3333 625 3384 Chri-

93 3410 171 3452 stum
183 3403 218 3452 de
239 3405 538 3476 manibusludauorum
555 3405 626 3457 libe-

92 3488 157 3542 rare*
166 3489 212 3538 per
232 3476 388 3538 mulierem,
405 3492 439 3526 ne
462 3492 510 3542 per
523 3477 623 3529 Christi

92 3554 214 3597 mortem
232 3548 332 3599 mortis.
346 3548 453 3599 amittat
469 3549 623 3614 imperium.

87 3617 149 3670 >iam
172 3619 288 3684 quidem:
305 3620 354 3671 Dei
382 3631 451 3672 nutu
477 3631 503 3672 et
524 3621 625 3673 virtute

89 3697 199 3752 poterat
209 3690 372 3755 mysterium
383 3691 473 3742 crucis
483 3706 624 3757 cognosce·

92 3772 129 3820 re,
156 3769 183 3809 et
206 3760 273 3811 ideo.-
290 3761 428 3813 laborabat
448 3778 480 3813 ne
498 3762 623 3814 Christus

91 3835 347 3887 morentini-'orte
362 3836 421 3901 jam
429 3836 524 3887 Sancti
535 3835 570 3887 in.
579 3835 623 3887 irr-

392 223 567 274 SECUNDAE
582 220 709 271 arturis
724 221 842 274 CAPUT
854 223 934 275 [ΧΠ.

689 339 770 389 farno
782 339 942 405 gaudebant,
955 340 1027 390 unde
1038 340 1093 390 hoc
1101 350 1215 392 noverat.

690 410 777 468 Nam,
803 420 834 460 ut
858 411 897 461 ait
920 412 1102 476 Augrutinus,
1129 412 1216 465 anima

688 479 779 529 Lazari
801 491 921 530 revocata
938 482 971 537 ad
986 496 1112 546 superos,
1122 481 1216 534 anim

688 549 716 598 in
732 549 838 600 inferno
860 562 1044 618 cognorerunt
1069 552 1216 605 Dominum

688 623 721 672 de
745 623 872 689 prosimu
885 626 1080 675 descensurum·
1093 626 1132 676 ad
1151 624 1216 677 iub

687 711 742 757 ros,
756 698 829 748 unde
855 714 890 749 er
911 708 975 748 tunc
998 698 1174 762 laetabantur3
1193 708 1217 751 et

688 767 807 818 maxime
834 769 959 819 diabolus
992 769 1049 818 boc·
1072 769 1215 834 cognovit,

687 854 749 888 cum
765 839 904 890 Dominus·
918 842 1035 890 clamore
1054 840 1153 890 valido·
1168 840 1218 892 ni-

688 926 760 961 mam
790 912 941 975 exhalavit;
971 913 1033 971 vel,
1062 911 1146 961 etiam
1173 927 1216 978 pe

687 981 885 1046 Scripmmrum
897 983 1085 1048 impletionem
1097 983 1156 1035 hoe
1165 999 1218 1051 pta

687 1052 790 1118 pendit,
814 1052 879 1118 quia
901 1054 930 1103 in
949 1055 1069 1104 Domi-no
1093 1070 1140 1105 eas
1163 1055 1217 1106 im

687 1126 753 1191 pleri
777 1126 854 1177 vidit.
876 1127 954 1185 Quod
979 1143 1042 1192 ergo
1056 1143 1125 1179 uxor
1140 1129 1217 1181 aaut

687 1206 713 1246 et
726 1196 783 1262 ipse
797 1196 905 1247 Pilatus
915 1197 1036 1247 fecerunt
1048 1207 1156 1248 tantum
1171 1213 1217 1265 pro

686 1266 846 1317 liberatione
868 1267 985 1328 Christi,
1003 1278 1091 1318 totum
1112 1279 1218 1335 pubium

686 1337 770 1389 fuisse
782 1354 814 1388 ex
828 1339 958 1389 instinctu
978 1339 1091 1400 diaboli,
1106 1340 1160 1406 qui
1173 1356 1217 1407 pm

688 1409 806 1458 Pilatum
826 1419 854 1458 et
875 1410 931 1474 ejus
953 1424 1066 1459 uxorem
1084 1409 1218 1463 niteam:

686 1478 817 1545 impedire
843 1490 962 1529 nostram
990 1480 1216 1545 redemptionem

685 1550 834 1601 sicmolim
846 1567 894 1616 per
905 1551 996 1601 ridant
1012 1560 1039 1601 et
1055 1550 1143 1602 Eram
1156 1551 1218 1604 inuit

688 1631 808 1671 nostram
820 1621 1031 1671 damnationem.

718 1709 737 1757 4
749 1694 836 1744 lunai
847 1694 968 1744 Canrsro
984 1695 1218 1747 Barnaeum-

685 1780 809 1828 annuus,
822 1781 928 1822 eurania
940 1781 980 1816 ris
990 1766 1114 1817 sarrensi
1124 1794 1157 1807 ·-
1168 1767 1217 1819 Pii·

684 1835 755 1886 latus
769 1850 832 1900 ergo
845 1835 984 1901 quaerebat
1003 1835 1037 1885 ab
1060 1836 1113 1900 eis,
1135 1852 1217 1903 quem

684 1907 785 1955 uellent
808 1917 916 1971 propter
939 1905 1069 1955 bonorem
1086 1905 1150 1959 tau
1164 1907 1216 1960 nbi

684 1977 786 2027 dimitti
815 1978 849 2027 de
875 1978 984 2027 duobus
1009 1979 1165 2042 praedictis,
1191 1990 1218 2031 et

684 2048 761 2114 quasi
786 2049 951 2100 exhortativa
975 2050 1109 2113 expressit
1134 2050 1217 2103 Cliti-

684 2133 768 2182 stum,
792 2137 920 2188 quaerens
943 2122 969 2172 si
990 2124 1090 2173 vellent
1113 2123 1216 2175 dimitti

683 2212 774 2262 regem
786 2196 950 2246 Judaeorum.
973 2196 1028 2261 lpsi
1047 2211 1111 2247 vero
1128 2197 1216 2248 nimio

682 2268 852 2318 odiocnntra
867 2267 1008 2319 Christum
1023 2267 1101 2326 moti,
1118 2279 1150 2319 et
1166 2269 1217 2319 ob-

682 2337 778 2388 stinato
807 2337 887 2387 corde
923 2337 953 2386 in
981 2336 1085 2387 malitia
1113 2339 1216 2404 perdu-

681 2418 793 2468 rantes,
823 2424 857 2458 ne
884 2407 1009 2458 Christus
1035 2407 1215 2469 liberatem,

682 2480 880 2546 praeelegenint
900 2488 926 2529 et
953 2477 1088 2542 petierunt
1117 2479 1216 2531 Barm-

681 2552 743 2602 bam
764 2551 904 2602 hominem
931 2547 1090 2614 pestiferum
1113 2549 1216 2603 dimitti

681 2632 708 2672 et
733 2621 858 2682 liberariJ
878 2620 1022 2670 Christum·
1042 2635 1107 2669 vero
1130 2619 1215 2672 inno.-

682 2701 788 2742 centem
803 2691 863 2741 tolli
875 2691 907 2740 de
924 2689 1013 2754 medio
1035 2699 1064 2739 et
1084 2690 1214 2757 crucifigi.

682 2762 815 2813 Putabant
827 2761 909 2820 enim,
924 2770 954 2810 ut
970 2759 1036 2809 dicit
1050 2760 1215 2828 Chrysam

680 2849 746 2894 mus,
768 2834 822 2883 hoe
840 2847 871 2883 se
892 2847 971 2898 posse
993 2841 1126 2896 astruere,
1139 2833 1213 2899 quod

680 2905 757 2955 lasus
770 2903 887 2953 deterior
899 2912 969 2953 esset
982 2903 1097 2962 latrone,
1107 2912 1137 2955 et
1147 2904 1213 2955 adh)

680 2991 806 3042 nequam,
822 2984 854 3025 ut
865 2990 952 3040 neque
969 2990 1017 3040 pro
1032 2974 1095 3025 festi
1109 2990 1213 3040 praeto·
1247 3006 1252 3017 ·

681 3049 769 3115 gativa
781 3048 894 3099 deberet
904 3046 1026 3097 liberari„
1036 3048 1065 3096 ln
1076 3063 1132 3112 quo
1142 3047 1214 3100 firm

680 3138 775 3173 eorum
789 3119 940 3172 ostenditur
955 3118 1052 3170 lutura
1065 3118 1214 3173 infidelita-

679 3194 713 3245 tis
736 3208 875 3251 mannum,
900 3191 1001 3241 scilicet
1020 3190 1212 3246 antichristum

681 3265 791 3316 Christo
805 3261 1009 3329 praeferandumt
1025 3262 1159 3314 Latrones
1170 3263 1214 3315 ln-

679 3346 784 3388 trouem
816 3331 963 3398 petierunt,
993 3342 1020 3382 et
1045 3332 1212 3386 homicidam

678 3403 858 3458 auctoriritae
873 3404 1055 3467 praetulerunt.
1070 3402 1154 3462 Quod
1162 3406 1212 3456 'rm-

679 3490 826 3543 pnoperaus
840 3473 884 3526 eis.
896 3475 990 3525 beatus
1000 3475 1104 3525 ¹Petrus
1119 3486 1212 3540 poam

678 3546 812 3598 dicebat:
837 3545 892 3597 Vua
917 3554 1036 3595 sanctum
1058 3550 1083 3595 at
1104 3544 1211 3611 juetam
1245 3544 1248 3549 '

678 3616 849 3682 &petiiset
859 3616 981 3681 petiistis
994 3616 1082 3665 virum
1098 3615 1210 3668 homd-

678 3690 740 3741 dam
762 3688 862 3740 deviari
885 3688 1130 3750 romanarum·
1146 3701 1210 3738 rau

677 3761 744 3812 vitm
764 3759 951 3825 interfecistis..
964 3758 988 3809 O
1004 3768 1107 3824 quanta
1123 3757 1211 3810 infeli·

676 3832 753 3885 aiu-m
762 3831 919 3883 uteorum
930 3828 1061 3894 iniquitas
1083 3839 1111 3881 et
1130 3828 1209 3881 mali-
