2626 4328
10 189 11 196 ἵ
90 224 270 284 QUOMODO
288 227 372 277 DOM.
382 227 568 279 APPARUIT.
580 229 709 282 UNDEC.
723 231 844 283 DISCIP.
854 233 888 283 IN
901 233 1026 295 GALlL.‚
1041 234 1118 284 ETC.
1137 231 1188 299 733

465 709 635 782 CAPUT
659 713 792 782 LXXX

118 985 301 1073 Quomodo
322 975 495 1055 Dominus
517 972 685 1079 apperuit
704 987 863 1057 undecim
888 988 1077 1081 discipulis
1098 991 1136 1060 in

229 1100 390 1183 Gul‘lcee,
412 1114 445 1170 et
468 1102 573 1170 etiem
591 1102 795 1207 quingentis
817 1104 1018 1194 frutribus.

466 1374 611 1438 Matthaei
633 1397 700 1461 cap.
725 1380 778 1440 28.

94 1656 104 1688 r
128 1641 277 1689 Annnnrrro
299 1654 464 1688 enrncrrsurs
482 1640 594 1690 Cunrsrr
649 1641 768 1705 Thabor,
789 1643 818 1692 in
843 1643 1053 1709 quo-Dominus
1076 1643 1186 1694 transli-

58 1728 86 1762 uc
114 1728 203 1762 nonna
229 1713 372 1761 Gnunn
386 1731 426 1748 ·-
455 1712 595 1762 Posthaee
649 1722 759 1778 guratus
782 1713 843 1774 fuit,
865 1715 913 1781 qui
938 1730 1000 1766 vere
1025 1715 1054 1765 in
1078 1716 1186 1767 Galilrea

58 1783 180 1833 undecim
196 1782 322 1848 discipuli
340 1782 465 1832 obierunt
482 1783 510 1831 in
534 1783 594 1832 Ga·
649 1783 783 1834 consistit.
806 1783 845 1835 lbi
863 1785 936 1834 eninr
961 1786 1062 1851 paucis,
1084 1787 1186 1839 scilicet

58 1855 168 1917 libeant,
184 1853 332 1903 secundum
345 1853 504 1903 mandatum
519 1853 595 1904 Chri·
649 1855 736 1906 tribus
745 1855 895 1922 discipulis
903 1858 1060 1908 ostenderat
1068 1858 1185 1923 gloriam

58 1928 95 1977 sti
115 1937 142 1976 et
166 1927 273 1992 augeli,
289 1927 315 1976 in
328 1932 439 1976 montem
451 1934 477 1976 et
492 1927 593 1986 locum,
649 1943 705 1978 suae
724 1929 821 1980 fitturoe
836 1931 1066 1995 Resurrectionis3
1079 1943 1109 1982 et
1125 1931 1186 1984 ideo
1208 1961 1210 1965 ν

58 1999 105 2049 ubi
129 1997 314 2063 principaliter
339 1998 516 2049 constituerat
537 1997 595 2048 illis
650 2001 688 2051 ibi
708 2003 943 2053 Resurrectionem
965 2020 1041 2054 suam
1065 2006 1186 2070 comple-

56 2069 149 2130 letter,
166 2067 230 2133 quia
252 2067 290 2117 ibi
312 2067 479 2118 ordinaverat
500 2083 529 2117 se
550 2067 594 2118 vi·
649 2083 704 2123 tem
719 2074 901 2125 manifestavit
917 2076 1046 2126 omnibus
1065 2077 1122 2125 suis
1142 2076 1187 2126 di-

10 2189 12 2192 <
55 2140 166 2191 sibilem
185 2141 303 2204 praebere
322 2140 386 2189 illis.
403 2139 480 2189 Unde
493 2140 593 2190 Beda:
649 2136 770 2212 scipulis.
785 2146 861 2197 Unde
876 2147 1051 2212 probabiliter
1069 2148 1187 2198 creditur

58 2229 73 2257 ιι
90 2211 162 2259 Nam
183 2225 298 2275 pergens
317 2209 453 2259 Dominus
476 2209 508 2259 ad
530 2211 594 2260 Pas-
650 2219 722 2281 quod
737 2216 780 2267 iffi
801 2217 883 2267 eriam
908 2217 1019 2268 fuerunt
1044 2219 1185 2284 quingemi

56 2279 174 2343 sionem,
194 2280 233 2328 ait
252 2279 393 2344 discipulis
414 2296 420 2328 :
443 2280 594 2344 Postquam
649 2287 754 2349 fratres,
776 2298 872 2352 praeter
892 2288 1039 2352 praedictos
1059 2289 1186 2340 undecim

58 2366 249 2414 resurrexero,
262 2352 415 2424 praecedam
429 2366 477 2402 vos
492 2352 519 2402 in
533 2352 595 2402 Gn·
649 2357 808 2422 discipulos,
818 2368 849 2408 et
863 2359 942 2424 quod
958 2359 1007 2408 illa
1030 2358 1081 2408 fuit
1094 2359 1185 2410 mani-

57 2424 168 2475 liloeam.
195 2426 315 2490 Angelus
336 2440 444 2490 quoque
469 2424 594 2474 mulieri-
649 2427 764 2488 fertario,
779 2428 813 2478 de
826 2428 923 2493 quaed
941 2428 1101 2479 Corinthios
1118 2429 1187 2480 scni-

58 2495 111 2544 bus
124 2495 161 2544 ait
172 2511 179 2543 z
189 2496 261 2545 Ecce
270 2495 404 2561 praecedit
418 2509 464 2544 vor
478 2495 505 2543 in
521 2494 595 2544 Gali-
650 2497 691 2547 bit
697 2497 850 2565 Apostolus
862 2497 957 2548 dicens
971 2514 978 2548 ε
993 2498 1098 2549 Deinde
1112 2500 1187 2551 uim

58 2567 148 2618 laeam.
164 2569 333 2633 Quapropter
347 2566 462 2630 jussioni
474 2565 595 2631 Magistri
649 2575 691 2620 est
699 2569 768 2635 plus
781 2585 861 2635 quom
882 2570 1037 2637 quingentis
1044 2570 1188 2636 fratribus

57 2639 211 2690 obedientia
240 2640 436 2705 discipulorum
464 2637 594 2703 obsequi-
648 2639 748 2701 rimula
774 2639 820 2689 hic
835 2650 927 2690 ,tamen
949 2656 1003 2691 non
1025 2642 1186 2707 exprimun-

57 2723 111 2763 tur.
141 2733 154 2760 u
185 2713 316 2773 Quamvis
343 2713 415 2762 enim
443 2712 595 2778 supradicte
650 2723 694 2764 tur
721 2712 774 2763 nisi
801 2712 926 2764 undecim
951 2715 1091 2780 Apostoli,
1122 2715 1186 2780 quie

58 2783 191 2848 apparitio
210 2785 242 2834 ad
262 2800 335 2834 mare
349 2785 500 2835 Tiberiadis
515 2783 595 2834 fuerit
618 2836 619 2841 ,
649 2793 725 2835 erant
748 2784 912 2850 principales
930 2785 1058 2851 discipuli
1073 2785 1185 2836 Cbristi.

59 2856 89 2904 in
105 2854 222 2914 Galilaea,
237 2856 284 2905 ubi
297 2866 338 2906 est
350 2856 421 2906 idem
437 2871 525 2919 mare3
539 2871 594 2906 non
649 2856 728 2906 Unde
741 2855 894 2905 Eusebius:
906 2873 919 2900 n
934 2855 1078 2905 Duoenim
1091 2854 1184 2904 Even-

60 2935 151 2975 tamen
172 2926 217 2975 illa
235 2926 417 2992 principaliter
437 2925 595 2976 intendeba—
648 2927 761 2992 gelimae,
787 2926 888 2977 scilicet
910 2927 997 2976 Lucas
1021 2935 1046 2976 et
1068 2926 1185 2977 loannes

59 3007 114 3056 tur,
130 3012 192 3046 cum
210 2997 249 3046 ibi
272 2997 358 3062 pauci,
372 2998 474 3048 scilicet
492 3008 595 3063 septem
649 2997 717 3046 solis
729 2997 854 3046 undecim
871 2997 946 3046 bunc
966 2996 1088 3046 scribunt
1100 3011 1185 3062 appa-

58 3078 165 3118 tantum
180 3079 269 3118 essent
286 3068 421 3134 discipuli,
441 3069 489 3118 sed
503 3070 596 3134 potius
617 3096 619 3101 ·
649 3066 737 3116 ruisse
764 3066 921 3116 terusalem.
949 3065 1037 3116 Ceteri
1065 3067 1128 3116 vero
1156 3066 1185 3116 'tn

59 3140 121 3199 ista,
133 3139 161 3189 in
177 3157 230 3206 qua
243 3141 326 3190 simul
339 3156 434 3191 omnes
447 3151 522 3192 erent
535 3157 596 3191 cotr-
616 3150 620 3197 1
650 3139 790 3190 culileem
814 3154 957 3203 properare
979 3154 992 3188 a
1016 3154 1071 3188 non
1096 3140 1187 3190 solum

57 3213 170 3278 gregati.
194 3214 228 3263 Et
249 3214 401 3273 sciendum,
417 3214 490 3280 quod
510 3229 596 3279 prope
616 3230 620 3309 ¹
650 3209 787 3269 undecim,
807 3210 856 3260 sed
879 3209 1017 3266 universis.
1036 3210 1186 3276 discipuli&

59 3295 183 3334 montem
195 3285 294 3336 Oliveti
309 3302 344 3336 ex
357 3296 431 3352 parte
446 3286 547 3336 boreali
562 3287 596 3336 nd
617 3322 620 3333 .
649 3293 676 3333 et
701 3280 828 3332 fratribus
855 3282 983 3332 dixerunt
1005 3283 1138 3348 Angelum
1161 3293 1187 3334 et

60 3372 149 3406 unum
170 3358 285 3408 milliare
306 3368 347 3408 est
369 3374 458 3419 mons,
480 3358 526 3426 qui
544 3373 595 3424 ap·
616 3352 620 3431 j
649 3354 813 3404 Salutarem
834 3353 951 3414 vidisse,
979 3354 1012 3404 de
1036 3354 1138 3420 quibus
1159 3366 1188 3407 et

56 3429 176 3494 pellatur
192 3430 300 3480 Galilaea
314 3448 323 3480 ι
339 3440 363 3480 et
378 3431 470 3481 dicunt
484 3432 596 3497 quidam
616 3438 620 3475 t
647 3427 887 3478 Paulusmssminltl
903 3427 1003 3486 dicens.
1016 3427 1121 3478 Deinde
1134 3443 1188 3494 a?-

60 3500 135 3565 quod
161 3500 208 3550 ille
232 3512 272 3550 est
293 3517 372 3551 mons
400 3500 619 3567 praedictasset}
648 3499 742 3564 paruit
757 3499 823 3566 plut
844 3514 923 3565 quam
942 3499 1099 3566 ,quingenti-r
1115 3501 1189 3567 ¹frut-

61 3585 145 3634 quem
165 3571 290 3636 discipuli
313 3571 440 3620 undecim
462 3564 618 3632 abierunt?
646 3569 738 3619 nvitun
761 3568 844 3620 simul
874 3587 882 3619 .·
912 3588 926 3616 n
953 3569 1013 3620 haec
1042 3570 1188 3621 Eusebius.

59 3655 115 3689 non
132 3640 196 3705 quia
212 3657 293 3690 mons
308 3640 386 3691 sitin
400 3640 520 3701 Galilaea,
535 3656 596 3691 cunr
615 3652 619 3680 2
651 3639 795 3699 Quomodo
819 3649 910 3690 curtem
930 3648 970 3690 tot
995 3640 1089 3691 fratres
1114 3651 1188 3692 erant

57 3711 98 3761 sit
112 3711 247 3771 inludaee,
262 3714 308 3762 sed
323 3712 388 3779 quia
402 3728 481 3762 mons
492 3713 597 3779 interp
615 3717 619 3761 l
644 3711 697 3772 tbi,
707 3727 774 3762 curu
792 3723 882 3778 aperte
900 3713 1004 3764 dicatur
1019 3714 1048 3764 in
1060 3714 1186 3774 Actibus,

57 3781 177 3847 pellatur
200 3783 324 3845 Gelilrea3
346 3782 402 3841 alit,
419 3782 493 3848 ettad
510 3783 597 3850 magis
616 3822 618 3855 :
644 3784 724 3849 quod
737 3799 833 3835 omnes
841 3783 974 3851 discipuli
992 3797 1071 3838 erent
1096 3786 1125 3836 in
1140 3786 1186 3836 le-

59 3853 176 3918 videtur,
185 3853 283 3904 dicunt
293 3854 348 3904 boc
361 3853 446 3904 luisse
462 3852 491 3904 in
504 3864 598 3906 monte
614 3858 618 3886 ³
649 3855 766 3906 ruselern
783 3855 812 3905 iu
826 3857 963 3908 musculo
978 3855 1140 3924 cougregati,
1156 3856 1196 3907 οῖ’
