2626 4328
86 239 265 300 QUOMODO
278 238 366 286 DOM.
381 235 559 286 APPARUlT
575 235 672 284 SEPT.
687 234 807 284 DlSClP.
817 233 864 282 AD
879 232 979 282 MARE
996 233 1110 285 TlBER.
1132 252 1186 303 7²7

62 357 135 405 lucra
152 369 219 412 mea,
243 369 295 402 non
311 363 366 402 tua.
387 372 398 397 n
418 351 495 402 Unde
516 350 596 400 etiam

63 425 242 476 Bernartius:
257 442 270 469 u
286 424 346 472 Non
361 422 447 472 otiose
459 421 538 471 toties
552 413 596 471 re-

62 496 176 562 petitum
201 504 239 544 est
258 511 264 542 :
280 494 383 554 Simon,
404 507 481 543 amas
497 507 544 553 me,
567 491 596 541 in

62 567 255 618 commissione
267 566 368 615 ovium.
385 566 417 622 Et
428 580 476 631 ego
487 565 596 630 quidem

38 680 41 687 .
63 640 90 689 id
109 636 288 703 significatum
312 636 423 700 proinde
438 648 512 700 put0,
530 651 558 684 ac
573 635 596 684 si

62 708 115 779 illi⁸
131 707 241 756 dixisset
268 707 345 755 lesus
364 722 370 754 :
389 705 447 755 Nisi
472 705 596 755 testimo-

64 780 140 828 nium
162 778 210 828 tibi
239 777 396 842 perhibente
424 775 596 836 conscientia,

63 850 137 916 quod
154 865 196 898 me
209 864 291 908 ames,
307 858 333 897 et
345 849 420 898 valde
431 848 597 913 perfecteque

62 937 146 979 ames,
162 922 213 970 hoc
228 933 267 971 est
281 923 450 987 :plusquam
466 931 520 980 tua,
536 922 596 986 plus

63 1009 146 1060 quam
162 1003 233 1052 tuos,
248 993 309 1058 plus
324 993 405 1042 etiam
419 1008 499 1059 quam
517 1004 552 1052 te,
567 1001 597 1041 ut

62 1068 142 1116 trinae
175 1066 343 1131 repetitionis
372 1082 437 1116 meae
467 1081 596 1116 numerus

61 1139 224 1202 impleatur;
264 1152 433 1202 nequaquam
464 1135 596 1200 suscipias

61 1226 154 1259 curam
176 1210 255 1271 hanc,
280 1224 327 1259 nec
346 1219 371 1257 te
386 1208 550 1259 intromittas
564 1207 597 1256 de

61 1282 159 1332 ovibus
184 1282 268 1339 meis,
299 1296 347 1344 pro
374 1281 474 1346 quibus
490 1279 597 1345 ¹utique

60 1353 171 1417 sanguis
190 1367 266 1400 meus
280 1352 380 1401 effusus
390 1363 438 1401 est.
454 1348 597 1400 Terribilis

62 1442 161 1485 sermo,
185 1436 211 1474 et
237 1424 284 1490 qui
307 1425 392 1489 possit
411 1424 491 1474 etiam
506 1422 596 1487 impa-

60 1498 123 1547 vida
145 1497 304 1563 quorumvis
328 1507 503 1562 tyrannorum
517 1495 597 1545 corda

61 1564 220 1618 concutere!
245 1567 386 1631 Propterea
405 1566 533 1616 attendite
545 1581 596 1614 vo-

61 1639 112 1700 bis,
126 1637 281 1703 quicunque
295 1653 363 1702 opus
382 1637 527 1687 ministerii
546 1637 596 1687 hu·

60 1711 104 1773 jus
119 1708 206 1758 sortiti
223 1708 305 1770 estis;
321 1708 459 1767 attendite,
475 1708 595 1773 inquam,

60 1781 150 1839 vobis
179 1791 205 1830 et
228 1781 345 1845 pretioso
367 1779 500 1845 deposito,
522 1780 596 1845 quod

60 1853 139 1902 vobis
154 1852 285 1901 creditum
300 1863 339 1902 est
354 1869 361 1901 ε
377 1871 390 1898 n
405 1852 461 1900 haec
473 1853 596 1902 Bernar-

60 1923 123 1972 dus.
138 1923 207 1972 Vide
225 1924 362 1987 quomodo
374 1921 507 1972 Dominus
522 1920 597 1972 Chri-

61 2005 130 2052 stus,
146 1995 340 2043 committendo
368 1995 444 2044 Petro
466 1995 597 2060 pastorale

61 2064 193 2125 officium,
224 2065 313 2130 ipsum
338 2075 378 2114 ter
406 2066 541 2114 examinat
564 2065 596 2114 de

61 2136 221 2198 dilectione;
245 2135 308 2200 quia
327 2147 445 2200 pastores
473 2135 596 2186 Ecclesiae

62 2208 162 2257 debent
185 2207 270 2256 Deum
292 2222 321 2256 ac
340 2207 419 2257 etiam
442 2207 595 2272 proximum

62 2294 118 2343 prae
128 2277 221 2327 ceteris
235 2277 393 2327 hominibus
403 2278 523 2344 diligere.
535 2278 596 2327 Non

62 2364 127 2412 ergo
142 2348 219 2398 debet
240 2349 302 2413 quis
315 2348 378 2413 eligi
394 2349 419 2398 in
444 2350 596 2413 praelatum,

63 2419 118 2468 nisi
134 2419 234 2468 habitis
258 2420 339 2468 certis
357 2419 444 2484 signis
464 2429 490 2468 et
515 2435 596 2485 argu-

62 2489 164 2538 mentis
174 2490 206 2538 de
218 2489 360 2539 dilectione
369 2491 426 2554 ejus
436 2505 498 2556 erga
509 2491 596 2540 Deum

63 2570 91 2610 ct
108 2559 272 2624 proximum.
289 2560 366 2610 Unde
380 2561 451 2609 idem
474 2561 596 2609 Bernar-

63 2631 140 2680 dus:
161 2647 174 2674 u
188 2630 229 2677 An
252 2645 306 2678 non
324 2629 469 2696 incongrue
485 2630 518 2678 de
535 2629 598 2679 dile-

63 2700 153 2751 ctione
188 2701 350 2765 requiritur,
380 2700 427 2766 qui
465 2701 597 2766 pascendo

62 2769 139 2836 gregi
167 2769 352 2836 praeponitur?
378 2772 423 2821 llle
438 2772 511 2820 enim
526 2786 598 2837 prae-

62 2858 122 2892 esse
136 2842 214 2892 debet
239 2842 308 2902 aliis,
332 2843 378 2908 qui
395 2843 458 2893 vino
480 2843 598 2894 caritatis

62 2915 213 2964 inebriatus
235 2926 370 2978 exaestuat,
387 2915 531 2967 immernor
545 2915 597 2979 sui,

62 2996 94 3036 ut
112 3002 166 3035 non
191 2997 292 3051 quaerat
309 3001 370 3051 quae
394 2997 529 3046 suasum,
552 2988 597 3036 sed

63 3058 153 3124 magis
167 3075 227 3125 quae
248 3060 311 3108 Jesu
328 3058 468 3109 Christi.»
484 3062 599 3111 Attende

65 3130 149 3179 etiarn
162 3130 233 3194 quod
250 3129 381 3179 Dominus
396 3131 528 3194 pastorale
544 3130 600 3181 offi-

64 3199 140 3248 cium
167 3199 290 3264 injungit,
316 3199 385 3249 trina
401 3198 599 3250 examinatione

63 3270 215 3336 praemissa,
231 3283 256 3321 et
271 3272 330 3320 ideo
346 3272 393 3337 qui
409 3272 441 3322 ad
462 3271 512 3322 hoc
536 3271 599 3322 offi-

62 3344 139 3393 cium
169 3343 333 3403 assumitur,
358 3345 432 3410 prius
451 3344 599 3396 examinari

62 3415 144 3465 debet
158 3415 308 3480 diligenter.

101 3501 133 3535 ro
149 3486 219 3547 Tam
235 3503 338 3536 crusna
360 3502 487 3537 rrumruu
501 3504 527 3538 ru
543 3488 600 3538 Ec-

63 3572 166 3614 erasm,
188 3572 255 3613 Quos
272 3571 384 3606 ensesue
404 3572 456 3606 uon
480 3573 600 3608 romeus

63 3643 182 3678 russeus
197 3628 312 3677 Pernus.
326 3655 356 3664 -
369 3626 462 3676 Primo
474 3636 563 3677 autem
574 3639 601 3678 et

64 3699 186 3748 secundo
196 3712 284 3763 agnos
296 3696 475 3762 imperfectos,
482 3698 599 3763 quodam

64 3769 132 3818 lacte
146 3770 299 3828 vescendos,
322 3777 347 3819 et
366 3768 445 3818 tertio
460 3781 523 3818 oves
537 3784 601 3833 per-

65 3838 191 3891 fectiores
205 3841 291 3890 solido
310 3840 371 3890 cibo
396 3841 505 3890 alendas
523 3841 600 3892 Petro

130 3942 200 4008 Vtra
219 3957 281 4008 Jesu
300 3956 420 4018 Craursrr,
434 3972 525 4008 rouus
541 3959 586 4010 lv.

651 348 798 408 commisit,
824 347 888 414 quia
909 363 964 397 non
985 349 1073 399 solum
1091 361 1184 416 pasto.

652 436 718 480 rem,
730 421 813 470 sedet
824 429 963 485 pastorum
978 430 1113 484 pastorem
1124 439 1187 475 eum

652 490 799 541 constituit.
818 490 893 540 Sicut
914 490 987 540 enim
1016 491 1044 539 in
1070 493 1188 546 Ecclesia

651 561 702 610 tria
716 576 820 626 genera,
839 576 886 610 seu
901 570 953 610 tres
977 562 1074 626 gradus
1091 563 1183 613 homi-

653 648 719 681 num
730 631 860 691 fidelium,
870 632 917 698 qui
934 632 1004 682 sicut
1015 634 1076 699 agni
1085 645 1110 684 et
1121 651 1184 687 oves

652 703 680 752 in
694 702 810 754 Ecclesia
824 714 889 754 sunt
914 705 1047 769 pascendi,
1064 705 1185 757 scilicet:

652 776 815 842 incipientes
831 786 856 826 et
871 777 1050 843 proficientes,
1059 779 1105 844 qui
1119 795 1189 845 qua-

653 847 674 898 si
696 849 783 899 adhuc
804 847 951 912 imperfecti
974 851 1085 900 nomine
1109 866 1189 917 agno-

650 934 729 981 rum;
747 929 772 968 et
786 918 894 983 perfecti
907 918 954 984 qui
970 920 1081 970 nomine
1095 922 1188 972 ovium

650 1000 765 1054 possunt
784 988 896 1054 intelligi
925 1004 932 1037 :
960 998 986 1038 et
1013 991 1054 1040 bis
1081 992 1187 1041 dictum

650 1069 691 1108 est
713 1075 719 1107 :
743 1059 831 1108 Pasce
853 1072 942 1123 agnos
965 1074 1052 1122 meos;
1074 1063 1119 1110 sed
1142 1077 1187 1111 se-

651 1132 704 1180 mel
721 1148 727 1181 :
745 1132 834 1181 Pasce
854 1145 916 1182 oves
931 1145 1012 1194 meae,
1031 1132 1095 1198 quia
1110 1133 1187 1183 infir-

651 1204 687 1253 mi
714 1213 741 1254 et
764 1204 854 1254 adhuc
877 1204 970 1254 tenelli
994 1205 1023 1254 in
1044 1205 1098 1255 fide
1126 1221 1187 1262 am-

651 1275 731 1339 pliori
746 1274 871 1340 pastorali
887 1289 949 1324 cura
963 1285 988 1325 et
1004 1276 1187 1326 sollicitudine

651 1343 781 1408 indigent,
804 1359 886 1409 quarn
908 1343 1033 1394 fortiores
1054 1355 1080 1394 et
1104 1361 1187 1410 gran-

650 1415 777 1476 diusculi,
797 1417 843 1482 qui
865 1432 894 1467 se
910 1431 1001 1481 regere
1018 1418 1116 1485 valent,
1140 1433 1188 1468 nec

650 1498 724 1538 tanta
744 1502 807 1538 cura
823 1498 910 1554 egent.
927 1488 1014 1538 Pascit
1038 1489 1119 1554 igitur
1136 1491 1187 1540 Pe·

650 1573 707 1612 trus
727 1578 821 1629 agnos,
848 1563 932 1629 pascit
957 1573 983 1612 et
1007 1578 1078 1623 oves,
1104 1566 1189 1629 pascit

650 1635 730 1699 filios,
755 1639 839 1700 pascit
860 1645 886 1685 et
906 1648 1014 1695 matres,
1032 1636 1096 1700 quia
1120 1636 1188 1703 regit

650 1720 676 1758 et
698 1708 831 1768 subditos,
850 1718 877 1758 et
898 1711 1037 1774 praelatos;
1062 1710 1188 1759 omniurn

651 1778 734 1844 igitur
748 1788 839 1843 pastor
853 1787 902 1838 est,
915 1779 979 1845 quia
994 1789 1089 1843 praeter
1103 1795 1188 1845 agnos

650 1861 676 1901 et
690 1868 754 1903 oves
770 1851 797 1900 in
813 1852 932 1902 Ecclesia
952 1853 1021 1902 nihil
1042 1862 1091 1915 est,
1109 1852 1187 1914 nihil,

651 1923 774 1990 inquam,
787 1926 860 1991 quod
872 1924 928 1974 suis
946 1926 1100 1990 pastoribus
1117 1941 1187 1975 com-

651 1995 765 2045 miserit.
789 1995 840 2044 Sed
866 2011 928 2044 cum
951 1997 1067 2046 loannes
1091 2012 1106 2045 a
1129 1995 1187 2044 Do-

650 2067 726 2116 mino
753 2067 840 2133 magis
865 2076 934 2117 esset
957 2067 1080 2126 dilectus,
1105 2083 1187 2132 quare

650 2153 704 2187 non
726 2146 765 2186 est
790 2137 851 2187 aliis
877 2137 1014 2201 Apostolis
1044 2137 1185 2201 praelatus,

650 2210 695 2258 sed
718 2209 826 2258 Petrus?
852 2209 923 2268 Quia
945 2217 1000 2257 erat
1021 2208 1185 2267 adolescens,

650 2290 675 2330 et
691 2280 713 2330 si
730 2290 800 2329 esset
815 2281 949 2346 praelatus,
965 2279 1004 2329 illi
1020 2278 1186 2328 scandaliza-

650 2361 743 2401 rentur
757 2349 823 2400 forte
846 2348 875 2399 in
898 2364 939 2413 eo,
955 2349 1001 2398 sed
1024 2349 1078 2397 noh
1104 2348 1140 2398 ita
1157 2348 1186 2397 in

651 2424 739 2484 Petro,
759 2422 823 2488 quia
846 2437 942 2483 senex;
965 2421 1039 2480 item,
1055 2435 1087 2469 ne
1109 2419 1186 2469 vide-

650 2503 723 2544 retur
748 2493 851 2543 amicos
875 2492 994 2543 carnales
1017 2493 1142 2551 exaltare,
1162 2501 1189 2541 et

651 2580 698 2614 eos
709 2563 769 2614 aliis
790 2562 924 2630 praeferre.
942 2562 1050 2613 Utinam
1069 2561 1189 2612 Ecclesia

651 2635 804 2686 imitaretur
824 2634 876 2685 hoc
895 2635 1060 2700 exemplum,
1085 2643 1110 2683 et
1133 2649 1188 2682 non

651 2704 748 2756 faceret
767 2705 795 2756 in
811 2705 904 2755 multis
918 2704 1096 2754 cetrarium!
1114 2702 1188 2752 Con·

652 2777 740 2828 sidera
762 2777 807 2828 hic
827 2777 935 2828 solitam
960 2777 1070 2827 Domini
1093 2775 1188 2824 carita-

652 2860 706 2901 tem
727 2861 753 2901 et
773 2851 977 2916 benignitatem.
995 2851 1092 2912 Aperte
1114 2846 1188 2895 enim

652 2921 726 2971 vides
747 2921 886 2986 quomodo
908 2920 1053 2984 diligenter
1075 2926 1102 2967 et
1122 2916 1189 2965 affe-

652 3003 744 3042 ctuose
758 2989 902 3056 imprimit,
918 2988 1024 3038 reiterat
1043 2998 1068 3037 et
1083 3003 1188 3037 recom-

653 3063 761 3113 mendat
780 3063 856 3112 Petro
876 3060 980 3110 animas
1002 3069 1115 3109 nostras.
1136 3059 1189 3108 Ter

653 3137 726 3188 enim
748 3137 917 3202 interrogans
942 3149 1005 3183 eum
1028 3133 1061 3183 de
1082 3127 1187 3192 amore,

653 3219 693 3259 ter
708 3204 866 3272 subjunxit:
879 3217 971 3269 pasce.
988 3203 1047 3252 Non
1062 3202 1126 3251 dicit
1140 3200 1162 3251 ei
1179 3217 1185 3250 :

653 3278 745 3335 tonde,
761 3289 869 3340 mange,
890 3283 975 3323 macta
995 3282 1020 3322 et
1040 3271 1186 3335 manduca;

654 3348 699 3398 sed
714 3345 778 3396 dicit
793 3343 881 3394 tribus
894 3342 999 3393 vicibus
1015 3359 1021 3391 :
1033 3355 1127 3407 pasce,
1141 3339 1190 3391 sci-

653 3417 714 3468 licet
740 3433 747 3466 ι
775 3429 841 3481 pane
864 3412 1011 3472 doctrinae,
1036 3421 1062 3461 et
1092 3421 1190 3461 sanctae

654 3483 850 3554 praedicationis
867 3484 959 3544 verbo,
976 3482 1039 3533 vitre
1053 3492 1079 3532 et
1100 3481 1191 3531 hone-

654 3570 701 3610 stae
716 3555 930 3608 conversationis
942 3555 1074 3619 exemplo,
1088 3565 1112 3602 et
1128 3564 1192 3602 tem-

653 3627 755 3695 poralis
769 3624 972 3676 sustentationis
989 3622 1121 3674 subsidio.
1137 3622 1192 3671 Ter

654 3713 717 3764 ergo
738 3695 840 3746 dictum
855 3705 904 3757 est,
916 3708 1011 3760 pasce,
1031 3695 1063 3743 ad
1083 3689 1192 3757 signifi-

654 3769 770 3821 candum
791 3767 864 3833 quod
884 3766 989 3817 habens
1013 3780 1103 3816 curam
1127 3760 1190 3811 ani-

654 3858 769 3903 marum,
787 3840 866 3891 debet
880 3840 1004 3891 subditos
1020 3850 1127 3904 pascere
1144 3847 1191 3898 pa·
1224 3863 1228 3870 ·

1037 3950 1097 4002 '18
