2626 4328
133 265 306 316 EPlLOGUS
323 263 592 315 APPARlTlONUM
610 263 736 314 DOMINI
755 264 842 314 POST
858 265 1079 317 RESURRECT.
1124 269 1176 336 739

53 383 183 434 Passione
216 380 351 431 conterriti
386 391 412 430 et
439 378 588 429 contristati

54 455 169 504 fuerant.
193 453 272 513 Quod
297 451 376 501 etiam
409 451 502 499 beatus
529 451 589 500 Au-

52 525 188 591 gustinus,
223 523 322 572 sentire
345 522 452 570 videtur
477 521 590 585 loquens

52 597 88 645 de
118 604 237 658 tempore
264 604 324 657 post
349 591 460 641 Domini
489 591 590 640 Resur-

53 665 259 729 surrectionem.
285 663 345 712 Non
367 661 468 721 omnia,
492 660 590 726 inquit,

53 738 153 802 scripta
168 746 240 796 sunt,
259 736 352 784 crebra
366 734 441 784 enirn
456 744 512 784 erat
533 734 590 799 ejus

53 826 118 859 cum
148 808 201 858 illis
224 806 406 868 conversatio,
432 805 590 872 priusquam

54 879 217 930 ascendisset
237 877 265 926 in
287 879 394 927 coelum.
410 878 443 927 Et
457 878 525 927 forte
539 876 592 942 ipsi

54 951 141 1002 sancti
158 951 257 1009 Patres,
275 949 391 999 maxime
406 950 552 1007 Abraham,
567 958 593 998 et

55 1022 150 1081 David,
170 1021 203 1070 ad
224 1036 293 1086 quos
315 1020 436 1084 specialis
453 1020 520 1070 facta
539 1018 592 1068 tuit

57 1093 203 1161 promissio
224 1092 284 1142 Filii
303 1093 360 1152 Dei,
373 1093 517 1142 veniebant
530 1107 591 1140 curn

58 1181 100 1224 eo,
112 1164 144 1214 ad
157 1163 301 1214 videndum
321 1163 393 1212 illam
406 1160 594 1212 excellentissi-

59 1254 132 1288 mam
144 1237 228 1287 filiam
244 1252 330 1295 suam,
348 1239 457 1286 Matrem
473 1235 593 1295 Domini,

56 1326 120 1378 quae
130 1326 178 1376 pro
193 1310 231 1358 eis
246 1319 271 1358 et
285 1309 413 1366 omnibus
425 1309 537 1375 gratiam
549 1307 594 1357 in-

59 1383 142 1443 venit,
163 1393 188 1432 et
212 1383 420 1446 Redemptorem
446 1381 546 1446 genuit.
571 1381 595 1431 O

60 1469 144 1520 quam
154 1453 269 1503 libenter
278 1468 335 1502 eam
349 1451 558 1517 conspiciebant,
569 1460 595 1501 et

60 1541 144 1590 quam
162 1535 312 1573 reverenter
328 1538 356 1572 se
376 1523 462 1572 eidem
480 1521 595 1572 inclina·

60 1599 134 1654 bant,
150 1606 175 1644 et
187 1594 260 1643 omni
281 1608 333 1659 qua
350 1603 472 1658 poterant
490 1592 596 1643 benedi-

58 1667 148 1716 ctione
159 1665 337 1730 complebant,
348 1664 471 1729 quamvis
480 1663 531 1728 ipsi
542 1678 595 1712 non

61 1741 218 1790 viderentur
232 1739 265 1788 ab
281 1737 343 1799 illis,
360 1737 406 1802 qui
424 1737 597 1801 corporaliter

63 1809 102 1861 ibi
117 1807 207 1859 erant!
228 1809 304 1857 Potes
316 1807 395 1857 etiam
411 1807 455 1874 hic
470 1805 597 1856 conside-

63 1895 124 1930 rare
157 1878 374 1943 benignitatem,
406 1877 545 1926 caritatem
572 1887 598 1927 et

63 1949 247 2000 humilitatem
267 1946 391 2006 Domini,
418 1962 494 2012 quae,
524 1961 599 1996 more

64 2020 157 2079 solito,
181 2019 210 2068 in
235 2019 364 2068 omnibus
383 2016 459 2067 factis
480 2018 538 2082 ejus
555 2032 599 2067 re-

64 2093 171 2152 lucent3
187 2089 260 2155 quod
282 2088 362 2138 etiam
379 2099 523 2154 postquam
539 2089 600 2154 glo-

64 2161 138 2211 riose
156 2159 254 2210 vicerat
275 2169 300 2209 et
326 2170 504 2210 resurrexerat
521 2174 600 2224 pere-

65 2233 167 2301 grinari
186 2234 273 2283 adhuc
290 2249 337 2298 per
351 2235 407 2284 dies
422 2234 602 2300 quadraginta

65 2305 163 2366 voluit,
189 2315 219 2354 ut
245 2320 308 2354 suos
334 2304 481 2369 discipulos
503 2303 602 2354 confir-

68 2385 155 2425 maret
175 2384 200 2425 et
217 2375 363 2424 roboraret.
384 2374 469 2440 Digne
486 2389 603 2439 namque

70 2458 133 2514 post
154 2457 193 2497 tot
213 2463 347 2497 annorum
372 2447 515 2506 curricula,
542 2455 604 2511 post

70 2528 112 2569 tot
131 2518 233 2568 labores
255 2530 281 2568 et
295 2519 461 2584 afflictiones,
476 2528 538 2584 post
549 2528 602 2566 tarn

71 2589 218 2650 crudelem,
242 2589 454 2655 ignominiosam
482 2598 508 2638 et
529 2602 604 2637 acer-

70 2665 135 2713 bam
162 2675 276 2713 mortem
300 2672 402 2728 poterat
422 2661 605 2727 triumphator

69 2737 103 2786 ad
119 2751 196 2786 suam
211 2736 324 2801 gloriam
339 2750 467 2793 remeare,
483 2744 509 2785 et
528 2735 604 2799 Apo-

70 2807 156 2857 stolos
173 2822 219 2872 per
235 2822 299 2856 suos
313 2807 430 2871 Angelos
445 2804 604 2864 confortare,

71 2890 99 2930 et
124 2895 173 2945 pro
199 2895 249 2929 suo
272 2889 339 2928 nutu
354 2878 530 2940 confirmare;
556 2877 604 2926 sed

71 2951 125 3000 hoc
161 2965 216 2998 non
252 2949 401 3014 patiebatur
426 2947 521 2997 caritas
548 2961 606 2996 sua.

75 3020 251 3071 Personaliter
275 3018 362 3069 voluit
375 3017 525 3068 conversari
545 3031 607 3067 cum

73 3094 133 3157 eis,
171 3103 196 3144 et
226 3094 362 3143 veritatem
396 3089 609 3141 Resurrectionis

74 3164 167 3214 multis
181 3162 364 3228 comprobavit
385 3162 561 3228 argumentis,
581 3160 609 3215 id

75 3247 117 3287 est
150 3237 324 3287 sensibilibus
349 3246 374 3285 et
398 3233 610 3286 evidentissimis

74 3308 174 3374 signis,
199 3309 284 3358 multa
313 3309 341 3358 in
363 3324 476 3374 corpore
501 3305 610 3375 proprio

76 3379 222 3430 ostendens
239 3391 334 3445 praeter
353 3392 476 3431 naturam
491 3378 612 3446 corporis

77 3452 251 3515 immortalis,
266 3463 295 3502 ut
311 3452 349 3502 sic
363 3453 502 3503 veritatem
517 3454 614 3502 Resur-

79 3521 209 3573 rectionis
233 3530 372 3585 astrueret,
387 3533 412 3572 et
427 3522 460 3572 ab
476 3520 614 3587 Apostolis

79 3609 231 3659 eorumque
245 3592 358 3658 posteris
372 3608 483 3642 omnem
502 3591 614 3642 omnino

79 3679 189 3716 causam
210 3663 387 3714 haesitationis
412 3671 554 3712 amoveret.
584 3661 615 3712 ln

79 3753 194 3804 corpore
231 3737 305 3787 enim
343 3735 451 3802 proprio
483 3734 617 3785 cicatrices

83 3809 213 3871 ostendit,
236 3825 297 3859 curn
314 3818 404 3860 tamen
419 3824 435 3859 a
450 3817 544 3858 natura
557 3821 617 3856 cor-

85 3879 160 3947 poris
183 3879 345 3932 immortalis
360 3879 469 3945 penitus
483 3877 570 3929 aliena
584 3876 620 3927 sit

642 378 731 429 omnis
747 377 903 429 deformitas
918 378 1061 444 cicatricis;
1083 397 1176 434 come-

642 449 682 500 dit
705 465 766 500 cum
794 449 833 500 eis
859 460 885 500 et
904 450 982 510 bibit,
1007 467 1066 500 curn
1085 463 1176 504 tamen

642 535 740 584 corpus
758 519 898 585 spirituale
911 520 1034 572 ciborum
1048 523 1177 575 alimonia

643 591 756 642 minime
781 592 920 658 indigeret.
956 595 1007 644 Sed
1035 597 1175 647 sciendum

643 673 691 726 est,
714 662 790 713 cibos
805 677 820 711 a
835 663 955 712 Domino
978 675 1039 715 ante
1061 677 1176 716 mortem

643 742 767 797 sumptos
793 731 820 781 in
848 733 905 797 ejus
932 733 1090 784 alimoniam
1119 752 1179 788 ces<-

644 803 720 863 sisse,
749 802 814 868 quia
836 802 900 853 illos
920 804 948 854 in
976 820 1004 854 se
1025 808 1175 872 convertit3

645 886 705 939 post
718 874 953 924 Resurrectionem
967 891 1029 926 vero
1042 888 1176 943 sumptos,

646 949 749 998 nullam
777 947 800 997 ei
828 947 985 997 alimoniam
1015 952 1179 1014 praebuisse,

645 1021 709 1087 quia
725 1021 786 1070 illos
803 1021 831 1070 in
847 1035 874 1070 se
892 1036 945 1070 non
960 1023 1100 1084 convertit,
1117 1041 1179 1074 cum

646 1094 755 1144 haberet
764 1108 861 1159 corpus
871 1093 1048 1159 glorificatum
1060 1106 1086 1146 et
1097 1097 1182 1147 incor-
1218 1125 1220 1130 ,

647 1165 786 1232 ruptibile,
808 1165 855 1216 sed
880 1181 944 1215 mox
963 1167 1096 1231 spirituali
1119 1169 1177 1232 eius
1209 1171 1211 1186 '

646 1239 745 1288 virtute
759 1238 926 1302 absumptos,
942 1237 1012 1286 sicut
1026 1239 1180 1290 absumitur

647 1322 716 1372 aqua
730 1305 813 1356 missa
827 1305 857 1354 in
873 1305 974 1370 ignem.
988 1305 1073 1356 Aliter
1087 1308 1183 1357 absor-

648 1381 692 1429 bet
705 1394 802 1446 aquam
818 1390 887 1428 terra
910 1378 1015 1438 sitiens,
1037 1379 1113 1429 aliter
1133 1396 1183 1432 ex-

648 1451 728 1502 siccat
750 1450 842 1500 radius
861 1449 926 1499 solis
949 1449 1037 1500 calen's
1052 1466 1059 1499 t
1076 1449 1120 1499 illa
1134 1451 1183 1500 ab·

647 1524 739 1574 sorbat
761 1533 788 1572 et
805 1522 833 1571 in
853 1537 881 1572 se
899 1521 991 1580 trahit,
1013 1521 1182 1587 indigentia3

648 1598 700 1648 iste
713 1596 826 1648 exsiccat
846 1606 872 1647 et
890 1596 1035 1658 consumit,
1054 1597 1182 1662 potentia.

650 1669 818 1720 Manducavit
831 1685 894 1735 ergo
909 1669 1043 1718 Dominus
1058 1679 1119 1734 post
1135 1670 1185 1719 Re-

650 1739 845 1806 surrectionem
861 1748 1001 1804 potestate,
1018 1754 1074 1788 non
1088 1754 1182 1790 neces-

651 1812 736 1872 sitate,
752 1822 783 1862 ut
804 1827 835 1862 eo
850 1811 932 1860 modo
954 1811 1186 1861 Resurrectionem

652 1893 678 1933 et
698 1882 781 1933 vitam
798 1897 899 1944 veram,
927 1898 982 1931 non
998 1881 1186 1948 imaginariam

652 1957 821 2020 ostenderet3
837 1955 860 2004 si
877 1954 950 2005 enim
965 1970 1019 2004 non
1035 1956 1186 2005 ostendere-

652 2037 697 2078 tur
710 2026 809 2078 veritas
823 2025 1047 2083 Resurrectionis,
1064 2025 1185 2091 perditus

653 2107 723 2148 esset
744 2096 848 2145 fructus
864 2094 1010 2145 Passionis.
1031 2095 1109 2144 Unde
1128 2099 1187 2144 Au-

653 2168 780 2235 gustinus
801 2183 809 2215 :
827 2183 841 2211 u
862 2165 895 2215 Et
909 2165 942 2213 de
965 2164 1100 2213 Salvatore
1126 2164 1189 2229 qui-

654 2239 715 2288 dem
731 2236 797 2287 fides
811 2234 964 2284 Christiana
988 2248 1043 2282 non
1065 2233 1188 2298 ambigit,

655 2308 721 2373 quin
740 2315 801 2372 post
815 2303 1047 2354 Resurrectionem
1063 2302 1092 2351 in
1111 2318 1190 2353 carne

656 2378 800 2447 spirituali,
827 2377 872 2428 sed
897 2389 986 2427 tamen
1002 2391 1073 2437 vera,
1099 2375 1189 2426 cibum

656 2462 682 2502 et
696 2460 791 2516 potum
804 2464 865 2499 cum
881 2447 1022 2514 discipulis
1036 2446 1190 2512 sumpserit,

657 2539 713 2573 non
738 2521 930 2572 alimentorum
958 2519 1117 2584 indigentia,
1144 2517 1190 2568 sed

657 2610 687 2645 ea
710 2607 764 2659 qua
788 2601 814 2642 et
845 2591 896 2641 hoc
922 2600 1026 2656 poterat
1052 2598 1192 2655 potestate.

658 2669 720 2718 Non
736 2665 811 2716 enim
830 2663 925 2714 edendi
949 2673 975 2714 et
999 2662 1109 2712 bibendi
1132 2660 1194 2711 tali-

660 2739 711 2789 bus
733 2735 893 2802 corporibus
919 2733 1038 2784 aufertur
1066 2743 1192 2798 potestas,

659 2809 705 2860 sed
729 2818 841 2874 egestas,
866 2805 994 2871 quoniam
1018 2814 1088 2853 certo
1105 2813 1132 2852 et
1148 2802 1194 2852 in-

659 2880 781 2934 violabili
800 2894 913 2930 munere
929 2875 1141 2929 immortalitatis
1155 2875 1196 2925 in-

659 2955 794 3015 duuntur;
808 2961 907 3001 utnon
921 2948 973 2998 nisi
987 2947 1070 2998 velint
1083 2945 1197 3013 possibi-

660 3024 742 3083 litate,
762 3037 817 3072 non
834 3018 989 3070 necessitate
1001 3026 1163 3067 vescantur:
1181 3035 1195 3062 n

661 3095 720 3145 haec
731 3091 911 3159 Augustinus.
928 3090 1026 3139 Praeter
1044 3087 1101 3138 haec
1114 3102 1196 3152 argu-

662 3177 755 3218 menta
786 3166 870 3214 Lucas
899 3161 1019 3212 scribens
1053 3159 1196 3210 historiam

663 3240 778 3289 Actuum
792 3233 993 3302 Apostolorum,
1009 3231 1088 3297 ponit
1100 3239 1126 3280 et
1137 3229 1197 3280 alia.
1210 3248 1211 3252 ¹

664 3308 727 3359 Fuit
750 3305 824 3357 enim
847 3314 1037 3371 argumentum
1061 3315 1130 3351 verae
1145 3300 1199 3349 Re-

666 3375 850 3437 surrectionis,
875 3374 949 3442 quod
969 3387 1019 3438 per
1045 3371 1103 3421 dies
1129 3385 1199 3436 qua-

667 3450 799 3516 draginta
836 3445 1040 3498 multiformiter
1077 3441 1200 3509 apparuit

668 3523 719 3583 eis,
734 3521 843 3586 loquens
859 3519 892 3570 de
908 3531 994 3584 regno
1010 3516 1071 3567 Dei.
1086 3515 1148 3565 Non
1162 3523 1203 3564 est

669 3589 885 3656 intelligendum,
901 3589 974 3654 quod
995 3585 1112 3652 singulis
1132 3597 1203 3650 qua-

669 3661 792 3727 draginta
809 3658 905 3709 diebus
919 3657 1044 3724 apparuit
1059 3656 1108 3718 eis,
1124 3651 1204 3704 exhi-

660 3733 758 3784 'bendo
772 3746 801 3781 se
815 3729 900 3780 oculis
912 3728 1069 3791 videndum,
1084 3735 1110 3776 et
1124 3720 1206 3774 mani·

670 3801 903 3870 buspalpandum‚
913 3815 976 3852 cum
988 3798 1027 3848 eis
1040 3792 1206 3848 comedendo

672 3884 698 3926 et
713 3872 840 3934 bibendo,
856 3871 926 3923 sicut
942 3878 1005 3921 ante
1023 3871 1206 3923 consueverat,
