2626 4328
141 239 193 304 540

140 354 244 405 calcavi
266 354 350 404 solas.
378 352 460 414 Quasi
493 353 599 413 diceret,
627 368 675 402 se-

139 427 258 475 cundum
274 425 422 476 Glossam:
439 425 494 489 Ego
509 424 583 473 solus
597 422 677 473 susti·

141 495 188 545 nui
208 510 360 560 pressuram
386 495 482 552 crucis,
507 493 675 558 flagellorum

139 579 165 618 et
175 568 300 618 omnium
312 566 510 617 tormentorum
527 566 674 632 passiones,

140 641 171 689 in
184 640 283 705 quibus
295 639 372 704 quasi
385 638 470 703 praelo
480 654 589 703 pressus
603 654 674 698 sum,

140 710 271 776 sanguine
285 708 395 774 proprio
411 722 458 773 per
477 719 565 758 totum
578 725 675 775 corpus

141 798 231 832 meum
248 797 295 847 pro
319 781 405 830 salute
425 781 521 830 mundi
542 797 674 846 aspersus.

140 853 168 901 ln
192 866 331 916 purpureo¹
352 866 416 916 ergo
433 853 594 902 vestimento
615 867 675 902 caro

140 926 198 988 cius
221 923 394 988 passionibus
417 926 517 990 objecta
536 925 675 992 significa—

139 1005 191 1055 tur,
207 1010 255 1059 per
270 994 320 1044 hoc
334 995 414 1045 etiam
429 996 598 1062 significatur
620 1011 676 1061 pas-

139 1067 180 1117 sio
204 1069 362 1132 Martyrum,
386 1083 439 1133 qua
467 1079 557 1118 totum
575 1084 674 1133 corpus

139 1138 239 1188 Christi
257 1138 412 1204 mysticum,
437 1139 464 1188 id
488 1149 528 1188 est
549 1139 674 1202 Ecclesia,

137 1210 306 1270 rubricatur,
333 1220 359 1261 et
382 1211 420 1260 sic
449 1211 530 1261 etiam
556 1227 676 1276 purpura

136 1281 257 1345 vestitur,
273 1298 335 1331 cum
349 1283 382 1332 de
399 1282 547 1348 triumphis
568 1293 674 1332 sancto-

138 1371 200 1405 rum
214 1357 363 1422 Martyrum
376 1355 514 1421 gloriatur.

173 1427 202 1478 13
214 1430 387 1485 ,Docunssrn
403 1444 456 1477 nuo
471 1445 503 1477 ax
517 1444 600 1478 vssra
613 1444 676 1478 wn-

138 1515 236 1558 aunns,
269 1515 352 1548 ncrus
388 1515 615 1549 couroannrrours
641 1515 676 1547 nr

140 1585 245 1620 onnrro.
261 1597 293 1605 —
309 1570 347 1618 Ex
363 1568 415 1617 hoc
431 1570 544 1618 articulo
560 1570 677 1618 trahun-

139 1651 184 1688 tur
207 1639 261 1687 duo
281 1639 448 1688 documenta.
476 1639 602 1688 Primum
626 1649 675 1695 est,

141 1710 214 1776 quod
240 1725 290 1758 nos
323 1721 426 1775 peccata
452 1719 544 1760 nostra
572 1710 677 1775 operire

140 1784 270 1832 debemus
285 1783 412 1847 operibus
432 1784 559 1843 caritatis,
579 1793 610 1833 ut
630 1783 678 1832 sic-

141 1863 171 1902 ut
190 1853 316 1902 Christus
338 1864 492 1902 nostrorum
508 1864 676 1919 peccatorum

141 1922 254 1988 flagellis
278 1933 431 1972 cruentatus
445 1940 565 1989 purpura
578 1939 677 1989 coope-

141 1996 189 2045 riri
205 1996 300 2055 voluit,
323 1995 363 2044 sic
384 2005 410 2045 et
424 2012 473 2046 nos
491 2013 572 2062 opera
587 2008 677 2046 nostra

141 2077 260 2129 cruenta,
276 2066 303 2115 id
318 2075 358 2115 est
377 2077 481 2130 peccata
499 2077 599 2127 nostra,
619 2083 678 2117 coo-

141 2137 277 2203 periamus
294 2152 413 2202 purpura
428 2137 566 2187 vernantis
578 2137 677 2187 carita-

138 2208 183 2270 tis,
208 2208 282 2273 quia,
305 2217 335 2256 ut
366 2206 404 2256 ait
427 2208 534 2268 Petrus,
563 2208 676 2257 Caritas

141 2279 228 2343 operit
264 2278 460 2328 multitudinem
493 2284 676 2342 peccatorum.

146 2351 192 2400 ''el
206 2351 286 2400 etiam
304 2367 351 2416 per
370 2366 517 2416 purpuram
541 2350 678 2415 significa-

143 2437 185 2469 zrr
207 2422 338 2470 memoria
358 2421 508 2470 Dominiere
530 2421 677 2484 Passionis,

144 2491 214 2540 unde
236 2490 266 2538 in
288 2490 405 2540 Canticis
431 2508 437 2540 :
464 2492 556 2542 Comae
578 2493 678 2557 capitis

142 2574 265 2624 sponsce,
292 2560 320 2608 id
342 2572 382 2611 est
401 2562 497 2612 animae
520 2561 615 2622 fidelis,
640 2564 679 2612 di-

143 2640 240 2680 cuntur
270 2645 329 2678 esse
355 2632 426 2680 sicut
446 2648 571 2696 purpura
598 2634 656 2699 ejas
669 2652 679 2696 ,-

144 2703 209 2768 quia
230 2701 406 2766 cogitationes
439 2705 537 2752 mentis
563 2716 677 2765 nostrae,

144 2788 206 2840 quae
228 2788 276 2838 per
296 2787 385 2822 comas
406 2773 500 2838 capitis
519 2774 679 2841 intelligun-

144 2856 203 2905 tur,
232 2844 330 2894 versari
354 2844 453 2894 debent
478 2845 585 2895 assidue
610 2846 679 2897 circa

145 2918 302 2968 Passionem
323 2917 520 2983 Redemptoris‚
541 2920 583 2968 vel
597 2919 677 2970 etiam

142 2991 213 3040 circa
226 3006 307 3056 opera
328 2990 455 3040 caritatis.
475 2992 678 3042 -Secundum

143 3063 335 3113 documentum
362 3074 418 3123 cst,
448 3065 521 3130 quod
549 3080 596 3130 per
627 3065 679 3115 hoc

143 3134 217 3198 quod
237 3135 372 3184 Dominus
397 3145 487 3184 noster
509 3146 582 3185 veste
597 3136 679 3202 regali

142 3202 220 3252 indui
230 3204 325 3263 voluit,
334 3207 481 3255 secundum
496 3206 679 3271 Theophilum,

142 3273 277 3337 docemur,
296 3276 368 3340 quod
389 3286 415 3324 et
435 3292 485 3326 nos
499 3277 593 3326 habitu
609 3293 680 3326 men-

141 3345 177 3394 tis
191 3357 264 3396 veste
283 3348 355 3412 regia
371 3348 526 3411 induamur,
547 3360 574 3399 et
593 3350 679 3399 simus

141 3432 203 3467 vere
213 3434 289 3484 reges
303 3421 433 3469 calcantes
448 3436 528 3485 super
542 3431 678 3486 serpentes

142 3498 169 3538 et
194 3489 358 3553 scorpiones,
385 3491 412 3538 id
437 3501 476 3540 est
499 3491 593 3541 omnia
614 3492 679 3542 vitia

143 3559 360 3623 suppeditantes;
376 3561 448 3611 unde
463 3561 580 3611 dicimur
595 3562 678 3612 Chri·

145 3632 234 3691 stiani,
251 3632 278 3681 id
293 3642 334 3682 est
348 3633 421 3683 uncti
445 3635 523 3699 quasi
539 3651 623 3701 reges.
636 3637 678 3684 Ad

145 3701 372 3752 conformandum
396 3719 424 3753 se
446 3704 490 3753 isti
512 3705 625 3754 articulo
654 3715 680 3754 ct

146 3786 248 3843 septem
263 3777 441 3842 sequentibus
462 3776 618 3827 illusionum
640 3793 679 3826 ar-

145 3847 245 3908 ticulis,
265 3848 392 3914 recogitet
410 3848 492 3897 homo
512 3847 610 3898 facturn
630 3865 678 3898 cu-

436 237 612 288 SECUNDAE
628 237 752 287 PARTIS
768 236 886 288 CAPUT
903 237 981 289 LXII.

727 351 837 418 juslibet
859 352 964 402 articuli
983 369 1045 403 curn
1065 352 1264 418 aggravationi-

728 422 778 472 bus
796 421 862 483 suis,
888 433 914 473 et
938 434 995 474 oret
1018 425 1088 474 sicut
1102 424 1130 473 in
1145 424 1264 490 quolibet

727 494 839 544 articulo
861 495 968 546 devotio
989 495 1164 546 ministrabit.
1189 497 1261 558 Jess,

727 566 774 632 qui
797 573 869 617 veste
884 584 1020 634 purpurea
1045 568 1170 619 illusorie
1190 569 1262 619 indui

728 639 844 702 voluisti,
867 640 905 689 da
923 640 988 690 milri
1000 641 1097 707 jugem
1116 646 1172 691 tuae
1190 641 1265 690 Pas·

727 709 813 759 noras
836 711 988 760 maneriam
1009 711 1127 771 induere,
1153 717 1181 759 et
1200 725 1263 776 pac·

727 786 789 830 cata
812 795 873 831 mea
902 781 1029 831 caritatis
1049 795 1176 846 purpm
1203 794 1262 846 ope-

727 851 791 902 rire.

763 938 795 987 14
811 922 969 973 Coaorrnrro
995 924 1106 974 Crrnrsrr
1131 939 1187 973 curt
1203 938 1260 974 nu·

728 1009 833 1042 nannrs
856 1009 957 1054 samso
976 1010 1039 1043 rura
1061 1009 1264 1044 messanam

728 1081 762 1114 aa
786 1081 820 1114 ar
846 1082 953 1116 oanrro.
980 1095 1010 1104 -
1036 1067 1088 1117 Pro
1114 1067 1263 1116 diademate

728 1146 818 1187 autem
835 1153 883 1187 seu
901 1154 1001 1188 corona
1014 1138 1096 1203 regali
1109 1140 1262 1204 plectentes,

728 1207 915 1273 complicando
938 1225 986 1258 seu
1008 1210 1150 1274 plicantes,
1175 1209 1207 1258 id
1227 1219 1264 1259 est

728 1289 919 1344 componentes
949 1280 1152 1339 connectendo,
1184 1294 1263 1331 cona

708 1374 711 1381 ·
728 1365 798 1412 nam,
821 1350 848 1399 id
864 1361 907 1400 est
925 1361 1025 1401 sertum
1042 1352 1076 1400 ad
1091 1352 1207 1401 modum
1220 1366 1265 1402 ce-

728 1437 801 1472 ronae
825 1423 928 1488 capitis,
946 1423 980 1472 de
997 1423 1093 1487 spinis,
1110 1423 1164 1473 hoc
1180 1423 1265 1473 estde

727 1494 815 1559 juncis
842 1495 960 1559 spinosis
981 1505 1007 1544 et
1032 1496 1160 1546 aculeatis
1192 1495 1265 1547 vaide

728 1577 832 1616 acutos>
843 1569 958 1633 angulos
977 1568 1151 1627 habentibus,
1164 1580 1264 1634 γωνε-

728 1644 791 1687 runt
813 1652 895 1704 super
915 1645 996 1704 caput
1013 1638 1079 1704 ejus,
1097 1637 1265 1688 reverendis-

729 1708 830 1758 simum
853 1718 879 1759 et
904 1708 1089 1769 tenerrimum,
1111 1710 1212 1759 aculeis
1233 1708 1263 1758 ad

728 1792 807 1847 caput
829 1783 923 1842 versis,
953 1793 984 1832 ut
1007 1797 1085 1847 poena
1110 1781 1265 1846 punctionis

729 1854 914 1903 cumularetur
932 1853 1032 1918 probro
1047 1852 1197 1903 irrisionis.
1212 1851 1263 1912 Qui

729 1924 856 1973 attentius
884 1925 1068 1973 considerasse
1095 1938 1123 1972 sc
1151 1923 1264 1983 dicunt,

729 1996 821 2060 spinas
842 1997 901 2046 illas
924 1996 1018 2061 iuncos
1041 1995 1125 2046 fuisse
1142 1997 1264 2047 marinos

729 2076 862 2129 asserunt,
878 2083 995 2132 quorum
1012 2066 1081 2116 acies
1100 2083 1156 2116 non
1170 2067 1263 2117 minus

729 2139 796 2188 dura
812 2148 839 2188 et
857 2149 941 2204 acuta,
960 2154 1054 2204 aspera
1076 2150 1103 2189 et
1124 2140 1264 2205 pungitiva

729 2225 759 2260 ac
779 2210 944 2275 penetrativa
968 2210 1056 2276 spinis
1075 2225 1133 2260 esse
1154 2211 1263 2270 dicitur,

729 2281 758 2330 in
781 2290 885 2330 tanturn
905 2291 936 2331 ut
959 2282 1039 2331 etiam
1062 2282 1190 2332 homines
1211 2283 1267 2332 cal-

729 2351 795 2401 ceati
813 2352 929 2417 desuper
942 2354 1075 2402 calcantes
1090 2351 1154 2402 inde
1168 2353 1265 2404 vulno·

730 2434 832 2484 rentur,
848 2425 919 2474 unde
935 2424 1035 2474 Poeta:

731 2603 780 2617 .....
796 2566 835 2617 Et
848 2573 930 2617 acuta
946 2566 1055 2633 cuspide
1062 2566 1150 2633 junci.

731 2707 927 2756 Suavissimum
946 2706 1016 2756 mihi
1039 2707 1150 2758 cervical
1169 2708 1207 2759 sit
1222 2709 1266 2759 illa

730 2777 823 2841 spinea
842 2792 947 2836 corona,
964 2777 1089 2838 Domine,
1106 2779 1205 2844 capitis
1216 2780 1267 2840 tui,

730 2864 916 2914 superquam
939 2851 1053 2900 dulciter
1075 2861 1156 2916 caput
1174 2867 1267 2902 meum

731 2919 889 2984 requiescat.
921 2920 961 2970 Ex
994 2922 1044 2970 hoc
1075 2922 1190 2973 articulo
1214 2922 1267 2972 tria

731 2989 866 3040 habentur
887 2991 1059 3042 documenta.
1075 2992 1178 3056 Unum,
1196 2993 1269 3059 quod

731 3078 779 3112 nos
799 3073 903 3128 peecata
926 3074 1017 3114 nostra
1040 3080 1088 3131 per
1111 3065 1270 3116 recordatio

732 3149 793 3183 nem
816 3149 921 3199 semper
946 3135 973 3184 in
1002 3146 1093 3186 mente
1119 3145 1268 3201 portemus,

730 3203 798 3253 sicut
822 3204 948 3254 Christus
980 3206 1072 3271 spinas
1096 3216 1268 3272 peccatorum

731 3283 887 3324 nostrorum
909 3275 937 3324 in
959 3291 1009 3326 suo
1034 3276 1120 3342 capite
1136 3279 1267 3342 portavit5

731 3347 805 3413 quia,
818 3349 968 3398 secundum
986 3351 1100 3412 Bedam,
1120 3350 1149 3400 in
1169 3364 1273 3401 corone

731 3420 825 3484 spinea
849 3437 930 3486 quam
954 3423 1086 3487 portabat,
1111 3432 1268 3473 nostrorum

732 3491 868 3556 susceptio
900 3505 1070 3557 peccatorum
1097 3494 1269 3553 ostenditur,

731 3578 848 3630 quorum
866 3564 959 3630 spinas
973 3566 1096 3628 removit,
1112 3581 1159 3631 per
1171 3566 1266 3632 spinas

731 3649 799 3699 quas
812 3636 937 3700 portavit.
950 3637 988 3686 De
1005 3636 1049 3686 his
1065 3637 1153 3701 spinis
1164 3637 1268 3687 dictum

730 3716 786 3755 erat
806 3707 895 3771 primo
914 3707 1021 3757 homini
1038 3709 1154 3759 :Terra
1171 3709 1269 3774 spinas

731 3783 757 3828 et
779 3780 893 3831 tribulos
916 3781 1080 3847 germinabit
1107 3781 1176 3844 tibi}
1204 3780 1268 3847 quia

731 3859 799 3899 terra
813 3851 897 3900 nostri
912 3851 1033 3915 corporis
1048 3861 1151 3916 peccata
1165 3852 1268 3918 genni-
