<?xml version="1.0" encoding="UTF-8"?>
<!DOCTYPE html PUBLIC "-//W3C//DTD XHTML 1.0 Transitional//EN"
    "http://www.w3.org/TR/xhtml1/DTD/xhtml1-transitional.dtd">
<html xmlns="http://www.w3.org/1999/xhtml" xml:lang="en" lang="en">
 <head>
  <title>
</title>
<meta http-equiv="Content-Type" content="text/html;charset=utf-8" />
  <meta name='ocr-system' content='tesseract 3.04.00' />
  <meta name='ocr-capabilities' content='ocr_page ocr_carea ocr_par ocr_line ocrx_word'/>
</head>
<body>
  <div class='ocr_page' id='page_1' title='image "./vitajesuchristi00rigogoog/vitajesuchristi00rigogoog_0047.png"; bbox 0 0 2626 4328; ppageno 0'>
   <div class='ocr_carea' id='block_1_1' title="bbox 93 311 146 365">
    <p class='ocr_par' dir='ltr' id='par_1_1' title="bbox 93 311 146 365">
     <span class='ocr_line' id='line_1_1' title="bbox 93 311 146 365; baseline 0 0"><span class='ocrx_word' id='word_1_1' title='bbox 93 311 146 365; x_wconf 71' lang='lat'><strong>⁴9²</strong></span> 
     </span>
    </p>
   </div>
   <div class='ocr_carea' id='block_1_2' title="bbox 90 402 634 3802">
    <p class='ocr_par' dir='ltr' id='par_1_2' title="bbox 90 402 634 3802">
     <span class='ocr_line' id='line_1_2' title="bbox 95 402 625 470; baseline -0.008 -13"><span class='ocrx_word' id='word_1_2' title='bbox 95 407 154 457; x_wconf 80' lang='lat' dir='ltr'><strong>bet!</strong></span> <span class='ocrx_word' id='word_1_3' title='bbox 169 405 205 456; x_wconf 85' lang='lat' dir='ltr'><strong>Et</strong></span> <span class='ocrx_word' id='word_1_4' title='bbox 225 404 266 455; x_wconf 81' lang='lat' dir='ltr'><strong>sic</strong></span> <span class='ocrx_word' id='word_1_5' title='bbox 285 421 347 455; x_wconf 81' lang='lat' dir='ltr'><strong>mm</strong></span> <span class='ocrx_word' id='word_1_6' title='bbox 367 402 471 470; x_wconf 85' lang='lat' dir='ltr'><strong>impetu</strong></span> <span class='ocrx_word' id='word_1_7' title='bbox 495 415 625 470; x_wconf 83' lang='lat' dir='ltr'><strong>tanquam</strong></span> 
     </span>
     <span class='ocr_line' id='line_1_3' title="bbox 94 475 628 535; baseline -0.011 -6"><span class='ocrx_word' id='word_1_8' title='bbox 94 488 189 529; x_wconf 83' lang='lat' dir='ltr'><strong>contra</strong></span> <span class='ocrx_word' id='word_1_9' title='bbox 201 477 334 527; x_wconf 89' lang='lat' dir='ltr'><strong>latronem</strong></span> <span class='ocrx_word' id='word_1_10' title='bbox 353 475 507 535; x_wconf 70' lang='lat' dir='ltr'><strong>soluentes,</strong></span> <span class='ocrx_word' id='word_1_11' title='bbox 522 486 549 525; x_wconf 90' lang='lat' dir='ltr'><strong>et</strong></span> <span class='ocrx_word' id='word_1_12' title='bbox 562 490 628 526; x_wconf 85' lang='lat' dir='ltr'><strong>eum</strong></span> 
     </span>
     <span class='ocr_line' id='line_1_4' title="bbox 97 547 627 614; baseline -0.008 -16"><span class='ocrx_word' id='word_1_13' title='bbox 97 547 275 614; x_wconf 80' lang='lat' dir='ltr'><strong>percutientes</strong></span> <span class='ocrx_word' id='word_1_14' title='bbox 312 547 447 596; x_wconf 78' lang='lat' dir='ltr'><strong>duxerunt</strong></span> <span class='ocrx_word' id='word_1_15' title='bbox 481 561 544 596; x_wconf 86' lang='lat' dir='ltr'><strong>eum</strong></span> <span class='ocrx_word' id='word_1_16' title='bbox 581 560 627 610; x_wconf 88' lang='lat' dir='ltr'><strong>per</strong></span> 
     </span>
     <span class='ocr_line' id='line_1_5' title="bbox 95 615 630 683; baseline -0.006 -15"><span class='ocrx_word' id='word_1_17' title='bbox 95 629 185 683; x_wconf 82' lang='lat' dir='ltr'><strong>portas</strong></span> <span class='ocrx_word' id='word_1_18' title='bbox 200 632 304 675; x_wconf 85' lang='lat' dir='ltr'><strong>aureas,</strong></span> <span class='ocrx_word' id='word_1_19' title='bbox 319 631 368 681; x_wconf 83' lang='lat' dir='ltr'><strong>per</strong></span> <span class='ocrx_word' id='word_1_20' title='bbox 379 630 448 681; x_wconf 85' lang='lat' dir='ltr'><strong>quas</strong></span> <span class='ocrx_word' id='word_1_21' title='bbox 460 615 549 666; x_wconf 81' lang='lat' dir='ltr'><strong>indie</strong></span> <span class='ocrx_word' id='word_1_22' title='bbox 565 615 630 665; x_wconf 84' lang='lat' dir='ltr'><strong>Pal·</strong></span> 
     </span>
     <span class='ocr_line' id='line_1_6' title="bbox 94 686 628 752; baseline -0.004 -14"><span class='ocrx_word' id='word_1_23' title='bbox 94 703 206 738; x_wconf 86' lang='lat' dir='ltr'><strong>marum</strong></span> <span class='ocrx_word' id='word_1_24' title='bbox 216 688 357 737; x_wconf 82' lang='lat' dir='ltr'><strong>intraverat</strong></span> <span class='ocrx_word' id='word_1_25' title='bbox 367 702 378 748; x_wconf 83' lang='lat'><strong>·,</strong></span> <span class='ocrx_word' id='word_1_26' title='bbox 388 702 449 752; x_wconf 79' lang='lat' dir='ltr'><strong>quas</strong></span> <span class='ocrx_word' id='word_1_27' title='bbox 464 686 546 736; x_wconf 84' lang='lat' dir='ltr'><strong>modo</strong></span> <span class='ocrx_word' id='word_1_28' title='bbox 558 687 628 736; x_wconf 79' lang='lat' dir='ltr'><strong>clau·</strong></span> 
     </span>
     <span class='ocr_line' id='line_1_7' title="bbox 95 756 626 822; baseline -0.004 -13"><span class='ocrx_word' id='word_1_29' title='bbox 95 767 221 810; x_wconf 74' lang='lat' dir='ltr'><strong>amount.</strong></span> <span class='ocrx_word' id='word_1_30' title='bbox 235 757 273 807; x_wconf 77' lang='lat' dir='ltr'><strong>m</strong></span> <span class='ocrx_word' id='word_1_31' title='bbox 286 757 465 807; x_wconf 75' lang='lat' dir='ltr'><strong>adduxerunt.</strong></span> <span class='ocrx_word' id='word_1_32' title='bbox 477 771 536 807; x_wconf 87' lang='lat' dir='ltr'><strong>eum</strong></span> <span class='ocrx_word' id='word_1_33' title='bbox 556 756 626 822; x_wconf 74' lang='lat' dir='ltr'><strong>liga-</strong></span> 
     </span>
     <span class='ocr_line' id='line_1_8' title="bbox 95 826 631 894; baseline -0.007 -14"><span class='ocrx_word' id='word_1_34' title='bbox 95 841 157 880; x_wconf 87' lang='lat' dir='ltr'><strong>tum</strong></span> <span class='ocrx_word' id='word_1_35' title='bbox 184 839 313 893; x_wconf 77' lang='lat' dir='ltr'><strong>tanquam</strong></span> <span class='ocrx_word' id='word_1_36' title='bbox 339 838 428 879; x_wconf 87' lang='lat' dir='ltr'><strong>morte</strong></span> <span class='ocrx_word' id='word_1_37' title='bbox 446 827 575 894; x_wconf 76' lang='lat' dir='ltr'><strong>dignum,</strong></span> <span class='ocrx_word' id='word_1_38' title='bbox 590 826 631 876; x_wconf 82' lang='lat' dir='ltr'><strong>ad</strong></span> 
     </span>
     <span class='ocr_line' id='line_1_9' title="bbox 94 897 630 964; baseline -0.009 -14"><span class='ocrx_word' id='word_1_39' title='bbox 94 905 200 952; x_wconf 64' lang='lat' dir='ltr'><strong>matam</strong></span> <span class='ocrx_word' id='word_1_40' title='bbox 214 898 339 964; x_wconf 80' lang='lat' dir='ltr'><strong>primum,</strong></span> <span class='ocrx_word' id='word_1_41' title='bbox 355 899 382 949; x_wconf 93' lang='lat' dir='ltr'><strong>id</strong></span> <span class='ocrx_word' id='word_1_42' title='bbox 393 910 437 949; x_wconf 86' lang='lat' dir='ltr'><strong>est</strong></span> <span class='ocrx_word' id='word_1_43' title='bbox 448 899 546 964; x_wconf 85' lang='lat' dir='ltr'><strong>primo.</strong></span> <span class='ocrx_word' id='word_1_44' title='bbox 561 897 630 948; x_wconf 88' lang='lat' dir='ltr'><strong>Plu.-</strong></span> 
     </span>
     <span class='ocr_line' id='line_1_10' title="bbox 95 967 628 1021; baseline -0.009 0"><span class='ocrx_word' id='word_1_45' title='bbox 95 971 172 1021; x_wconf 88' lang='lat' dir='ltr'><strong>ribus</strong></span> <span class='ocrx_word' id='word_1_46' title='bbox 196 980 287 1020; x_wconf 85' lang='lat' dir='ltr'><strong>autern</strong></span> <span class='ocrx_word' id='word_1_47' title='bbox 316 969 349 1020; x_wconf 91' lang='lat' dir='ltr'><strong>de</strong></span> <span class='ocrx_word' id='word_1_48' title='bbox 379 970 472 1019; x_wconf 68' lang='lat' dir='ltr'><strong>causis</strong></span> <span class='ocrx_word' id='word_1_49' title='bbox 494 967 628 1018; x_wconf 74' lang='lat' dir='ltr'><strong>ducebant</strong></span> 
     </span>
     <span class='ocr_line' id='line_1_11' title="bbox 95 1038 628 1107; baseline -0.009 -16"><span class='ocrx_word' id='word_1_50' title='bbox 95 1057 163 1091; x_wconf 87' lang='lat' dir='ltr'><strong>eum</strong></span> <span class='ocrx_word' id='word_1_51' title='bbox 186 1039 274 1107; x_wconf 85' lang='lat' dir='ltr'><strong>primo</strong></span> <span class='ocrx_word' id='word_1_52' title='bbox 298 1040 332 1090; x_wconf 83' lang='lat' dir='ltr'><strong>ad</strong></span> <span class='ocrx_word' id='word_1_53' title='bbox 361 1041 478 1090; x_wconf 80' lang='lat' dir='ltr'><strong>Annam.</strong></span> <span class='ocrx_word' id='word_1_54' title='bbox 505 1038 628 1097; x_wconf 84' lang='lat' dir='ltr'><strong>Quarum</strong></span> 
     </span>
     <span class='ocr_line' id='line_1_12' title="bbox 95 1106 628 1176; baseline -0.013 -14"><span class='ocrx_word' id='word_1_55' title='bbox 95 1126 150 1162; x_wconf 88' lang='lat' dir='ltr'><strong>una</strong></span> <span class='ocrx_word' id='word_1_56' title='bbox 172 1120 221 1171; x_wconf 86' lang='lat' dir='ltr'><strong>est,</strong></span> <span class='ocrx_word' id='word_1_57' title='bbox 244 1110 310 1176; x_wconf 83' lang='lat' dir='ltr'><strong>quia</strong></span> <span class='ocrx_word' id='word_1_58' title='bbox 331 1111 430 1160; x_wconf 88' lang='lat' dir='ltr'><strong>domus</strong></span> <span class='ocrx_word' id='word_1_59' title='bbox 451 1111 536 1159; x_wconf 72' lang='lat' dir='ltr'><strong>Anna</strong></span> <span class='ocrx_word' id='word_1_60' title='bbox 552 1106 628 1173; x_wconf 89' lang='lat' dir='ltr'><strong>prior</strong></span> 
     </span>
     <span class='ocr_line' id='line_1_13' title="bbox 94 1180 630 1243; baseline -0.011 -11"><span class='ocrx_word' id='word_1_61' title='bbox 94 1181 177 1232; x_wconf 85' lang='lat' dir='ltr'><strong>eisin</strong></span> <span class='ocrx_word' id='word_1_62' title='bbox 194 1181 240 1232; x_wconf 80' lang='lat' dir='ltr'><strong>ria</strong></span> <span class='ocrx_word' id='word_1_63' title='bbox 254 1182 419 1241; x_wconf 83' lang='lat' dir='ltr'><strong>occurrebat,</strong></span> <span class='ocrx_word' id='word_1_64' title='bbox 434 1191 460 1230; x_wconf 93' lang='lat' dir='ltr'><strong>et</strong></span> <span class='ocrx_word' id='word_1_65' title='bbox 475 1180 538 1229; x_wconf 90' lang='lat' dir='ltr'><strong>ideo</strong></span> <span class='ocrx_word' id='word_1_66' title='bbox 550 1189 630 1243; x_wconf 81' lang='lat' dir='ltr'>turpe</span> 
     </span>
     <span class='ocr_line' id='line_1_14' title="bbox 95 1250 627 1318; baseline -0.009 -15"><span class='ocrx_word' id='word_1_67' title='bbox 95 1252 123 1303; x_wconf 87' lang='lat' dir='ltr'><strong>ei</strong></span> <span class='ocrx_word' id='word_1_68' title='bbox 137 1263 216 1317; x_wconf 86' lang='lat' dir='ltr'><strong>esset,</strong></span> <span class='ocrx_word' id='word_1_69' title='bbox 238 1263 266 1303; x_wconf 90' lang='lat' dir='ltr'><strong>et</strong></span> <span class='ocrx_word' id='word_1_70' title='bbox 291 1264 462 1318; x_wconf 79' lang='lat' dir='ltr'><strong>contemptus</strong></span> <span class='ocrx_word' id='word_1_71' title='bbox 482 1250 627 1307; x_wconf 88' lang='lat' dir='ltr'><strong>videretur,</strong></span> 
     </span>
     <span class='ocr_line' id='line_1_15' title="bbox 95 1322 632 1388; baseline -0.007 -14"><span class='ocrx_word' id='word_1_72' title='bbox 95 1324 121 1374; x_wconf 90' lang='lat' dir='ltr'><strong>si</strong></span> <span class='ocrx_word' id='word_1_73' title='bbox 134 1324 252 1375; x_wconf 88' lang='lat' dir='ltr'><strong>domum</strong></span> <span class='ocrx_word' id='word_1_74' title='bbox 262 1339 340 1374; x_wconf 88' lang='lat' dir='ltr'><strong>suam</strong></span> <span class='ocrx_word' id='word_1_75' title='bbox 357 1322 537 1388; x_wconf 71' lang='lat' dir='ltr'>antepositam</span> <span class='ocrx_word' id='word_1_76' title='bbox 556 1334 632 1386; x_wconf 82' lang='lat' dir='ltr'><strong>prte-</strong></span> 
     </span>
     <span class='ocr_line' id='line_1_16' title="bbox 94 1393 628 1461; baseline -0.011 -13"><span class='ocrx_word' id='word_1_77' title='bbox 94 1396 244 1461; x_wconf 60' lang='lat' dir='ltr'><strong>terissentr,</strong></span> <span class='ocrx_word' id='word_1_78' title='bbox 258 1398 310 1455; x_wconf 90' lang='lat' dir='ltr'><strong>vel,</strong></span> <span class='ocrx_word' id='word_1_79' title='bbox 331 1395 400 1445; x_wconf 88' lang='lat' dir='ltr'><strong>forte</strong></span> <span class='ocrx_word' id='word_1_80' title='bbox 423 1395 488 1445; x_wconf 86' lang='lat' dir='ltr'><strong>illue</strong></span> <span class='ocrx_word' id='word_1_81' title='bbox 513 1393 628 1443; x_wconf 87' lang='lat' dir='ltr'><strong>diverte·</strong></span> 
     </span>
     <span class='ocr_line' id='line_1_17' title="bbox 96 1464 629 1531; baseline -0.009 -13"><span class='ocrx_word' id='word_1_82' title='bbox 96 1467 170 1528; x_wconf 83' lang='lat' dir='ltr'><strong>bant,</strong></span> <span class='ocrx_word' id='word_1_83' title='bbox 190 1483 225 1518; x_wconf 87' lang='lat' dir='ltr'><strong>ue</strong></span> <span class='ocrx_word' id='word_1_84' title='bbox 247 1467 277 1517; x_wconf 91' lang='lat' dir='ltr'><strong>in</strong></span> <span class='ocrx_word' id='word_1_85' title='bbox 291 1467 334 1517; x_wconf 85' lang='lat' dir='ltr'><strong>via</strong></span> <span class='ocrx_word' id='word_1_86' title='bbox 357 1465 475 1531; x_wconf 82' lang='lat' dir='ltr'><strong>longiori</strong></span> <span class='ocrx_word' id='word_1_87' title='bbox 494 1464 629 1515; x_wconf 84' lang='lat' dir='ltr'><strong>tumultus</strong></span> 
     </span>
     <span class='ocr_line' id='line_1_18' title="bbox 96 1533 632 1603; baseline -0.006 -16"><span class='ocrx_word' id='word_1_88' title='bbox 96 1537 125 1587; x_wconf 92' lang='lat' dir='ltr'><strong>in</strong></span> <span class='ocrx_word' id='word_1_89' title='bbox 148 1537 249 1603; x_wconf 90' lang='lat' dir='ltr'><strong>populo</strong></span> <span class='ocrx_word' id='word_1_90' title='bbox 271 1536 361 1599; x_wconf 81' lang='lat' dir='ltr'><strong>fieret3</strong></span> <span class='ocrx_word' id='word_1_91' title='bbox 377 1537 429 1597; x_wconf 84' lang='lat' dir='ltr'><strong>vel,</strong></span> <span class='ocrx_word' id='word_1_92' title='bbox 445 1534 564 1585; x_wconf 88' lang='lat' dir='ltr'><strong>ministri</strong></span> <span class='ocrx_word' id='word_1_93' title='bbox 586 1533 632 1584; x_wconf 81' lang='lat' dir='ltr'><strong>fa-</strong></span> 
     </span>
     <span class='ocr_line' id='line_1_19' title="bbox 95 1604 629 1671; baseline -0.004 -14"><span class='ocrx_word' id='word_1_94' title='bbox 95 1607 201 1658; x_wconf 85' lang='lat' dir='ltr'>ciebant</span> <span class='ocrx_word' id='word_1_95' title='bbox 222 1609 274 1657; x_wconf 86' lang='lat' dir='ltr'><strong>boc</strong></span> <span class='ocrx_word' id='word_1_96' title='bbox 299 1607 333 1656; x_wconf 91' lang='lat' dir='ltr'><strong>de</strong></span> <span class='ocrx_word' id='word_1_97' title='bbox 355 1607 493 1656; x_wconf 88' lang='lat' dir='ltr'><strong>voluntate</strong></span> <span class='ocrx_word' id='word_1_98' title='bbox 510 1604 629 1671; x_wconf 84' lang='lat' dir='ltr'><strong>Caiphae,</strong></span> 
     </span>
     <span class='ocr_line' id='line_1_20' title="bbox 95 1678 630 1731; baseline -0.002 -2"><span class='ocrx_word' id='word_1_99' title='bbox 95 1680 190 1731; x_wconf 84' lang='lat' dir='ltr'><strong>volens</strong></span> <span class='ocrx_word' id='word_1_100' title='bbox 203 1682 312 1731; x_wconf 83' lang='lat' dir='ltr'><strong>Annam</strong></span> <span class='ocrx_word' id='word_1_101' title='bbox 334 1695 457 1730; x_wconf 88' lang='lat' dir='ltr'>socerum</span> <span class='ocrx_word' id='word_1_102' title='bbox 480 1694 560 1729; x_wconf 81' lang='lat' dir='ltr'><strong>atrum</strong></span> <span class='ocrx_word' id='word_1_103' title='bbox 583 1678 630 1728; x_wconf 80' lang='lat' dir='ltr'><strong>ho</strong></span> 
     </span>
     <span class='ocr_line' id='line_1_21' title="bbox 96 1748 630 1816; baseline -0.004 -16"><span class='ocrx_word' id='word_1_104' title='bbox 96 1766 216 1812; x_wconf 85' lang='lat' dir='ltr'><strong>norare,</strong></span> <span class='ocrx_word' id='word_1_105' title='bbox 237 1762 266 1802; x_wconf 92' lang='lat' dir='ltr'><strong>ut</strong></span> <span class='ocrx_word' id='word_1_106' title='bbox 304 1751 398 1801; x_wconf 88' lang='lat' dir='ltr'><strong>divino</strong></span> <span class='ocrx_word' id='word_1_107' title='bbox 425 1749 549 1815; x_wconf 76' lang='lat' dir='ltr'><strong>judicio,</strong></span> <span class='ocrx_word' id='word_1_108' title='bbox 580 1748 630 1816; x_wconf 87' lang='lat' dir='ltr'><strong>qui</strong></span> 
     </span>
     <span class='ocr_line' id='line_1_22' title="bbox 96 1822 630 1889; baseline -0.004 -15"><span class='ocrx_word' id='word_1_109' title='bbox 96 1834 171 1879; x_wconf 80' lang='lat' dir='ltr'><strong>eram</strong></span> <span class='ocrx_word' id='word_1_110' title='bbox 192 1823 286 1876; x_wconf 86' lang='lat' dir='ltr'><strong>affines</strong></span> <span class='ocrx_word' id='word_1_111' title='bbox 321 1824 460 1889; x_wconf 84' lang='lat' dir='ltr'><strong>sanguine,</strong></span> <span class='ocrx_word' id='word_1_112' title='bbox 496 1822 630 1873; x_wconf 86' lang='lat' dir='ltr'><strong>sociaren-</strong></span> 
     </span>
     <span class='ocr_line' id='line_1_23' title="bbox 95 1893 630 1961; baseline -0.002 -17"><span class='ocrx_word' id='word_1_113' title='bbox 95 1904 140 1945; x_wconf 85' lang='lat' dir='ltr'><strong>tur</strong></span> <span class='ocrx_word' id='word_1_114' title='bbox 165 1895 192 1946; x_wconf 93' lang='lat' dir='ltr'><strong>in</strong></span> <span class='ocrx_word' id='word_1_115' title='bbox 218 1897 335 1959; x_wconf 73' lang='lat' dir='ltr'><strong>melere3</strong></span> <span class='ocrx_word' id='word_1_116' title='bbox 359 1895 433 1954; x_wconf 87' lang='lat' dir='ltr'><strong>item,</strong></span> <span class='ocrx_word' id='word_1_117' title='bbox 451 1893 516 1961; x_wconf 91' lang='lat' dir='ltr'><strong>quia</strong></span> <span class='ocrx_word' id='word_1_118' title='bbox 537 1894 630 1944; x_wconf 86' lang='lat' dir='ltr'><strong>Annas</strong></span> 
     </span>
     <span class='ocr_line' id='line_1_24' title="bbox 96 1964 634 2033; baseline -0.004 -16"><span class='ocrx_word' id='word_1_119' title='bbox 96 1967 191 2017; x_wconf 88' lang='lat' dir='ltr'><strong>senior</strong></span> <span class='ocrx_word' id='word_1_120' title='bbox 211 1966 265 2017; x_wconf 88' lang='lat' dir='ltr'><strong>fuit</strong></span> <span class='ocrx_word' id='word_1_121' title='bbox 290 1981 376 2033; x_wconf 84' lang='lat' dir='ltr'><strong>quam</strong></span> <span class='ocrx_word' id='word_1_122' title='bbox 396 1965 526 2031; x_wconf 79' lang='lat' dir='ltr'><strong>Caiphae,</strong></span> <span class='ocrx_word' id='word_1_123' title='bbox 558 1964 634 2030; x_wconf 85' lang='lat' dir='ltr'><strong>judi-</strong></span> 
     </span>
     <span class='ocr_line' id='line_1_25' title="bbox 96 2036 632 2103; baseline -0.006 -14"><span class='ocrx_word' id='word_1_124' title='bbox 96 2038 169 2089; x_wconf 81' lang='lat' dir='ltr'><strong>aium</strong></span> <span class='ocrx_word' id='word_1_125' title='bbox 192 2048 282 2089; x_wconf 81' lang='lat' dir='ltr'><strong>atuem</strong></span> <span class='ocrx_word' id='word_1_126' title='bbox 302 2037 393 2103; x_wconf 90' lang='lat' dir='ltr'><strong>primo.</strong></span> <span class='ocrx_word' id='word_1_127' title='bbox 413 2037 576 2087; x_wconf 69' lang='lat' dir='ltr'>referebatur</span> <span class='ocrx_word' id='word_1_128' title='bbox 598 2036 632 2086; x_wconf 88' lang='lat' dir='ltr'><strong>ad</strong></span> 
     </span>
     <span class='ocr_line' id='line_1_26' title="bbox 95 2107 632 2173; baseline -0.007 -14"><span class='ocrx_word' id='word_1_129' title='bbox 95 2109 224 2167; x_wconf 68' lang='lat' dir='ltr'><strong>senium,</strong></span> <span class='ocrx_word' id='word_1_130' title='bbox 243 2119 274 2159; x_wconf 90' lang='lat' dir='ltr'><strong>ut</strong></span> <span class='ocrx_word' id='word_1_131' title='bbox 288 2107 373 2173; x_wconf 84' lang='lat' dir='ltr'><strong>magis</strong></span> <span class='ocrx_word' id='word_1_132' title='bbox 393 2107 497 2171; x_wconf 83' lang='lat' dir='ltr'><strong>justum</strong></span> <span class='ocrx_word' id='word_1_133' title='bbox 518 2120 632 2172; x_wconf 86' lang='lat' dir='ltr'><strong>appare-</strong></span> 
     </span>
     <span class='ocr_line' id='line_1_27' title="bbox 95 2175 632 2237; baseline -0.004 -8"><span class='ocrx_word' id='word_1_134' title='bbox 95 2190 136 2230; x_wconf 90' lang='lat' dir='ltr'><strong>ret</strong></span> <span class='ocrx_word' id='word_1_135' title='bbox 144 2194 235 2229; x_wconf 82' lang='lat' dir='ltr'><strong>coram</strong></span> <span class='ocrx_word' id='word_1_136' title='bbox 244 2177 414 2237; x_wconf 82' lang='lat' dir='ltr'><strong>horninibus,</strong></span> <span class='ocrx_word' id='word_1_137' title='bbox 426 2177 486 2227; x_wconf 92' lang='lat' dir='ltr'><strong>ideo</strong></span> <span class='ocrx_word' id='word_1_138' title='bbox 496 2175 558 2227; x_wconf 89' lang='lat' dir='ltr'><strong>fecit</strong></span> <span class='ocrx_word' id='word_1_139' title='bbox 568 2192 632 2227; x_wconf 90' lang='lat' dir='ltr'><strong>eum</strong></span> 
     </span>
     <span class='ocr_line' id='line_1_28' title="bbox 95 2248 630 2317; baseline -0.006 -16"><span class='ocrx_word' id='word_1_140' title='bbox 95 2253 181 2301; x_wconf 72' lang='lat' dir='ltr'><strong>Annae</strong></span> <span class='ocrx_word' id='word_1_141' title='bbox 202 2251 292 2317; x_wconf 86' lang='lat' dir='ltr'><strong>primo</strong></span> <span class='ocrx_word' id='word_1_142' title='bbox 316 2248 480 2314; x_wconf 63' lang='lat' dir='ltr'><strong>praesentari,</strong></span> <span class='ocrx_word' id='word_1_143' title='bbox 499 2259 530 2299; x_wconf 92' lang='lat' dir='ltr'><strong>ut</strong></span> <span class='ocrx_word' id='word_1_144' title='bbox 549 2263 630 2298; x_wconf 85' lang='lat' dir='ltr'><strong>excu-</strong></span> 
     </span>
     <span class='ocr_line' id='line_1_29' title="bbox 96 2318 630 2383; baseline -0.004 -13"><span class='ocrx_word' id='word_1_145' title='bbox 96 2320 208 2371; x_wconf 80' lang='lat' dir='ltr'><strong>.-¹bilior</strong></span> <span class='ocrx_word' id='word_1_146' title='bbox 223 2330 302 2383; x_wconf 79' lang='lat' dir='ltr'><strong>esset,</strong></span> <span class='ocrx_word' id='word_1_147' title='bbox 320 2320 343 2370; x_wconf 91' lang='lat' dir='ltr'><strong>si</strong></span> <span class='ocrx_word' id='word_1_148' title='bbox 360 2320 394 2370; x_wconf 92' lang='lat' dir='ltr'><strong>ab</strong></span> <span class='ocrx_word' id='word_1_149' title='bbox 407 2323 487 2369; x_wconf 63' lang='lat' dir='ltr'><strong>rinna</strong></span> <span class='ocrx_word' id='word_1_150' title='bbox 500 2318 630 2369; x_wconf 87' lang='lat' dir='ltr'><strong>condem-</strong></span> 
     </span>
     <span class='ocr_line' id='line_1_30' title="bbox 98 2388 631 2457; baseline 0.004 -21"><span class='ocrx_word' id='word_1_151' title='bbox 98 2402 189 2441; x_wconf 82' lang='lat' dir='ltr'><strong>..ttum</strong></span> <span class='ocrx_word' id='word_1_152' title='bbox 204 2390 263 2457; x_wconf 87' lang='lat' dir='ltr'><strong>ipse</strong></span> <span class='ocrx_word' id='word_1_153' title='bbox 274 2390 452 2456; x_wconf 86' lang='lat' dir='ltr'><strong>postmodum</strong></span> <span class='ocrx_word' id='word_1_154' title='bbox 465 2388 631 2439; x_wconf 85' lang='lat' dir='ltr'><strong>condemna-</strong></span> 
     </span>
     <span class='ocr_line' id='line_1_31' title="bbox 95 2459 630 2527; baseline 0 -17"><span class='ocrx_word' id='word_1_155' title='bbox 95 2472 148 2526; x_wconf 73' lang='lat' dir='ltr'><strong>r:t;</strong></span> <span class='ocrx_word' id='word_1_156' title='bbox 164 2461 238 2521; x_wconf 89' lang='lat' dir='ltr'><strong>item,</strong></span> <span class='ocrx_word' id='word_1_157' title='bbox 254 2463 317 2527; x_wconf 92' lang='lat' dir='ltr'><strong>quia</strong></span> <span class='ocrx_word' id='word_1_158' title='bbox 336 2461 364 2511; x_wconf 94' lang='lat' dir='ltr'><strong>hi</strong></span> <span class='ocrx_word' id='word_1_159' title='bbox 380 2462 433 2510; x_wconf 91' lang='lat' dir='ltr'><strong>duo</strong></span> <span class='ocrx_word' id='word_1_160' title='bbox 450 2459 630 2511; x_wconf 81' lang='lat' dir='ltr'>sacerdotium</span> 
     </span>
     <span class='ocr_line' id='line_1_32' title="bbox 94 2533 630 2598; baseline -0.002 -14"><span class='ocrx_word' id='word_1_161' title='bbox 94 2533 214 2585; x_wconf 85' lang='lat' dir='ltr'><strong>vicissim</strong></span> <span class='ocrx_word' id='word_1_162' title='bbox 236 2549 252 2584; x_wconf 93' lang='lat' dir='ltr'><strong>a</strong></span> <span class='ocrx_word' id='word_1_163' title='bbox 275 2534 407 2585; x_wconf 77' lang='lat' dir='ltr'><strong>Gentibus</strong></span> <span class='ocrx_word' id='word_1_164' title='bbox 429 2534 575 2598; x_wconf 86' lang='lat' dir='ltr'><strong>emebant,</strong></span> <span class='ocrx_word' id='word_1_165' title='bbox 604 2544 630 2583; x_wconf 93' lang='lat' dir='ltr'><strong>et</strong></span> 
     </span>
     <span class='ocr_line' id='line_1_33' title="bbox 94 2603 629 2669; baseline 0.002 -16"><span class='ocrx_word' id='word_1_166' title='bbox 94 2603 147 2654; x_wconf 85' lang='lat' dir='ltr'><strong>sibi</strong></span> <span class='ocrx_word' id='word_1_167' title='bbox 172 2618 220 2669; x_wconf 91' lang='lat' dir='ltr'><strong>per</strong></span> <span class='ocrx_word' id='word_1_168' title='bbox 243 2618 329 2653; x_wconf 78' lang='lat' dir='ltr'><strong>annos</strong></span> <span class='ocrx_word' id='word_1_169' title='bbox 352 2604 473 2654; x_wconf 72' lang='lat' dir='ltr'><strong>vicissim</strong></span> <span class='ocrx_word' id='word_1_170' title='bbox 500 2603 629 2654; x_wconf 82' lang='lat' dir='ltr'><strong>suceede-</strong></span> 
     </span>
     <span class='ocr_line' id='line_1_34' title="bbox 95 2676 630 2738; baseline -0.006 -9"><span class='ocrx_word' id='word_1_171' title='bbox 95 2679 169 2738; x_wconf 83' lang='lat' dir='ltr'><strong>bant,</strong></span> <span class='ocrx_word' id='word_1_172' title='bbox 181 2686 207 2727; x_wconf 89' lang='lat' dir='ltr'><strong>et</strong></span> <span class='ocrx_word' id='word_1_173' title='bbox 221 2676 364 2728; x_wconf 82' lang='lat' dir='ltr'><strong>utilitatem</strong></span> <span class='ocrx_word' id='word_1_174' title='bbox 380 2677 408 2726; x_wconf 92' lang='lat' dir='ltr'><strong>in</strong></span> <span class='ocrx_word' id='word_1_175' title='bbox 422 2676 560 2726; x_wconf 89' lang='lat' dir='ltr'><strong>communi</strong></span> <span class='ocrx_word' id='word_1_176' title='bbox 579 2677 630 2727; x_wconf 90' lang='lat' dir='ltr'><strong>ha-</strong></span> 
     </span>
     <span class='ocr_line' id='line_1_35' title="bbox 95 2749 630 2814; baseline -0.004 -13"><span class='ocrx_word' id='word_1_177' title='bbox 95 2751 203 2811; x_wconf 83' lang='lat' dir='ltr'><strong>bebant,</strong></span> <span class='ocrx_word' id='word_1_178' title='bbox 223 2761 252 2801; x_wconf 90' lang='lat' dir='ltr'><strong>et</strong></span> <span class='ocrx_word' id='word_1_179' title='bbox 266 2750 326 2800; x_wconf 89' lang='lat' dir='ltr'><strong>ideo</strong></span> <span class='ocrx_word' id='word_1_180' title='bbox 350 2749 414 2799; x_wconf 89' lang='lat' dir='ltr'><strong>fecit</strong></span> <span class='ocrx_word' id='word_1_181' title='bbox 429 2764 495 2799; x_wconf 89' lang='lat' dir='ltr'><strong>eum</strong></span> <span class='ocrx_word' id='word_1_182' title='bbox 507 2764 630 2814; x_wconf 71' lang='lat' dir='ltr'><strong>prasea-</strong></span> 
     </span>
     <span class='ocr_line' id='line_1_36' title="bbox 94 2818 632 2887; baseline -0.002 -17"><span class='ocrx_word' id='word_1_183' title='bbox 94 2821 145 2872; x_wconf 83' lang='lat' dir='ltr'><strong>rari</strong></span> <span class='ocrx_word' id='word_1_184' title='bbox 169 2822 254 2871; x_wconf 81' lang='lat' dir='ltr'><strong>Annae</strong></span> <span class='ocrx_word' id='word_1_185' title='bbox 280 2831 408 2887; x_wconf 81' lang='lat' dir='ltr'><strong>tanquam</strong></span> <span class='ocrx_word' id='word_1_186' title='bbox 431 2818 572 2883; x_wconf 78' lang='lat' dir='ltr'><strong>conjudici,</strong></span> <span class='ocrx_word' id='word_1_187' title='bbox 596 2819 632 2869; x_wconf 88' lang='lat' dir='ltr'><strong>ad</strong></span> 
     </span>
     <span class='ocr_line' id='line_1_37' title="bbox 94 2894 629 2963; baseline -0.007 -15"><span class='ocrx_word' id='word_1_188' title='bbox 94 2911 177 2963; x_wconf 86' lang='lat' dir='ltr'><strong>quem</strong></span> <span class='ocrx_word' id='word_1_189' title='bbox 200 2896 270 2947; x_wconf 79' lang='lat' dir='ltr'><strong>scire</strong></span> <span class='ocrx_word' id='word_1_190' title='bbox 291 2896 324 2945; x_wconf 90' lang='lat' dir='ltr'><strong>de</strong></span> <span class='ocrx_word' id='word_1_191' title='bbox 343 2894 443 2960; x_wconf 73' lang='lat' dir='ltr'><strong>Judicio</strong></span> <span class='ocrx_word' id='word_1_192' title='bbox 469 2894 629 2959; x_wconf 79' lang='lat' dir='ltr'><strong>pertinebat,</strong></span> 
     </span>
     <span class='ocr_line' id='line_1_38' title="bbox 94 2964 630 3032; baseline -0.006 -15"><span class='ocrx_word' id='word_1_193' title='bbox 94 2977 121 3017; x_wconf 87' lang='lat' dir='ltr'><strong>et</strong></span> <span class='ocrx_word' id='word_1_194' title='bbox 134 2976 167 3017; x_wconf 90' lang='lat' dir='ltr'><strong>ut</strong></span> <span class='ocrx_word' id='word_1_195' title='bbox 178 2966 305 3018; x_wconf 84' lang='lat' dir='ltr'><strong>Christus</strong></span> <span class='ocrx_word' id='word_1_196' title='bbox 318 2965 403 3032; x_wconf 79' lang='lat' dir='ltr'><strong>magis</strong></span> <span class='ocrx_word' id='word_1_197' title='bbox 418 2964 521 3031; x_wconf 84' lang='lat' dir='ltr'><strong>dignus</strong></span> <span class='ocrx_word' id='word_1_198' title='bbox 533 2975 630 3024; x_wconf 83' lang='lat' dir='ltr'><strong>morte,</strong></span> 
     </span>
     <span class='ocr_line' id='line_1_39' title="bbox 95 3034 631 3104; baseline 0 -18"><span class='ocrx_word' id='word_1_199' title='bbox 95 3047 128 3087; x_wconf 90' lang='lat' dir='ltr'><strong>et.</strong></span> <span class='ocrx_word' id='word_1_200' title='bbox 150 3052 198 3102; x_wconf 90' lang='lat' dir='ltr'><strong>per</strong></span> <span class='ocrx_word' id='word_1_201' title='bbox 227 3052 397 3104; x_wconf 80' lang='lat' dir='ltr'><strong>consequens</strong></span> <span class='ocrx_word' id='word_1_202' title='bbox 428 3035 486 3102; x_wconf 83' lang='lat' dir='ltr'><strong>ipae</strong></span> <span class='ocrx_word' id='word_1_203' title='bbox 512 3034 631 3101; x_wconf 85' lang='lat' dir='ltr'><strong>Caiphae</strong></span> 
     </span>
     <span class='ocr_line' id='line_1_40' title="bbox 94 3107 629 3175; baseline 0.006 -18"><span class='ocrx_word' id='word_1_204' title='bbox 94 3107 208 3158; x_wconf 86' lang='lat' dir='ltr'><strong>minoris</strong></span> <span class='ocrx_word' id='word_1_205' title='bbox 218 3111 304 3175; x_wconf 85' lang='lat' dir='ltr'><strong>culpae</strong></span> <span class='ocrx_word' id='word_1_206' title='bbox 317 3109 460 3173; x_wconf 90' lang='lat' dir='ltr'><strong>videretur,</strong></span> <span class='ocrx_word' id='word_1_207' title='bbox 477 3108 504 3159; x_wconf 88' lang='lat' dir='ltr'><strong>si</strong></span> <span class='ocrx_word' id='word_1_208' title='bbox 517 3109 629 3160; x_wconf 87' lang='lat' dir='ltr'><strong>alterius</strong></span> 
     </span>
     <span class='ocr_line' id='line_1_41' title="bbox 94 3182 627 3247; baseline 0.002 -16"><span class='ocrx_word' id='word_1_209' title='bbox 94 3197 206 3247; x_wconf 77' lang='lat' dir='ltr'><strong>quoque</strong></span> <span class='ocrx_word' id='word_1_210' title='bbox 216 3182 418 3233; x_wconf 77' lang='lat' dir='ltr'><strong>consacerdotis</strong></span> <span class='ocrx_word' id='word_1_211' title='bbox 431 3182 474 3233; x_wconf 87' lang='lat' dir='ltr'><strong>sui</strong></span> <span class='ocrx_word' id='word_1_212' title='bbox 484 3182 627 3241; x_wconf 81' lang='lat' dir='ltr'><strong>sententia,</strong></span> 
     </span>
     <span class='ocr_line' id='line_1_42' title="bbox 93 3252 628 3318; baseline 0.002 -17"><span class='ocrx_word' id='word_1_213' title='bbox 93 3261 120 3301; x_wconf 86' lang='lat' dir='ltr'><strong>et</strong></span> <span class='ocrx_word' id='word_1_214' title='bbox 139 3266 229 3301; x_wconf 87' lang='lat' dir='ltr'><strong>coram</strong></span> <span class='ocrx_word' id='word_1_215' title='bbox 250 3252 386 3317; x_wconf 81' lang='lat' dir='ltr'><strong>judicibus</strong></span> <span class='ocrx_word' id='word_1_216' title='bbox 407 3253 529 3318; x_wconf 89' lang='lat' dir='ltr'><strong>pluribus</strong></span> <span class='ocrx_word' id='word_1_217' title='bbox 543 3253 628 3303; x_wconf 88' lang='lat' dir='ltr'><strong>Chri-</strong></span> 
     </span>
     <span class='ocr_line' id='line_1_43' title="bbox 93 3322 626 3374; baseline 0.002 -3"><span class='ocrx_word' id='word_1_218' title='bbox 93 3331 152 3372; x_wconf 88' lang='lat' dir='ltr'><strong>stus</strong></span> <span class='ocrx_word' id='word_1_219' title='bbox 176 3322 414 3373; x_wconf 78' lang='lat' dir='ltr'><strong>condemnaretur..</strong></span> <span class='ocrx_word' id='word_1_220' title='bbox 435 3323 470 3374; x_wconf 88' lang='lat' dir='ltr'><strong>Et</strong></span> <span class='ocrx_word' id='word_1_221' title='bbox 493 3324 555 3373; x_wconf 86' lang='lat' dir='ltr'><strong>licet</strong></span> <span class='ocrx_word' id='word_1_222' title='bbox 581 3323 626 3373; x_wconf 84' lang='lat' dir='ltr'><strong>isti</strong></span> 
     </span>
     <span class='ocr_line' id='line_1_44' title="bbox 92 3394 628 3461; baseline 0.004 -16"><span class='ocrx_word' id='word_1_223' title='bbox 92 3394 233 3461; x_wconf 80' lang='lat' dir='ltr'><strong>pontifices</strong></span> <span class='ocrx_word' id='word_1_224' title='bbox 250 3397 406 3447; x_wconf 77' lang='lat' dir='ltr'><strong>ludentum</strong></span> <span class='ocrx_word' id='word_1_225' title='bbox 427 3412 480 3447; x_wconf 90' lang='lat' dir='ltr'><strong>non</strong></span> <span class='ocrx_word' id='word_1_226' title='bbox 496 3397 628 3448; x_wconf 84' lang='lat' dir='ltr'><strong>haberent</strong></span> 
     </span>
     <span class='ocr_line' id='line_1_45' title="bbox 91 3465 629 3533; baseline 0.004 -17"><span class='ocrx_word' id='word_1_227' title='bbox 91 3466 226 3532; x_wconf 69' lang='lat' dir='ltr'><strong>judicium</strong></span> <span class='ocrx_word' id='word_1_228' title='bbox 247 3466 401 3533; x_wconf 78' lang='lat' dir='ltr'><strong>sanguinis,</strong></span> <span class='ocrx_word' id='word_1_229' title='bbox 426 3465 563 3517; x_wconf 75' lang='lat' dir='ltr'><strong>habebant</strong></span> <span class='ocrx_word' id='word_1_230' title='bbox 583 3476 629 3518; x_wconf 84' lang='lat' dir='ltr'><strong>ta-</strong></span> 
     </span>
     <span class='ocr_line' id='line_1_46' title="bbox 91 3537 628 3605; baseline 0 -17"><span class='ocrx_word' id='word_1_231' title='bbox 91 3553 164 3588; x_wconf 88' lang='lat' dir='ltr'><strong>men.</strong></span> <span class='ocrx_word' id='word_1_232' title='bbox 178 3539 309 3603; x_wconf 82' lang='lat' dir='ltr'><strong>judicium</strong></span> <span class='ocrx_word' id='word_1_233' title='bbox 329 3538 474 3598; x_wconf 82' lang='lat' dir='ltr'><strong>examinis,</strong></span> <span class='ocrx_word' id='word_1_234' title='bbox 491 3538 556 3605; x_wconf 80' lang='lat' dir='ltr'><strong>quia</strong></span> <span class='ocrx_word' id='word_1_235' title='bbox 572 3537 628 3604; x_wconf 84' lang='lat' dir='ltr'><strong>ipsi</strong></span> 
     </span>
     <span class='ocr_line' id='line_1_47' title="bbox 91 3609 626 3661; baseline 0.002 -2"><span class='ocrx_word' id='word_1_236' title='bbox 91 3609 281 3661; x_wconf 83' lang='lat' dir='ltr'><strong>examinabant</strong></span> <span class='ocrx_word' id='word_1_237' title='bbox 293 3625 386 3660; x_wconf 81' lang='lat' dir='ltr'><strong>caatsas</strong></span> <span class='ocrx_word' id='word_1_238' title='bbox 394 3610 426 3659; x_wconf 91' lang='lat' dir='ltr'><strong>ad</strong></span> <span class='ocrx_word' id='word_1_239' title='bbox 436 3609 505 3660; x_wconf 78' lang='lat' dir='ltr'><strong>ritus</strong></span> <span class='ocrx_word' id='word_1_240' title='bbox 517 3610 531 3660; x_wconf 90' lang='lat' dir='ltr'>J</span> <span class='ocrx_word' id='word_1_241' title='bbox 535 3609 626 3660; x_wconf 75' lang='lat' dir='ltr'><strong>udaeo-</strong></span> 
     </span>
     <span class='ocr_line' id='line_1_48' title="bbox 90 3679 628 3746; baseline -0.002 -15"><span class='ocrx_word' id='word_1_242' title='bbox 90 3696 152 3731; x_wconf 82' lang='lat' dir='ltr'><strong>rum</strong></span> <span class='ocrx_word' id='word_1_243' title='bbox 166 3691 321 3746; x_wconf 78' lang='lat' dir='ltr'><strong>spectantes,</strong></span> <span class='ocrx_word' id='word_1_244' title='bbox 336 3691 362 3731; x_wconf 91' lang='lat' dir='ltr'><strong>et</strong></span> <span class='ocrx_word' id='word_1_245' title='bbox 376 3690 469 3746; x_wconf 87' lang='lat' dir='ltr'><strong>postea</strong></span> <span class='ocrx_word' id='word_1_246' title='bbox 483 3679 628 3731; x_wconf 79' lang='lat' dir='ltr'><strong>mittebant</strong></span> 
     </span>
     <span class='ocr_line' id='line_1_49' title="bbox 90 3750 624 3802; baseline -0.006 0"><span class='ocrx_word' id='word_1_247' title='bbox 90 3751 126 3802; x_wconf 82' lang='lat' dir='ltr'><strong>ad</strong></span> <span class='ocrx_word' id='word_1_248' title='bbox 150 3751 294 3801; x_wconf 73' lang='lat' dir='ltr'><strong>Prasidem</strong></span> <span class='ocrx_word' id='word_1_249' title='bbox 317 3750 431 3801; x_wconf 69' lang='lat' dir='ltr'><strong>Caesaris</strong></span> <span class='ocrx_word' id='word_1_250' title='bbox 457 3765 554 3801; x_wconf 75' lang='lat' dir='ltr'><strong>causae</strong></span> <span class='ocrx_word' id='word_1_251' title='bbox 579 3750 624 3799; x_wconf 84' lang='lat' dir='ltr'><strong>in-</strong></span> 
     </span>
    </p>
   </div>
   <div class='ocr_carea' id='block_1_3' title="bbox 89 3821 646 3887">
    <p class='ocr_par' dir='ltr' id='par_1_3' title="bbox 89 3821 646 3887">
     <span class='ocr_line' id='line_1_50' title="bbox 89 3821 646 3887; baseline 0 -15"><span class='ocrx_word' id='word_1_252' title='bbox 89 3831 213 3873; x_wconf 83' lang='lat' dir='ltr'><strong>structas.</strong></span> <span class='ocrx_word' id='word_1_253' title='bbox 241 3821 397 3872; x_wconf 80' lang='lat' dir='ltr'><strong>Secundum</strong></span> <span class='ocrx_word' id='word_1_254' title='bbox 426 3821 527 3887; x_wconf 82' lang='lat' dir='ltr'><strong>Legem</strong></span> <span class='ocrx_word' id='word_1_255' title='bbox 551 3822 646 3872; x_wconf 73' lang='lat' dir='ltr'><strong>unus&#39;</strong></span> 
     </span>
    </p>
   </div>
   <div class='ocr_carea' id='block_1_4' title="bbox 91 3893 621 3957">
    <p class='ocr_par' dir='ltr' id='par_1_4' title="bbox 91 3893 621 3957">
     <span class='ocr_line' id='line_1_51' title="bbox 91 3893 621 3957; baseline 0 -14"><span class='ocrx_word' id='word_1_256' title='bbox 91 3908 218 3945; x_wconf 86' lang='lat' dir='ltr'><strong>summus</strong></span> <span class='ocrx_word' id='word_1_257' title='bbox 241 3893 363 3944; x_wconf 81' lang='lat' dir='ltr'><strong>sacerdos</strong></span> <span class='ocrx_word' id='word_1_258' title='bbox 381 3907 430 3957; x_wconf 89' lang='lat' dir='ltr'><strong>per</strong></span> <span class='ocrx_word' id='word_1_259' title='bbox 445 3902 529 3944; x_wconf 85' lang='lat' dir='ltr'><strong>totam</strong></span> <span class='ocrx_word' id='word_1_260' title='bbox 544 3908 621 3945; x_wconf 85' lang='lat' dir='ltr'><strong>suam</strong></span> 
     </span>
    </p>
   </div>
   <div class='ocr_carea' id='block_1_5' title="bbox 396 287 924 343">
    <p class='ocr_par' dir='ltr' id='par_1_5' title="bbox 396 287 924 343">
     <span class='ocr_line' id='line_1_52' title="bbox 396 287 924 343; baseline -0.006 0"><span class='ocrx_word' id='word_1_261' title='bbox 396 290 568 343; x_wconf 75' lang='lat' dir='ltr'><strong>SECUNDAE</strong></span> <span class='ocrx_word' id='word_1_262' title='bbox 583 288 623 339; x_wconf 79' lang='grc' dir='ltr'><strong>ΡΑ</strong></span> <span class='ocrx_word' id='word_1_263' title='bbox 629 288 707 339; x_wconf 79' lang='lat' dir='ltr'><strong>RTlS</strong></span> <span class='ocrx_word' id='word_1_264' title='bbox 722 288 839 339; x_wconf 58' lang='lat' dir='ltr'><strong>CAPUT</strong></span> <span class='ocrx_word' id='word_1_265' title='bbox 853 287 924 340; x_wconf 76' lang='lat' dir='ltr'><strong>le.</strong></span> 
     </span>
    </p>
   </div>
   <div class='ocr_carea' id='block_1_6' title="bbox 680 396 1221 612">
    <p class='ocr_par' dir='ltr' id='par_1_6' title="bbox 680 396 1221 612">
     <span class='ocr_line' id='line_1_53' title="bbox 680 396 1220 467; baseline -0.007 -16"><span class='ocrx_word' id='word_1_266' title='bbox 680 400 763 451; x_wconf 78' lang='lat' dir='ltr'><strong>vitam</strong></span> <span class='ocrx_word' id='word_1_267' title='bbox 784 399 877 451; x_wconf 87' lang='lat' dir='ltr'><strong>officio</strong></span> <span class='ocrx_word' id='word_1_268' title='bbox 893 398 1027 467; x_wconf 82' lang='lat' dir='ltr'><strong>pontificii</strong></span> <span class='ocrx_word' id='word_1_269' title='bbox 1044 396 1220 462; x_wconf 72' lang='lat' dir='ltr'><strong>frangebatur,</strong></span> 
     </span>
     <span class='ocr_line' id='line_1_54' title="bbox 680 470 1220 541; baseline -0.009 -16"><span class='ocrx_word' id='word_1_270' title='bbox 680 475 724 526; x_wconf 84' lang='lat' dir='ltr'><strong>cui</strong></span> <span class='ocrx_word' id='word_1_271' title='bbox 745 484 808 541; x_wconf 84' lang='lat' dir='ltr'><strong>post</strong></span> <span class='ocrx_word' id='word_1_272' title='bbox 823 486 941 525; x_wconf 86' lang='lat' dir='ltr'><strong>mortem</strong></span> <span class='ocrx_word' id='word_1_273' title='bbox 958 473 1030 524; x_wconf 79' lang='lat' dir='ltr'><strong>filius</strong></span> <span class='ocrx_word' id='word_1_274' title='bbox 1051 470 1220 531; x_wconf 72' lang='lat' dir='ltr'><strong>succedeban</strong></span> 
     </span>
     <span class='ocr_line' id='line_1_55' title="bbox 680 540 1221 612; baseline -0.009 -17"><span class='ocrx_word' id='word_1_275' title='bbox 680 556 712 595; x_wconf 86' lang='lat' dir='ltr'><strong>ut</strong></span> <span class='ocrx_word' id='word_1_276' title='bbox 724 545 910 612; x_wconf 78' lang='lat' dir='ltr'><strong>generationis</strong></span> <span class='ocrx_word' id='word_1_277' title='bbox 927 545 956 594; x_wconf 89' lang='lat' dir='ltr'><strong>in</strong></span> <span class='ocrx_word' id='word_1_278' title='bbox 971 540 1221 594; x_wconf 56' lang='lat' dir='ltr'><strong>sacedotibusroe·</strong></span> 
     </span>
    </p>
   </div>
   <div class='ocr_carea' id='block_1_7' title="bbox 656 613 1225 3961">
    <p class='ocr_par' dir='ltr' id='par_1_7' title="bbox 656 613 1225 3961">
     <span class='ocr_line' id='line_1_56' title="bbox 680 613 1220 666; baseline -0.007 0"><span class='ocrx_word' id='word_1_279' title='bbox 680 615 733 666; x_wconf 77' lang='lat' dir='ltr'><strong>rien</strong></span> <span class='ocrx_word' id='word_1_280' title='bbox 761 625 905 666; x_wconf 78' lang='lat' dir='ltr'><strong>tereretur.</strong></span> <span class='ocrx_word' id='word_1_281' title='bbox 944 613 1122 665; x_wconf 78' lang='lat' dir='ltr'><strong>Postmodum</strong></span> <span class='ocrx_word' id='word_1_282' title='bbox 1154 626 1220 663; x_wconf 72' lang='lat' dir='ltr'><strong>vero</strong></span> 
     </span>
     <span class='ocr_line' id='line_1_57' title="bbox 657 681 1220 749; baseline -0.005 -14"><span class='ocrx_word' id='word_1_283' title='bbox 657 685 783 737; x_wconf 60' lang='lat' dir='ltr'><strong>»inuidia</strong></span> <span class='ocrx_word' id='word_1_284' title='bbox 815 695 841 735; x_wconf 84' lang='lat' dir='ltr'><strong>et</strong></span> <span class='ocrx_word' id='word_1_285' title='bbox 875 685 1024 735; x_wconf 82' lang='lat' dir='ltr'><strong>ambitione</strong></span> <span class='ocrx_word' id='word_1_286' title='bbox 1062 681 1220 749; x_wconf 72' lang='lat' dir='ltr'><strong>principum</strong></span> 
     </span>
     <span class='ocr_line' id='line_1_58' title="bbox 680 752 1220 820; baseline -0.006 -14"><span class='ocrx_word' id='word_1_287' title='bbox 680 767 828 816; x_wconf 79' lang='lat' dir='ltr'><strong>crescente,</strong></span> <span class='ocrx_word' id='word_1_288' title='bbox 854 772 909 806; x_wconf 85' lang='lat' dir='ltr'><strong>non</strong></span> <span class='ocrx_word' id='word_1_289' title='bbox 940 755 1032 806; x_wconf 84' lang='lat' dir='ltr'><strong>solunt</strong></span> <span class='ocrx_word' id='word_1_290' title='bbox 1064 752 1134 820; x_wconf 76' lang='lat' dir='ltr'><strong>patri</strong></span> <span class='ocrx_word' id='word_1_291' title='bbox 1164 768 1220 819; x_wconf 77' lang='lat' dir='ltr'><strong>non</strong></span> 
     </span>
     <span class='ocr_line' id='line_1_59' title="bbox 656 825 1221 899; baseline -0.007 -21"><span class='ocrx_word' id='word_1_292' title='bbox 656 828 841 899; x_wconf 78' lang='lat' dir='ltr'><strong>¹succedebat</strong></span> <span class='ocrx_word' id='word_1_293' title='bbox 877 826 968 887; x_wconf 80' lang='lat' dir='ltr'><strong>lilius,</strong></span> <span class='ocrx_word' id='word_1_294' title='bbox 998 825 1049 876; x_wconf 83' lang='lat' dir='ltr'><strong>sed</strong></span> <span class='ocrx_word' id='word_1_295' title='bbox 1068 838 1121 875; x_wconf 84' lang='lat' dir='ltr'><strong>nee</strong></span> <span class='ocrx_word' id='word_1_296' title='bbox 1149 825 1221 875; x_wconf 66' lang='lat' dir='ltr'><strong>maru</strong></span> 
     </span>
     <span class='ocr_line' id='line_1_60' title="bbox 680 895 1222 967; baseline -0.006 -18"><span class='ocrx_word' id='word_1_297' title='bbox 680 915 785 951; x_wconf 85' lang='lat' dir='ltr'><strong>annum</strong></span> <span class='ocrx_word' id='word_1_298' title='bbox 824 900 892 967; x_wconf 75' lang='lat' dir='ltr'><strong>quis</strong></span> <span class='ocrx_word' id='word_1_299' title='bbox 931 898 1021 950; x_wconf 80' lang='lat' dir='ltr'><strong>officio</strong></span> <span class='ocrx_word' id='word_1_300' title='bbox 1056 895 1222 963; x_wconf 77' lang='lat' dir='ltr'><strong>fungebatur</strong></span> 
     </span>
     <span class='ocr_line' id='line_1_61' title="bbox 656 969 1222 1061; baseline -0.009 -38"><span class='ocrx_word' id='word_1_301' title='bbox 656 971 878 1061; x_wconf 67' lang='lat' dir='ltr'><strong>ppontificatus,</strong></span> <span class='ocrx_word' id='word_1_302' title='bbox 907 980 934 1022; x_wconf 86' lang='lat' dir='ltr'><strong>et</strong></span> <span class='ocrx_word' id='word_1_303' title='bbox 964 971 1016 1021; x_wconf 90' lang='lat' dir='ltr'><strong>hoc</strong></span> <span class='ocrx_word' id='word_1_304' title='bbox 1045 969 1141 1035; x_wconf 70' lang='lat' dir='ltr'><strong>&#39;ipsum&#39;</strong></span> <span class='ocrx_word' id='word_1_305' title='bbox 1169 984 1222 1035; x_wconf 84' lang='lat' dir='ltr'><strong>pe-</strong></span> 
     </span>
     <span class='ocr_line' id='line_1_62' title="bbox 657 1039 1221 1111; baseline -0.012 -17"><span class='ocrx_word' id='word_1_306' title='bbox 657 1042 760 1111; x_wconf 64' lang='lat' dir='ltr'><strong>peuuia</strong></span> <span class='ocrx_word' id='word_1_307' title='bbox 779 1042 938 1109; x_wconf 85' lang='lat' dir='ltr'><strong>procurabat</strong></span> <span class='ocrx_word' id='word_1_308' title='bbox 957 1057 976 1091; x_wconf 86' lang='lat' dir='ltr'><strong>a</strong></span> <span class='ocrx_word' id='word_1_309' title='bbox 998 1039 1139 1091; x_wconf 70' lang='lat' dir='ltr'><strong>Romame.</strong></span> <span class='ocrx_word' id='word_1_310' title='bbox 1159 1039 1221 1091; x_wconf 49' lang='lat' dir='ltr'><strong>blo„</strong></span> 
     </span>
     <span class='ocr_line' id='line_1_63' title="bbox 657 1109 1222 1199; baseline -0.005 -35"><span class='ocrx_word' id='word_1_311' title='bbox 657 1114 714 1199; x_wconf 59' lang='lat' dir='ltr'><strong>ide</strong></span> <span class='ocrx_word' id='word_1_312' title='bbox 734 1113 763 1163; x_wconf 89' lang='lat' dir='ltr'><strong>hi</strong></span> <span class='ocrx_word' id='word_1_313' title='bbox 782 1114 850 1173; x_wconf 82' lang='lat' dir='ltr'><strong>duo,</strong></span> <span class='ocrx_word' id='word_1_314' title='bbox 871 1112 972 1163; x_wconf 86' lang='lat' dir='ltr'><strong>scilicet</strong></span> <span class='ocrx_word' id='word_1_315' title='bbox 991 1113 1084 1161; x_wconf 83' lang='lat' dir='ltr'><strong>Annae</strong></span> <span class='ocrx_word' id='word_1_316' title='bbox 1106 1119 1141 1162; x_wconf 89' lang='lat' dir='ltr'><strong>et.</strong></span> <span class='ocrx_word' id='word_1_317' title='bbox 1156 1109 1222 1161; x_wconf 70' lang='lat' dir='ltr'><strong>ca·</strong></span> 
     </span>
     <span class='ocr_line' id='line_1_64' title="bbox 657 1184 1221 1249; baseline -0.002 -15"><span class='ocrx_word' id='word_1_318' title='bbox 657 1184 757 1249; x_wconf 56' lang='lat' dir='ltr'><strong>gphas,</strong></span> <span class='ocrx_word' id='word_1_319' title='bbox 782 1184 917 1249; x_wconf 83' lang='lat' dir='ltr'><strong>principer</strong></span> <span class='ocrx_word' id='word_1_320' title='bbox 943 1184 1221 1241; x_wconf 77' lang='lat' dir='ltr'><strong>sacerdotumeraat,</strong></span> 
     </span>
     <span class='ocr_line' id='line_1_65' title="bbox 657 1250 1222 1323; baseline -0.004 -20"><span class='ocrx_word' id='word_1_321' title='bbox 657 1250 743 1323; x_wconf 61' lang='lat' dir='ltr'><strong>ilicet</strong></span> <span class='ocrx_word' id='word_1_322' title='bbox 767 1253 801 1304; x_wconf 87' lang='lat' dir='ltr'><strong>de</strong></span> <span class='ocrx_word' id='word_1_323' title='bbox 823 1254 897 1303; x_wconf 85' lang='lat' dir='ltr'><strong>tribu</strong></span> <span class='ocrx_word' id='word_1_324' title='bbox 917 1253 979 1303; x_wconf 83' lang='lat' dir='ltr'><strong>Levi</strong></span> <span class='ocrx_word' id='word_1_325' title='bbox 1001 1268 1055 1302; x_wconf 93' lang='lat' dir='ltr'><strong>non</strong></span> <span class='ocrx_word' id='word_1_326' title='bbox 1076 1260 1222 1315; x_wconf 61' lang='lat' dir='ltr'><strong>essentnet</strong></span> 
     </span>
     <span class='ocr_line' id='line_1_66' title="bbox 658 1322 1222 1397; baseline -0.005 -23"><span class='ocrx_word' id='word_1_327' title='bbox 658 1342 662 1397; x_wconf 44' lang='grc' dir='ltr'><strong>ᾗ</strong></span> <span class='ocrx_word' id='word_1_328' title='bbox 682 1339 728 1390; x_wconf 80' lang='lat' dir='ltr'><strong>ptr</strong></span> <span class='ocrx_word' id='word_1_329' title='bbox 743 1324 822 1375; x_wconf 77' lang='lat' dir='ltr'><strong>tices.</strong></span> <span class='ocrx_word' id='word_1_330' title='bbox 832 1339 936 1374; x_wconf 87' lang='lat' dir='ltr'><strong>annuas</strong></span> <span class='ocrx_word' id='word_1_331' title='bbox 958 1322 1112 1374; x_wconf 82' lang='lat' dir='ltr'><strong>alternatim</strong></span> <span class='ocrx_word' id='word_1_332' title='bbox 1129 1336 1222 1372; x_wconf 71' lang='lat' dir='ltr'><strong>sacen·</strong></span> 
     </span>
     <span class='ocr_line' id='line_1_67' title="bbox 658 1393 1223 1461; baseline 0 -17"><span class='ocrx_word' id='word_1_333' title='bbox 658 1410 662 1457; x_wconf 62' lang='grc' dir='ltr'>ῃ</span> <span class='ocrx_word' id='word_1_334' title='bbox 681 1395 787 1446; x_wconf 84' lang='lat' dir='ltr'><strong>dotium</strong></span> <span class='ocrx_word' id='word_1_335' title='bbox 800 1395 1086 1461; x_wconf 74' lang='lat' dir='ltr'><strong>ministrabant„quotl</strong></span> <span class='ocrx_word' id='word_1_336' title='bbox 1097 1393 1223 1461; x_wconf 60' lang='lat' dir='ltr'><strong>quolibet</strong></span> 
     </span>
     <span class='ocr_line' id='line_1_68' title="bbox 659 1466 1222 1534; baseline -0.005 -16"><span class='ocrx_word' id='word_1_337' title='bbox 659 1483 753 1518; x_wconf 89' lang='lat' dir='ltr'><strong>·anno</strong></span> <span class='ocrx_word' id='word_1_338' title='bbox 777 1484 826 1534; x_wconf 90' lang='lat' dir='ltr'><strong>pro</strong></span> <span class='ocrx_word' id='word_1_339' title='bbox 852 1469 913 1518; x_wconf 81' lang='lat' dir='ltr'><strong>auia</strong></span> <span class='ocrx_word' id='word_1_340' title='bbox 930 1468 1041 1517; x_wconf 79' lang='lat' dir='ltr'><strong>vicibus</strong></span> <span class='ocrx_word' id='word_1_341' title='bbox 1056 1467 1090 1517; x_wconf 92' lang='lat' dir='ltr'><strong>ab</strong></span> <span class='ocrx_word' id='word_1_342' title='bbox 1113 1466 1222 1516; x_wconf 83' lang='lat' dir='ltr'><strong>Herode</strong></span> 
     </span>
     <span class='ocr_line' id='line_1_69' title="bbox 659 1534 1221 1598; baseline -0.009 -8"><span class='ocrx_word' id='word_1_343' title='bbox 659 1537 816 1598; x_wconf 58' lang='lat' dir='ltr'><strong>emebant,</strong></span> <span class='ocrx_word' id='word_1_344' title='bbox 837 1551 862 1588; x_wconf 87' lang='lat' dir='ltr'><strong>et</strong></span> <span class='ocrx_word' id='word_1_345' title='bbox 884 1548 939 1588; x_wconf 82' lang='lat' dir='ltr'><strong>erat</strong></span> <span class='ocrx_word' id='word_1_346' title='bbox 964 1547 1032 1587; x_wconf 85' lang='lat' dir='ltr'><strong>tune</strong></span> <span class='ocrx_word' id='word_1_347' title='bbox 1048 1550 1134 1586; x_wconf 88' lang='lat' dir='ltr'><strong>annus</strong></span> <span class='ocrx_word' id='word_1_348' title='bbox 1154 1534 1221 1585; x_wconf 80' lang='lat' dir='ltr'><strong>Cair-</strong></span> 
     </span>
     <span class='ocr_line' id='line_1_70' title="bbox 659 1607 1220 1675; baseline -0.011 -12"><span class='ocrx_word' id='word_1_349' title='bbox 659 1609 760 1675; x_wconf 72' lang='lat' dir='ltr'><strong>phac,</strong></span> <span class='ocrx_word' id='word_1_350' title='bbox 787 1625 850 1660; x_wconf 78' lang='lat' dir='ltr'><strong>curn</strong></span> <span class='ocrx_word' id='word_1_351' title='bbox 880 1625 975 1675; x_wconf 82' lang='lat' dir='ltr'><strong>passus</strong></span> <span class='ocrx_word' id='word_1_352' title='bbox 1000 1617 1041 1659; x_wconf 85' lang='lat' dir='ltr'><strong>est</strong></span> <span class='ocrx_word' id='word_1_353' title='bbox 1067 1607 1220 1667; x_wconf 74' lang='lat' dir='ltr'><strong>Dominus,</strong></span> 
     </span>
     <span class='ocr_line' id='line_1_71' title="bbox 659 1677 1220 1747; baseline -0.004 -17"><span class='ocrx_word' id='word_1_354' title='bbox 659 1724 663 1747; x_wconf 68' lang='lat'><strong><em>‚</em></strong></span> <span class='ocrx_word' id='word_1_355' title='bbox 682 1680 753 1746; x_wconf 76' lang='lat' dir='ltr'><strong>quia</strong></span> <span class='ocrx_word' id='word_1_356' title='bbox 766 1687 827 1730; x_wconf 83' lang='lat' dir='ltr'><strong>erat</strong></span> <span class='ocrx_word' id='word_1_357' title='bbox 843 1680 977 1746; x_wconf 77' lang='lat' dir='ltr'><strong>pontifex</strong></span> <span class='ocrx_word' id='word_1_358' title='bbox 1001 1678 1068 1730; x_wconf 79' lang='lat' dir='ltr'><strong>anni</strong></span> <span class='ocrx_word' id='word_1_359' title='bbox 1085 1677 1175 1740; x_wconf 63' lang='lat' dir='ltr'><strong>illius,</strong></span> <span class='ocrx_word' id='word_1_360' title='bbox 1191 1678 1220 1729; x_wconf 82' lang='lat' dir='ltr'><strong>id</strong></span> 
     </span>
     <span class='ocr_line' id='line_1_72' title="bbox 683 1749 1220 1801; baseline 0 0"><span class='ocrx_word' id='word_1_361' title='bbox 683 1760 725 1801; x_wconf 83' lang='lat' dir='ltr'><strong>est</strong></span> <span class='ocrx_word' id='word_1_362' title='bbox 749 1751 1015 1801; x_wconf 85' lang='lat' dir='ltr'><strong>administrationem</strong></span> <span class='ocrx_word' id='word_1_363' title='bbox 1044 1749 1111 1800; x_wconf 87' lang='lat' dir='ltr'><strong>anni</strong></span> <span class='ocrx_word' id='word_1_364' title='bbox 1143 1749 1220 1801; x_wconf 80' lang='lat' dir='ltr'><strong>illius</strong></span> 
     </span>
     <span class='ocr_line' id='line_1_73' title="bbox 683 1819 1221 1888; baseline 0 -17"><span class='ocrx_word' id='word_1_365' title='bbox 683 1821 808 1883; x_wconf 78' lang='lat' dir='ltr'><strong>babebat,</strong></span> <span class='ocrx_word' id='word_1_366' title='bbox 824 1823 949 1888; x_wconf 83' lang='lat' dir='ltr'><strong>quamvis</strong></span> <span class='ocrx_word' id='word_1_367' title='bbox 962 1821 1093 1886; x_wconf 81' lang='lat' dir='ltr'><strong>judicium</strong></span> <span class='ocrx_word' id='word_1_368' title='bbox 1115 1829 1142 1871; x_wconf 83' lang='lat' dir='ltr'><strong>et</strong></span> <span class='ocrx_word' id='word_1_369' title='bbox 1161 1819 1221 1871; x_wconf 78' lang='lat' dir='ltr'><strong>uti-</strong></span> 
     </span>
     <span class='ocr_line' id='line_1_74' title="bbox 659 1892 1220 1960; baseline -0.004 -17"><span class='ocrx_word' id='word_1_370' title='bbox 659 1918 664 1931; x_wconf 91' lang='lat'><strong>·</strong></span> <span class='ocrx_word' id='word_1_371' title='bbox 682 1894 750 1945; x_wconf 85' lang='lat' dir='ltr'><strong>litas.</strong></span> <span class='ocrx_word' id='word_1_372' title='bbox 764 1894 856 1960; x_wconf 79' lang='lat' dir='ltr'><strong>judicii</strong></span> <span class='ocrx_word' id='word_1_373' title='bbox 878 1893 1058 1943; x_wconf 84' lang='lat' dir='ltr'><strong>communiter</strong></span> <span class='ocrx_word' id='word_1_374' title='bbox 1074 1892 1220 1942; x_wconf 83' lang='lat' dir='ltr'><strong>amborum</strong></span> 
     </span>
     <span class='ocr_line' id='line_1_75' title="bbox 683 1963 1220 2031; baseline 0 -16"><span class='ocrx_word' id='word_1_375' title='bbox 683 1975 766 2016; x_wconf 73' lang='lat' dir='ltr'><strong>essetu</strong></span> <span class='ocrx_word' id='word_1_376' title='bbox 782 1965 843 2015; x_wconf 90' lang='lat' dir='ltr'><strong>Non</strong></span> <span class='ocrx_word' id='word_1_377' title='bbox 864 1980 927 2031; x_wconf 81' lang='lat' dir='ltr'><strong>ergo</strong></span> <span class='ocrx_word' id='word_1_378' title='bbox 952 1964 1057 2014; x_wconf 86' lang='lat' dir='ltr'><strong>mirum</strong></span> <span class='ocrx_word' id='word_1_379' title='bbox 1080 1963 1110 2014; x_wconf 88' lang='lat' dir='ltr'><strong>si.</strong></span> <span class='ocrx_word' id='word_1_380' title='bbox 1128 1963 1220 2030; x_wconf 76' lang='lat' dir='ltr'><strong>iniqui</strong></span> 
     </span>
     <span class='ocr_line' id='line_1_76' title="bbox 684 2036 1221 2104; baseline 0.002 -18"><span class='ocrx_word' id='word_1_381' title='bbox 684 2036 824 2104; x_wconf 83' lang='lat' dir='ltr'><strong>pontifices</strong></span> <span class='ocrx_word' id='word_1_382' title='bbox 850 2037 943 2104; x_wconf 89' lang='lat' dir='ltr'><strong>inique</strong></span> <span class='ocrx_word' id='word_1_383' title='bbox 968 2037 1176 2100; x_wconf 77' lang='lat' dir='ltr'><strong>iudicaverunt„</strong></span> <span class='ocrx_word' id='word_1_384' title='bbox 1195 2047 1221 2087; x_wconf 88' lang='lat' dir='ltr'><strong>et</strong></span> 
     </span>
     <span class='ocr_line' id='line_1_77' title="bbox 683 2105 1221 2174; baseline -0.004 -15"><span class='ocrx_word' id='word_1_385' title='bbox 683 2108 804 2159; x_wconf 84' lang='lat' dir='ltr'><strong>officiunt</strong></span> <span class='ocrx_word' id='word_1_386' title='bbox 821 2107 1002 2174; x_wconf 81' lang='lat' dir='ltr'><strong>pontificatus,</strong></span> <span class='ocrx_word' id='word_1_387' title='bbox 1018 2117 1074 2157; x_wconf 85' lang='lat' dir='ltr'><strong>tam</strong></span> <span class='ocrx_word' id='word_1_388' title='bbox 1095 2105 1221 2173; x_wconf 83' lang='lat' dir='ltr'><strong>nequiter</strong></span> 
     </span>
     <span class='ocr_line' id='line_1_78' title="bbox 660 2179 1221 2247; baseline -0.002 -16"><span class='ocrx_word' id='word_1_389' title='bbox 660 2218 663 2223; x_wconf 86' lang='lat'>-</span> <span class='ocrx_word' id='word_1_390' title='bbox 682 2181 781 2247; x_wconf 83' lang='lat' dir='ltr'><strong>adepti,</strong></span> <span class='ocrx_word' id='word_1_391' title='bbox 798 2197 854 2232; x_wconf 89' lang='lat' dir='ltr'><strong>rern</strong></span> <span class='ocrx_word' id='word_1_392' title='bbox 870 2182 908 2231; x_wconf 89' lang='lat' dir='ltr'><strong>sic</strong></span> <span class='ocrx_word' id='word_1_393' title='bbox 926 2179 1057 2231; x_wconf 86' lang='lat' dir='ltr'><strong>nefariam</strong></span> <span class='ocrx_word' id='word_1_394' title='bbox 1068 2190 1221 2245; x_wconf 76' lang='lat' dir='ltr'><strong>gesserunt.</strong></span> 
     </span>
     <span class='ocr_line' id='line_1_79' title="bbox 659 2252 1220 2321; baseline -0.004 -16"><span class='ocrx_word' id='word_1_395' title='bbox 659 2254 664 2317; x_wconf 61' lang='grc' dir='ltr'><strong>ᾗ</strong></span> <span class='ocrx_word' id='word_1_396' title='bbox 683 2256 759 2321; x_wconf 79' lang='lat' dir='ltr'><strong>Saepe</strong></span> <span class='ocrx_word' id='word_1_397' title='bbox 784 2255 856 2305; x_wconf 87' lang='lat' dir='ltr'><strong>enirn</strong></span> <span class='ocrx_word' id='word_1_398' title='bbox 879 2253 926 2320; x_wconf 75' lang='lat' dir='ltr'><strong>qui</strong></span> <span class='ocrx_word' id='word_1_399' title='bbox 951 2269 998 2319; x_wconf 90' lang='lat' dir='ltr'><strong>per</strong></span> <span class='ocrx_word' id='word_1_400' title='bbox 1021 2252 1163 2303; x_wconf 77' lang='lat' dir='ltr'><strong>auaritiam</strong></span> <span class='ocrx_word' id='word_1_401' title='bbox 1177 2253 1220 2303; x_wconf 77' lang='lat' dir='ltr'><strong>nel</strong></span> 
     </span>
     <span class='ocr_line' id='line_1_80' title="bbox 660 2325 1219 2385; baseline -0.004 -7"><span class='ocrx_word' id='word_1_402' title='bbox 660 2358 664 2385; x_wconf 71' lang='lat' dir='ltr'><strong>e</strong></span> <span class='ocrx_word' id='word_1_403' title='bbox 682 2327 862 2378; x_wconf 80' lang='lat' dir='ltr'><strong>ambitionem</strong></span> <span class='ocrx_word' id='word_1_404' title='bbox 875 2327 908 2376; x_wconf 85' lang='lat' dir='ltr'><strong>ad</strong></span> <span class='ocrx_word' id='word_1_405' title='bbox 925 2325 1104 2377; x_wconf 78' lang='lat' dir='ltr'><strong>sacerdotium</strong></span> <span class='ocrx_word' id='word_1_406' title='bbox 1127 2335 1158 2376; x_wconf 87' lang='lat' dir='ltr'><strong>et</strong></span> <span class='ocrx_word' id='word_1_407' title='bbox 1174 2325 1219 2376; x_wconf 78' lang='lat' dir='ltr'><strong>ai-</strong></span> 
     </span>
     <span class='ocr_line' id='line_1_81' title="bbox 660 2395 1220 2464; baseline -0.005 -15"><span class='ocrx_word' id='word_1_408' title='bbox 660 2398 816 2464; x_wconf 45' lang='lat' dir='ltr'><strong>;gnitatcm</strong></span> <span class='ocrx_word' id='word_1_409' title='bbox 844 2397 955 2457; x_wconf 84' lang='lat' dir='ltr'><strong>aceedit,</strong></span> <span class='ocrx_word' id='word_1_410' title='bbox 983 2412 1030 2463; x_wconf 87' lang='lat' dir='ltr'><strong>per</strong></span> <span class='ocrx_word' id='word_1_411' title='bbox 1057 2395 1220 2460; x_wconf 86' lang='lat' dir='ltr'><strong>injustitiam</strong></span> 
     </span>
     <span class='ocr_line' id='line_1_82' title="bbox 660 2464 1220 2527; baseline -0.007 -8"><span class='ocrx_word' id='word_1_412' title='bbox 660 2466 664 2507; x_wconf 75' lang='grc' dir='ltr'><strong>ἓ</strong></span> <span class='ocrx_word' id='word_1_413' title='bbox 683 2469 711 2518; x_wconf 93' lang='lat' dir='ltr'><strong>in</strong></span> <span class='ocrx_word' id='word_1_414' title='bbox 728 2468 771 2518; x_wconf 84' lang='lat' dir='ltr'><strong>eis</strong></span> <span class='ocrx_word' id='word_1_415' title='bbox 783 2478 913 2527; x_wconf 79' lang='lat' dir='ltr'><strong>servatur,</strong></span> <span class='ocrx_word' id='word_1_416' title='bbox 935 2477 961 2517; x_wconf 90' lang='lat' dir='ltr'><strong>et</strong></span> <span class='ocrx_word' id='word_1_417' title='bbox 982 2466 1146 2516; x_wconf 84' lang='lat' dir='ltr'><strong>sceleratum</strong></span> <span class='ocrx_word' id='word_1_418' title='bbox 1161 2464 1220 2516; x_wconf 83' lang='lat' dir='ltr'><strong>ini-</strong></span> 
     </span>
     <span class='ocr_line' id='line_1_83' title="bbox 659 2510 1220 2591; baseline -0.005 -1"><span class='ocrx_word' id='word_1_419' title='bbox 659 2510 752 2591; x_wconf 75' lang='lat' dir='ltr'><strong>ltium</strong></span> <span class='ocrx_word' id='word_1_420' title='bbox 784 2537 893 2589; x_wconf 86' lang='lat' dir='ltr'><strong>funesto</strong></span> <span class='ocrx_word' id='word_1_421' title='bbox 921 2536 975 2587; x_wconf 89' lang='lat' dir='ltr'><strong>fine</strong></span> <span class='ocrx_word' id='word_1_422' title='bbox 1004 2546 1220 2587; x_wconf 78' lang='lat' dir='ltr'><strong>consummatur.</strong></span> 
     </span>
     <span class='ocr_line' id='line_1_84' title="bbox 659 2596 1222 2693; baseline -0.005 -32"><span class='ocrx_word' id='word_1_423' title='bbox 659 2596 664 2693; x_wconf 74' lang='grc' dir='ltr'>Ι</span> <span class='ocrx_word' id='word_1_424' title='bbox 682 2610 750 2661; x_wconf 91' lang='lat' dir='ltr'><strong>Vide</strong></span> <span class='ocrx_word' id='word_1_425' title='bbox 773 2609 901 2668; x_wconf 85' lang='lat' dir='ltr'><strong>simonia,</strong></span> <span class='ocrx_word' id='word_1_426' title='bbox 920 2608 1077 2668; x_wconf 85' lang='lat' dir='ltr'><strong>ambitione,</strong></span> <span class='ocrx_word' id='word_1_427' title='bbox 1095 2618 1121 2658; x_wconf 92' lang='lat' dir='ltr'><strong>et</strong></span> <span class='ocrx_word' id='word_1_428' title='bbox 1142 2608 1222 2659; x_wconf 80' lang='lat' dir='ltr'><strong>schi-</strong></span> 
     </span>
     <span class='ocr_line' id='line_1_85' title="bbox 660 2679 1219 2745; baseline 0 -16"><span class='ocrx_word' id='word_1_429' title='bbox 660 2696 664 2745; x_wconf 69' lang='lat'>5</span> <span class='ocrx_word' id='word_1_430' title='bbox 682 2690 768 2731; x_wconf 82' lang='lat' dir='ltr'><strong>amate</strong></span> <span class='ocrx_word' id='word_1_431' title='bbox 781 2680 960 2730; x_wconf 81' lang='lat' dir='ltr'><strong>sacerdotium</strong></span> <span class='ocrx_word' id='word_1_432' title='bbox 975 2693 1119 2745; x_wconf 83' lang='lat' dir='ltr'><strong>synagogae</strong></span> <span class='ocrx_word' id='word_1_433' title='bbox 1134 2679 1219 2744; x_wconf 84' lang='lat' dir='ltr'><strong>depe·</strong></span> 
     </span>
     <span class='ocr_line' id='line_1_86' title="bbox 659 2749 1218 2813; baseline 0.002 -15"><span class='ocrx_word' id='word_1_434' title='bbox 659 2752 664 2813; x_wconf 72' lang='grc' dir='ltr'>ζ</span> <span class='ocrx_word' id='word_1_435' title='bbox 682 2749 764 2813; x_wconf 64' lang='lat' dir='ltr'><strong>risset</strong></span> <span class='ocrx_word' id='word_1_436' title='bbox 780 2761 869 2799; x_wconf 82' lang='lat' dir='ltr'><strong>caveat</strong></span> <span class='ocrx_word' id='word_1_437' title='bbox 885 2750 944 2799; x_wconf 82' lang='lat' dir='ltr'><strong>haee</strong></span> <span class='ocrx_word' id='word_1_438' title='bbox 966 2749 1098 2810; x_wconf 76' lang='lat' dir='ltr'><strong>Ecclesia,</strong></span> <span class='ocrx_word' id='word_1_439' title='bbox 1111 2764 1148 2800; x_wconf 82' lang='lat' dir='ltr'><strong>ne</strong></span> <span class='ocrx_word' id='word_1_440' title='bbox 1166 2749 1218 2801; x_wconf 80' lang='lat' dir='ltr'><strong>sibi</strong></span> 
     </span>
     <span class='ocr_line' id='line_1_87' title="bbox 660 2820 965 2887; baseline 0 -16"><span class='ocrx_word' id='word_1_441' title='bbox 660 2821 928 2887; x_wconf 60' lang='lat' dir='ltr'><strong>&#39;eontinmtsimila</strong></span> <span class='ocrx_word' id='word_1_442' title='bbox 962 2820 965 2825; x_wconf 82' lang='grc'>’</span> 
     </span>
     <span class='ocr_line' id='line_1_88' title="bbox 660 2884 1220 2965; baseline 0.002 -23"><span class='ocrx_word' id='word_1_443' title='bbox 660 2884 664 2965; x_wconf 48' lang='grc' dir='ltr'>ξ</span> <span class='ocrx_word' id='word_1_444' title='bbox 713 2907 755 2960; x_wconf 75' lang='lat'><strong>29</strong></span> <span class='ocrx_word' id='word_1_445' title='bbox 767 2893 869 2945; x_wconf 75' lang='lat' dir='ltr'><strong>Novius</strong></span> <span class='ocrx_word' id='word_1_446' title='bbox 883 2908 983 2943; x_wconf 86' lang='lat' dir='ltr'><strong>oucrus</strong></span> <span class='ocrx_word' id='word_1_447' title='bbox 996 2907 1060 2942; x_wconf 78' lang='lat' dir='ltr'><strong>rurs</strong></span> <span class='ocrx_word' id='word_1_448' title='bbox 1072 2891 1220 2951; x_wconf 73' lang='lat' dir='ltr'><strong>emmas,</strong></span> 
     </span>
     <span class='ocr_line' id='line_1_89' title="bbox 682 2979 1222 3015; baseline 0.002 -1"><span class='ocrx_word' id='word_1_449' title='bbox 682 2979 752 3015; x_wconf 81' lang='lat' dir='ltr'><strong>uuor</strong></span> <span class='ocrx_word' id='word_1_450' title='bbox 783 2980 896 3015; x_wconf 78' lang='lat' dir='ltr'><strong>navarro</strong></span> <span class='ocrx_word' id='word_1_451' title='bbox 926 2979 1108 3015; x_wconf 78' lang='lat' dir='ltr'><strong>vrscrurronrs-</strong></span> <span class='ocrx_word' id='word_1_452' title='bbox 1129 2979 1222 3015; x_wconf 78' lang='lat' dir='ltr'><strong>novari</strong></span> 
     </span>
     <span class='ocr_line' id='line_1_90' title="bbox 661 3038 1223 3107; baseline 0.002 -19"><span class='ocrx_word' id='word_1_453' title='bbox 661 3053 851 3107; x_wconf 70' lang='lat' dir='ltr'><strong>¹rrrrnnonuu.</strong></span> <span class='ocrx_word' id='word_1_454' title='bbox 869 3066 899 3077; x_wconf 91' lang='lat'><strong>-·</strong></span> <span class='ocrx_word' id='word_1_455' title='bbox 921 3039 998 3090; x_wconf 83' lang='lat' dir='ltr'><strong>Circa</strong></span> <span class='ocrx_word' id='word_1_456' title='bbox 1019 3039 1091 3089; x_wconf 87' lang='lat' dir='ltr'><strong>hunc</strong></span> <span class='ocrx_word' id='word_1_457' title='bbox 1115 3038 1223 3089; x_wconf 73' lang='lat' dir='ltr'><strong>amicu-</strong></span> 
     </span>
     <span class='ocr_line' id='line_1_91' title="bbox 661 3108 1221 3172; baseline 0.005 -15"><span class='ocrx_word' id='word_1_458' title='bbox 661 3110 664 3157; x_wconf 76' lang='lat'><em>2</em></span> <span class='ocrx_word' id='word_1_459' title='bbox 680 3109 747 3172; x_wconf 83' lang='lat' dir='ltr'><strong>lum,</strong></span> <span class='ocrx_word' id='word_1_460' title='bbox 764 3110 865 3160; x_wconf 87' lang='lat' dir='ltr'><strong>seilicet</strong></span> <span class='ocrx_word' id='word_1_461' title='bbox 879 3110 1033 3161; x_wconf 87' lang='lat' dir='ltr'><strong>ductionem</strong></span> <span class='ocrx_word' id='word_1_462' title='bbox 1045 3108 1160 3170; x_wconf 89' lang='lat' dir='ltr'><strong>Christi,</strong></span> <span class='ocrx_word' id='word_1_463' title='bbox 1176 3120 1221 3160; x_wconf 80' lang='lat' dir='ltr'><strong>est</strong></span> 
     </span>
     <span class='ocr_line' id='line_1_92' title="bbox 660 3176 1222 3248; baseline 0.002 -17"><span class='ocrx_word' id='word_1_464' title='bbox 660 3176 917 3242; x_wconf 69' lang='lat' dir='ltr'><strong>&#39;considerandum</strong></span> <span class='ocrx_word' id='word_1_465' title='bbox 939 3182 1014 3248; x_wconf 92' lang='lat' dir='ltr'><strong>quod</strong></span> <span class='ocrx_word' id='word_1_466' title='bbox 1037 3180 1164 3233; x_wconf 85' lang='lat' dir='ltr'><strong>Christus</strong></span> <span class='ocrx_word' id='word_1_467' title='bbox 1189 3181 1222 3232; x_wconf 89' lang='lat' dir='ltr'><strong>in</strong></span> 
     </span>
     <span class='ocr_line' id='line_1_93' title="bbox 661 3254 1225 3319; baseline 0.002 -15"><span class='ocrx_word' id='word_1_468' title='bbox 661 3255 854 3319; x_wconf 68' lang='lat' dir='ltr'><strong>&#39;processione</strong></span> <span class='ocrx_word' id='word_1_469' title='bbox 879 3255 1019 3306; x_wconf 83' lang='lat' dir='ltr'><strong>Passionis</strong></span> <span class='ocrx_word' id='word_1_470' title='bbox 1043 3269 1100 3305; x_wconf 82' lang='lat' dir='ltr'><strong>suae</strong></span> <span class='ocrx_word' id='word_1_471' title='bbox 1122 3254 1225 3305; x_wconf 77' lang='lat' dir='ltr'><strong>novies</strong></span> 
     </span>
     <span class='ocr_line' id='line_1_94' title="bbox 680 3324 1224 3391; baseline 0.002 -16"><span class='ocrx_word' id='word_1_472' title='bbox 680 3324 763 3375; x_wconf 87' lang='lat' dir='ltr'><strong>bodie</strong></span> <span class='ocrx_word' id='word_1_473' title='bbox 786 3325 883 3374; x_wconf 86' lang='lat' dir='ltr'><strong>ductus</strong></span> <span class='ocrx_word' id='word_1_474' title='bbox 910 3324 962 3375; x_wconf 89' lang='lat' dir='ltr'><strong>fuit</strong></span> <span class='ocrx_word' id='word_1_475' title='bbox 990 3342 998 3375; x_wconf 75' lang='grc' dir='ltr'>ι</span> <span class='ocrx_word' id='word_1_476' title='bbox 1027 3325 1117 3391; x_wconf 88' lang='lat' dir='ltr'><strong>primo</strong></span> <span class='ocrx_word' id='word_1_477' title='bbox 1140 3325 1224 3377; x_wconf 82' lang='lat' dir='ltr'><strong>enim</strong></span> 
     </span>
     <span class='ocr_line' id='line_1_95' title="bbox 680 3395 1222 3462; baseline 0.004 -17"><span class='ocrx_word' id='word_1_478' title='bbox 680 3410 744 3445; x_wconf 84' lang='lat' dir='ltr'><strong>mox</strong></span> <span class='ocrx_word' id='word_1_479' title='bbox 757 3404 896 3461; x_wconf 80' lang='lat' dir='ltr'><strong>utceptus</strong></span> <span class='ocrx_word' id='word_1_480' title='bbox 911 3395 961 3446; x_wconf 84' lang='lat' dir='ltr'><strong>fuit</strong></span> <span class='ocrx_word' id='word_1_481' title='bbox 976 3408 1002 3447; x_wconf 87' lang='lat' dir='ltr'><strong>et</strong></span> <span class='ocrx_word' id='word_1_482' title='bbox 1015 3397 1128 3462; x_wconf 73' lang='lat' dir='ltr'><strong>ligatus,</strong></span> <span class='ocrx_word' id='word_1_483' title='bbox 1137 3395 1222 3447; x_wconf 74' lang='lat' dir='ltr'><strong>drue-</strong></span> 
     </span>
     <span class='ocr_line' id='line_1_96' title="bbox 661 3468 1224 3532; baseline 0.005 -16"><span class='ocrx_word' id='word_1_484' title='bbox 661 3494 664 3501; x_wconf 95' lang='lat'>·</span> <span class='ocrx_word' id='word_1_485' title='bbox 680 3476 744 3517; x_wconf 86' lang='lat' dir='ltr'><strong>runt</strong></span> <span class='ocrx_word' id='word_1_486' title='bbox 764 3482 826 3518; x_wconf 86' lang='lat' dir='ltr'><strong>eum</strong></span> <span class='ocrx_word' id='word_1_487' title='bbox 841 3469 878 3517; x_wconf 87' lang='lat' dir='ltr'><strong>ad</strong></span> <span class='ocrx_word' id='word_1_488' title='bbox 891 3470 1014 3531; x_wconf 66' lang='lat' dir='ltr'><strong>Annam</strong></span> <span class='ocrx_word' id='word_1_489' title='bbox 1037 3468 1172 3532; x_wconf 77' lang='lat' dir='ltr'><strong>secundo„¹</strong></span> <span class='ocrx_word' id='word_1_490' title='bbox 1184 3469 1224 3519; x_wconf 82' lang='lat' dir='ltr'><strong>ab</strong></span> 
     </span>
     <span class='ocr_line' id='line_1_97' title="bbox 678 3540 1224 3607; baseline 0.005 -18"><span class='ocrx_word' id='word_1_491' title='bbox 678 3540 758 3590; x_wconf 83' lang='lat' dir='ltr'><strong>Anna</strong></span> <span class='ocrx_word' id='word_1_492' title='bbox 771 3540 804 3590; x_wconf 90' lang='lat' dir='ltr'><strong>ad</strong></span> <span class='ocrx_word' id='word_1_493' title='bbox 820 3540 969 3606; x_wconf 85' lang='lat' dir='ltr'><strong>Caipham·,</strong></span> <span class='ocrx_word' id='word_1_494' title='bbox 983 3541 1073 3600; x_wconf 89' lang='lat' dir='ltr'><strong>tertio,</strong></span> <span class='ocrx_word' id='word_1_495' title='bbox 1085 3556 1100 3590; x_wconf 91' lang='lat' dir='ltr'><strong>a</strong></span> <span class='ocrx_word' id='word_1_496' title='bbox 1113 3540 1224 3607; x_wconf 78' lang='lat' dir='ltr'><strong>Caipba</strong></span> 
     </span>
     <span class='ocr_line' id='line_1_98' title="bbox 677 3611 1218 3678; baseline 0.002 -17"><span class='ocrx_word' id='word_1_497' title='bbox 677 3611 711 3661; x_wconf 93' lang='lat' dir='ltr'><strong>ad</strong></span> <span class='ocrx_word' id='word_1_498' title='bbox 735 3611 868 3674; x_wconf 72' lang='lat' dir='ltr'><strong>Pilatum,</strong></span> <span class='ocrx_word' id='word_1_499' title='bbox 892 3624 1004 3678; x_wconf 86' lang='lat' dir='ltr'><strong>quarto,</strong></span> <span class='ocrx_word' id='word_1_500' title='bbox 1030 3628 1045 3662; x_wconf 92' lang='lat' dir='ltr'><strong>a</strong></span> <span class='ocrx_word' id='word_1_501' title='bbox 1072 3611 1159 3662; x_wconf 84' lang='lat' dir='ltr'><strong>Pilato</strong></span> <span class='ocrx_word' id='word_1_502' title='bbox 1184 3613 1218 3662; x_wconf 85' lang='lat' dir='ltr'><strong>ad</strong></span> 
     </span>
     <span class='ocr_line' id='line_1_99' title="bbox 679 3682 1223 3750; baseline 0.004 -18"><span class='ocrx_word' id='word_1_503' title='bbox 679 3682 828 3748; x_wconf 81' lang='lat' dir='ltr'><strong>Herodem3</strong></span> <span class='ocrx_word' id='word_1_504' title='bbox 851 3684 958 3750; x_wconf 82' lang='lat' dir='ltr'><strong>quinto,</strong></span> <span class='ocrx_word' id='word_1_505' title='bbox 981 3684 1019 3733; x_wconf 89' lang='lat' dir='ltr'><strong>ab·</strong></span> <span class='ocrx_word' id='word_1_506' title='bbox 1040 3683 1150 3734; x_wconf 85' lang='lat' dir='ltr'><strong>Herode</strong></span> <span class='ocrx_word' id='word_1_507' title='bbox 1171 3699 1223 3734; x_wconf 86' lang='lat' dir='ltr'><strong>re-</strong></span> 
     </span>
     <span class='ocr_line' id='line_1_100' title="bbox 677 3753 1219 3817; baseline 0.004 -14"><span class='ocrx_word' id='word_1_508' title='bbox 677 3753 774 3804; x_wconf 81' lang='lat' dir='ltr'><strong>duetus</strong></span> <span class='ocrx_word' id='word_1_509' title='bbox 796 3764 836 3804; x_wconf 88' lang='lat' dir='ltr'><strong>est</strong></span> <span class='ocrx_word' id='word_1_510' title='bbox 855 3756 887 3804; x_wconf 88' lang='lat' dir='ltr'><strong>ad</strong></span> <span class='ocrx_word' id='word_1_511' title='bbox 912 3755 1047 3817; x_wconf 64' lang='lat' dir='ltr'><strong>Pilatum</strong></span> <span class='ocrx_word' id='word_1_512' title='bbox 1060 3764 1145 3816; x_wconf 78' lang='lat' dir='ltr'><strong>sexto,</strong></span> <span class='ocrx_word' id='word_1_513' title='bbox 1159 3755 1219 3805; x_wconf 90' lang='lat' dir='ltr'><strong>mi·</strong></span> 
     </span>
     <span class='ocr_line' id='line_1_101' title="bbox 677 3823 1222 3875; baseline 0.004 -2"><span class='ocrx_word' id='word_1_514' title='bbox 677 3823 742 3874; x_wconf 84' lang='lat' dir='ltr'><strong>lites</strong></span> <span class='ocrx_word' id='word_1_515' title='bbox 758 3824 894 3874; x_wconf 82' lang='lat' dir='ltr'><strong>duxertutt</strong></span> <span class='ocrx_word' id='word_1_516' title='bbox 907 3840 969 3874; x_wconf 89' lang='lat' dir='ltr'><strong>eum</strong></span> <span class='ocrx_word' id='word_1_517' title='bbox 984 3824 1061 3875; x_wconf 89' lang='lat' dir='ltr'><strong>intro</strong></span> <span class='ocrx_word' id='word_1_518' title='bbox 1072 3824 1098 3874; x_wconf 89' lang='lat' dir='ltr'><strong>in</strong></span> <span class='ocrx_word' id='word_1_519' title='bbox 1113 3824 1222 3875; x_wconf 85' lang='lat' dir='ltr'><strong>atrium·</strong></span> 
     </span>
     <span class='ocr_line' id='line_1_102' title="bbox 659 3893 1220 3961; baseline 0.002 -17"><span class='ocrx_word' id='word_1_520' title='bbox 659 3936 663 3943; x_wconf 94' lang='lat'>.</span> <span class='ocrx_word' id='word_1_521' title='bbox 677 3894 804 3960; x_wconf 67' lang='lat' dir='ltr'><strong>pretorii,</strong></span> <span class='ocrx_word' id='word_1_522' title='bbox 816 3894 865 3945; x_wconf 84' lang='lat' dir='ltr'><strong>ubi</strong></span> <span class='ocrx_word' id='word_1_523' title='bbox 879 3895 1022 3946; x_wconf 82' lang='lat' dir='ltr'><strong>illuserunt</strong></span> <span class='ocrx_word' id='word_1_524' title='bbox 1034 3895 1076 3958; x_wconf 88' lang='lat' dir='ltr'><strong>ei;</strong></span> <span class='ocrx_word' id='word_1_525' title='bbox 1087 3893 1220 3961; x_wconf 63' lang='lat' dir='ltr'><strong>septimo,</strong></span> 
     </span>
    </p>
   </div>
   <div class='ocr_carea' id='block_1_8' title="bbox 0 0 1318 4328">
    <p class='ocr_par' dir='ltr' id='par_1_8' title="bbox 0 0 1318 4328">
     <span class='ocr_line' id='line_1_103' title="bbox 0 0 1318 4328; baseline 0 0"><span class='ocrx_word' id='word_1_526' title='bbox 0 0 1318 4328; x_wconf 95' lang='lat' dir='ltr'><strong> </strong></span> 
     </span>
    </p>
   </div>
  </div>
 </body>
</html>
