2626 4328
121 213 303 273 QUOMODO
318 213 405 263 DOM.
416 212 540 262 APPAR.
551 211 670 262 DISCIP.
685 211 849 272 lNCLUSlS,
868 211 983 263 THOM.
1001 213 1110 264 PRAES.
1144 213 1196 280 715

81 343 143 395 pace
161 327 330 393 impossibile
351 336 391 377 est
412 328 467 378 Deo
492 327 607 392 placere;

79 401 108 450 in
126 399 165 450 eis
182 399 255 449 enim
269 399 316 464 qui
338 414 429 465 pacem
450 407 476 448 et
496 413 610 448 concor-

78 469 150 520 diam
172 470 298 537 diligunt‚
318 470 419 519 habitat
441 470 532 519 Deus:
546 468 610 534 quia

74 541 172 605 faetus
182 547 223 591 est
240 542 267 590 in
283 555 352 607 paee
367 542 440 591 locus
453 540 510 606 ejus
519 557 529 602 ;
546 539 610 605 quia

80 629 171 679 pacem
208 613 320 663 veniens
351 614 458 673 attulit,
488 623 514 662 et
544 611 610 662 hinc

79 685 171 734 abiens
193 701 285 750 pacem
308 684 432 750 reliqui13
460 684 524 751 quia
554 693 610 732 tota

78 753 206 820 perfectio
228 755 389 805 Christianae
412 755 473 804 vitae
495 763 521 804 et
544 753 609 804 reli-

77 827 177 894 gionis,
194 828 221 877 in
237 845 300 893 pace
315 840 341 879 et
355 829 498 879 dilectione
522 826 608 878 consi-

76 901 132 951 stit.
150 902 218 953 Cum
231 917 328 967 magna
339 917 403 968 ergo
412 901 607 967 diligentiade·

77 972 173 1022 bemus
189 988 279 1038 pacem
297 973 441 1038 inquirere,
453 982 479 1022 et
490 972 609 1022 studiose

76 1043 227 1093 observare.
240 1044 314 1094 Unde
325 1044 479 1109 Gregorius
487 1043 610 1110 Nazian-

78 1129 162 1181 genus
179 1132 187 1164 :
203 1133 216 1161 α
237 1115 336 1165 Pudeat
365 1131 428 1182 ergo
460 1131 510 1165 nos
536 1112 608 1178 pacis

78 1202 180 1236 munus
202 1187 332 1247 deserere,
346 1203 427 1253 quam
444 1185 522 1236 nobis
544 1184 609 1234 hinc

78 1256 219 1307 discedens
243 1258 367 1308 Christus
385 1257 530 1323 reliquit.»
547 1255 609 1314 Pax,

79 1339 120 1380 est
140 1345 182 1380 res
205 1341 231 1380 et
257 1347 356 1381 nomen
376 1332 462 1390 dulce,
484 1343 566 1395 quam
586 1337 611 1376 et

81 1401 130 1450 Dei
151 1417 208 1452 esse
233 1402 391 1467 accipimus,
414 1402 486 1467 juxta
513 1399 580 1449 illud
603 1414 610 1449 t

80 1475 148 1524 Pax
162 1475 215 1525 Dei
222 1492 232 1536 ,·
246 1485 271 1526 et
285 1476 342 1540 ejus
362 1491 420 1525 esse
436 1475 522 1524 Deum
538 1474 612 1543 juxta

82 1546 150 1596 illud
166 1549 262 1597 :Deus
283 1549 379 1612 pacis,·
400 1557 427 1598 et
450 1547 536 1612 ipsam
553 1559 612 1594 esse

80 1621 168 1671 Deum
194 1622 266 1687 iuxta
294 1622 461 1689 illud:1pse
490 1626 530 1671 est
550 1635 612 1685 pax

81 1698 185 1742 nostru.
204 1693 256 1741 Pax
270 1693 374 1741 bonum
389 1691 610 1741 commendatum

79 1764 114 1813 ab
136 1764 273 1823 omnibus,
286 1776 311 1815 et
332 1765 502 1815 observatum
515 1778 531 1812 a
543 1777 612 1827 pau—

81 1835 135 1895 cis;
151 1851 210 1900 quae
220 1846 311 1886 autem
324 1852 402 1886 causa
413 1835 469 1886 est?
480 1832 612 1884 Fortassis

80 1905 194 1956 ambitio
221 1907 348 1966 dominii,
375 1916 420 1957 aut
443 1904 610 1974 facultatum,

81 1987 127 2027 aut
149 1977 226 2038 livor,
239 1990 286 2028 aut
299 1978 402 2038 odium,
420 1987 466 2028 aut
489 1985 612 2026 contem-

82 2061 154 2116 ptus,
174 2062 219 2101 aut
244 2052 346 2117 aliquid
368 2049 565 2115 hujuscemodi,
580 2063 612 2098 ex

82 2122 126 2172 his
136 2139 197 2189 quae
209 2123 258 2173 Dei
272 2123 380 2189 ignaros
390 2123 513 2173 videmus
524 2118 614 2186 inqui·
628 2161 631 2168 .

81 2209 148 2244 rere.

115 2281 129 2314 2
146 2267 258 2316 Tuouls
272 2281 369 2315 ranem
384 2278 534 2314 mastrucas
545 2276 613 2312 con-

81 2353 158 2388 rmus
170 2338 291 2389 Cunrsrr.
304 2366 334 2374 —
345 2337 449 2387 Deinde
462 2337 528 2406 dicit
546 2334 614 2383 Tho·

82 2426 144 2470 moe,
155 2411 232 2476 quasi
243 2411 408 2476 respondens
418 2406 543 2475 petitioni
555 2407 613 2470 ejus

81 2485 230 2551 suppositae
251 2502 258 2534 ε
283 2485 362 2551 infer
393 2483 509 2548 digitum
541 2487 613 2531 tuum

82 2557 142 2617 hue,
155 2563 182 2606 et
191 2556 252 2606 vide
265 2570 360 2605 manus
370 2568 458 2615 meas,·
473 2568 527 2602 non
539 2551 612 2616 quod

79 2629 109 2679 in
124 2629 209 2692 digito
232 2627 267 2678 sit
280 2628 365 2687 visus,
380 2626 426 2676 sed
440 2624 518 2690 quasi
540 2623 613 2672 dice·

79 2710 139 2750 ret:
152 2700 244 2764 Tange
260 2699 321 2757 hoc,
337 2710 363 2749 et
382 2697 513 2763 experire.
532 2694 610 2746 Unde

80 2770 171 2820 videre
193 2769 221 2819 in
239 2771 290 2820 hoc
313 2772 380 2828 loco,
399 2784 447 2834 pro
471 2766 571 2818 sentite
585 2775 612 2815 et

80 2843 231 2910 intelligere
245 2842 364 2908 ponitur,
382 2841 454 2908 quod
470 2855 556 2906 genus
569 2840 612 2890 lo-

80 2913 198 2963 cutionis
216 2914 281 2962 adeo
303 2912 433 2962 usitatum
451 2919 499 2970 est,
518 2920 549 2960 ut
567 2925 613 2975 per

80 3000 176 3035 omnes
189 3001 284 3035 sensus
296 2999 401 3034 currere
414 2982 545 3040 videatur,
556 2982 612 3031 sic-

80 3065 111 3105 ut
125 3071 186 3106 cum
197 3056 330 3105 dicimus:
342 3055 404 3104 audi
419 3064 446 3103 et
456 3052 518 3102 vide
529 3066 611 3118 quam

80 3130 215 3179 modulate
225 3138 327 3189 cantat3
339 3127 406 3176 olfac
414 3136 440 3176 et
448 3125 518 3183 vide,
530 3140 612 3190 quam

79 3215 160 3250 suave
176 3201 384 3265 redolet;'palpa
405 3209 431 3248 et
445 3196 515 3255 vide,
531 3210 613 3262 quam

82 3270 145 3320 lene
161 3270 210 3332 sit;
225 3280 302 3335 gusta
316 3278 342 3319 et
361 3269 422 3319 vide
439 3283 520 3334 quam
537 3264 621 3316 dulce¹

80 3340 125 3390 sit.
150 3341 225 3390 Unde
246 3340 271 3390 in
297 3341 389 3391 Exodo
404 3339 524 3390 dicitur:
538 3337 614 3388 Cun-

79 3421 140 3465 ctus
161 3415 279 3481 populus
302 3415 409 3465 videbat
429 3427 515 3475 voces,
531 3413 558 3462 id
574 3420 615 3461 est

76 3485 209 3536 audiebat.
234 3487 315 3536 Visus
347 3500 411 3551 ergo
441 3494 548 3550 propter
570 3482 613 3532 sui

77 3557 277 3617 certitudinem,
286 3573 334 3624 pro
344 3556 419 3608 omni
428 3571 509 3606 sensu
520 3554 615 3619 accipi·

79 3638 134 3678 tut.
155 3628 240 3688 Unde,
254 3629 403 3678 secundum
420 3625 614 3692 Augustinum,

81 3700 197 3751 nomine
210 3701 295 3762 visus,
311 3699 470 3766 geneialiter
483 3697 528 3748 alii
543 3712 614 3763 qua·

78 3782 145 3824 tuor
160 3789 256 3824 sensus
272 3782 472 3824 consueverunt
485 3771 613 3821 nomina-

663 326 733 377 lectu
762 326 911 393 accipitur,
950 341 979 381 ut
1018 345 1079 379 cum
1116 328 1196 382 alicui
1228 390 1230 393 .

664 397 766 450 dicitur
781 417 787 449 :
805 401 879 451 vides
893 412 922 452 tu
941 403 1002 463 hoc,
1019 403 1045 453 id
1060 414 1101 454 est
1115 404 1198 455 intel-

663 468 734 535 ligis.
762 473 810 522 Vel
834 472 992 539 simpliciter
1020 474 1071 525 dici
1097 484 1195 540 potest,

663 543 735 606 quod
755 543 832 595 Jesus
850 547 882 596 ad
910 547 989 598 verba
1011 547 1125 598 Thomae
1150 562 1196 598 re-

662 616 784 679 spondet,
801 617 899 685 inquo
914 620 997 669 etiam
1016 635 1094 670 suam
1108 620 1194 670 deita-

663 696 717 735 tem
735 687 858 749 declarat,
886 689 914 739 in
938 700 1070 755 quantum
1099 690 1195 741 absens

662 758 833 822 corporaliter
843 761 900 825 ejus
911 763 990 812 verba
1005 761 1113 812 sciebat.
1123 761 1196 812 Tho·

667 843 724 878 mas
749 829 823 880 enim
846 832 948 897 duplici
976 849 1070 893 sensu,
1092 832 1195 883 scilicet

661 900 762 952 visitet
782 913 852 954 tactu
869 905 1007 956 certificari
1031 907 1133 968 volens,
1150 905 1195 955 di-

660 973 709 1023 xit
730 974 875 1026 eistNisi
899 976 991 1028 videro
1015 978 1042 1028 in
1071 979 1195 1028 manibus

662 1046 720 1113 ejus
739 1048 1028 1115 fixurameelauorum,
1050 1058 1076 1102 et
1092 1053 1196 1103 nuttam

662 1118 780 1184 digitum
802 1136 885 1170 meum
907 1121 1032 1184 infloeum
1047 1123 1195 1185 clauorum,

662 1198 689 1241 et
716 1192 818 1244 mittam
848 1209 952 1244 manum
984 1209 1068 1244 meam
1092 1195 1119 1244 in
1152 1195 1197 1244 la-

663 1269 706 1314 tus
730 1264 796 1329 ejus,
818 1280 869 1315 nou
895 1266 1012 1317 credam.
1036 1268 1113 1316 iesus
1133 1281 1197 1330 vero

663 1335 740 1400 quasi
765 1337 941 1402 respondens,
968 1337 1035 1387 dicit
1057 1337 1082 1387 ei
1097 1354 1105 1387 :
1120 1337 1199 1405 Inser

664 1407 780 1472 digitum
791 1414 864 1458 tuum
875 1408 935 1471 hue,
949 1408 1051 1459 scilicet
1061 1409 1089 1458 in
1104 1410 1196 1460 locum

665 1479 810 1537 clavorum,
826 1483 851 1528 et
863 1479 923 1529 vide
935 1493 1030 1530 mutius
1042 1478 1187 1544 perforatas

665 1560 691 1600 et
718 1550 854 1600 clavorum
876 1549 984 1601 fixuras.
1009 1551 1113 1602 Deinde
1130 1553 1199 1603 sub-

664 1621 754 1688 iungit
768 1639 775 1672 ε
791 1623 830 1672 Et
851 1621 922 1689 affer
946 1637 1051 1682 muttum
1075 1629 1157 1685 tuam,
1173 1629 1199 1673 ct

665 1696 738 1745 mitte
750 1697 776 1744 in
792 1695 864 1745 lutus
880 1710 964 1746 meum
978 1697 1068 1746 lancea
1079 1695 1199 1761 perfora-

665 1777 734 1826 tum,
755 1778 781 1816 et
800 1783 932 1833 cognosce
956 1783 999 1817 me
1021 1768 1098 1817 illum
1119 1783 1198 1817 eum-

664 1839 725 1888 dem
747 1854 815 1897 esse,
843 1839 890 1904 qui
908 1839 1037 1904 pependit
1061 1838 1089 1888 in
1111 1853 1197 1889 cruce.

665 1910 791 1974 Magnum
805 1920 874 1958 certe
889 1909 939 1959 fuit
955 1911 1054 1959 vulnus
1068 1909 1135 1959 illud
1153 1924 1199 1959 sa·

664 1979 806 2030 cratissimi
824 1980 924 2040 lateris,
943 1980 971 2030 in
989 1996 1044 2046 quo
1058 1997 1112 2030 non
1124 1979 1199 2046 digi-

666 2062 734 2115 tum,
756 2053 803 2116 sed
825 2067 936 2102 manum
957 2052 1062 2101 mittere
1076 2052 1199 2102 debebat.

666 2122 792 2188 Mystice,
814 2137 864 2187 ‚per
894 2121 1010 2187 digitum
1033 2119 1200 2186 significatur

664 2193 799 2253 discretio,
808 2208 973 2258 permanum
980 2207 1048 2257 opus
1057 2202 1180 2241 nostrum
1190 2206 1198 2255 ;

665 2275 756 2316 monet
774 2281 837 2332 ergo
862 2265 976 2330 digitum
995 2275 1022 2314 et
1036 2279 1147 2313 manum
1170 2264 1199 2314 in

665 2340 756 2389 locum
778 2340 913 2389 clavorum
928 2349 954 2388 et
966 2339 1065 2388 lanceae
1082 2337 1198 2398 mittere,

666 2419 697 2460 ut
710 2409 844 2476 quidquid
860 2408 887 2458 in
903 2408 982 2458 nobis
999 2419 1039 2458 est
1057 2407 1199 2458 discretio-

667 2483 710 2533 nis
733 2493 759 2533 et
780 2482 879 2549 operis,
900 2482 928 2532 in
952 2481 1093 2532 servitium
1117 2481 1198 2533 Chri·

666 2553 700 2603 sti
734 2553 926 2620 expendamus.
954 2551 1057 2603 Deinde
1083 2552 1197 2604 subdit:

665 2624 704 2674 Et
713 2624 769 2675 noli
780 2638 839 2674 esse
853 2623 1016 2680 incredulus,
1034 2624 1085 2674 hoc
1106 2632 1146 2674 est
1164 2624 1198 2674 ad

666 2696 830 2746 credendum
845 2698 948 2756 tardus,
964 2696 1012 2746 sed
1026 2696 1130 2763 fidelis,
1146 2695 1198 2745 hoc

665 2780 705 2819 est
721 2767 776 2820 fide
790 2768 894 2830 firmus,
912 2769 976 2835 quia
989 2769 1017 2817 in
1033 2778 1139 2831 peccato
1153 2767 1197 2816 in-

664 2838 801 2890 fidelitatis
811 2855 854 2889 me
867 2839 966 2889 iterum
975 2837 1120 2903 crucifigis,
1130 2852 1198 2886 cau-

664 2927 722 2960 sam
749 2926 814 2961 meae
842 2910 942 2960 iterans
966 2908 1111 2958 Passionis.
1140 2907 1198 2956 Hoc

664 2979 733 3030 dixit
756 2981 842 3038 lesus,
865 2979 929 3044 quia
952 2978 1073 3027 Thomas
1095 2976 1198 3026 dixerat

665 3049 815 3115 discipulis,
836 3048 1070 3099 Resurrectionem
1095 3044 1197 3096 Christi

666 3119 865 3179 nuntiantibus,
883 3135 911 3169 se
925 3119 1001 3168 aliter
1009 3134 1064 3167 non
1078 3116 1198 3166 creditu-

666 3209 736 3243 rum.
759 3191 833 3242 Sicut
846 3207 909 3256 ergo
924 3191 1045 3242 Thomas
1060 3203 1114 3255 prae
1128 3197 1199 3239 cete·

667 3263 705 3313 ris
719 3262 860 3322 dubitavit,
869 3262 908 3311 ita
920 3277 974 3327 prae
985 3260 1078 3311 ceteris
1093 3260 1201 3324 palpare
1244 3318 1247 3325 ἱ

667 3347 693 3386 et
707 3335 797 3386 videre
811 3330 945 3385 monetur.
962 3333 1015 3385 Ubi
1031 3333 1201 3396 chrysosto-

668 3421 726 3456 mus
740 3423 746 3456 ι
760 3424 774 3452 «
789 3406 832 3456 Tu
846 3420 908 3456 vero
921 3421 982 3455 cum
992 3403 1091 3455 videris
1103 3402 1200 3452 decre·

667 3478 777 3533 dentem
797 3477 973 3543 discipulum,
1001 3474 1120 3540 excogita
1142 3474 1200 3523 Do·

668 3548 811 3600 minatoria
851 3547 1045 3606 clementiam,
1084 3544 1201 3612 qualiter

667 3623 748 3674 etiam
771 3637 820 3688 pro
838 3637 893 3671 una
913 3621 1004 3671 anima
1025 3618 1142 3670 ostendit
1156 3631 1202 3667 se-

666 3696 757 3762 ipsum
779 3692 890 3745 vulnera
913 3694 1066 3752 habentem,
1081 3701 1107 3743 et
1120 3704 1198 3758 acce·

664 3768 705 3818 dit
723 3778 753 3817 ut
775 3767 857 3817 salvet
881 3780 983 3828 unum;
1001 3780 1055 3814 non
1076 3761 1149 3812 enim
1167 3757 1191 3808 ei

81 3844 116 3907 ri,
131 3845 189 3896 imo
202 3845 284 3896 etiam
303 3843 450 3910 aliquando
465 3857 514 3909 pro
531 3841 613 3892 intel·
660 3839 753 3891 statim
770 3846 888 3905 apparet,
909 3836 955 3888 sed
983 3847 1044 3902 post
1057 3834 1114 3885 dies
1131 3839 1191 3880 octo
