<?xml version="1.0" encoding="UTF-8"?>
<!DOCTYPE html PUBLIC "-//W3C//DTD XHTML 1.0 Transitional//EN"
    "http://www.w3.org/TR/xhtml1/DTD/xhtml1-transitional.dtd">
<html xmlns="http://www.w3.org/1999/xhtml" xml:lang="en" lang="en">
 <head>
  <title>
</title>
<meta http-equiv="Content-Type" content="text/html;charset=utf-8" />
  <meta name='ocr-system' content='tesseract 3.04.00' />
  <meta name='ocr-capabilities' content='ocr_page ocr_carea ocr_par ocr_line ocrx_word'/>
</head>
<body>
  <div class='ocr_page' id='page_1' title='image "./vitajesuchristi00rigogoog_0122.png"; bbox 0 0 2626 4328; ppageno 0'>
   <div class='ocr_carea' id='block_1_1' title="bbox 337 197 918 271">
    <p class='ocr_par' dir='ltr' id='par_1_1' title="bbox 337 197 918 271">
     <span class='ocr_line' id='line_1_1' title="bbox 337 197 918 271; baseline 0.002 -20"><span class='ocrx_word' id='word_1_1' title='bbox 337 200 385 251; x_wconf 88' lang='lat' dir='ltr'><strong>DE</strong></span> <span class='ocrx_word' id='word_1_2' title='bbox 399 199 524 260; x_wconf 80' lang='lat' dir='ltr'>SEXTA,</span> <span class='ocrx_word' id='word_1_3' title='bbox 538 198 572 248; x_wconf 93' lang='lat' dir='ltr'><strong>lN</strong></span> <span class='ocrx_word' id='word_1_4' title='bbox 591 197 762 271; x_wconf 61' lang='lat' dir='ltr'><strong>pASSIONE</strong></span> <span class='ocrx_word' id='word_1_5' title='bbox 780 200 918 261; x_wconf 75' lang='lat' dir='ltr'><strong>DOMINI.</strong></span> 
     </span>
    </p>
   </div>
   <div class='ocr_carea' id='block_1_2' title="bbox 53 314 602 3711">
    <p class='ocr_par' dir='ltr' id='par_1_2' title="bbox 53 314 602 3711">
     <span class='ocr_line' id='line_1_2' title="bbox 65 314 602 384; baseline -0.007 -15"><span class='ocrx_word' id='word_1_6' title='bbox 65 319 97 369; x_wconf 86' lang='lat' dir='ltr'><strong>ad</strong></span> <span class='ocrx_word' id='word_1_7' title='bbox 122 316 319 384; x_wconf 81' lang='lat' dir='ltr'><strong>operationem,</strong></span> <span class='ocrx_word' id='word_1_8' title='bbox 344 317 424 381; x_wconf 88' lang='lat' dir='ltr'><strong>pedes</strong></span> <span class='ocrx_word' id='word_1_9' title='bbox 449 315 482 366; x_wconf 87' lang='lat' dir='ltr'><strong>ad</strong></span> <span class='ocrx_word' id='word_1_10' title='bbox 510 314 602 365; x_wconf 88' lang='lat' dir='ltr'><strong>ambu-</strong></span> 
     </span>
     <span class='ocr_line' id='line_1_3' title="bbox 64 385 600 454; baseline -0.013 -14"><span class='ocrx_word' id='word_1_11' title='bbox 64 388 212 448; x_wconf 76' lang='lat' dir='ltr'><strong>lationem,</strong></span> <span class='ocrx_word' id='word_1_12' title='bbox 237 400 325 454; x_wconf 85' lang='lat' dir='ltr'><strong>genua</strong></span> <span class='ocrx_word' id='word_1_13' title='bbox 348 387 381 437; x_wconf 85' lang='lat' dir='ltr'><strong>ad</strong></span> <span class='ocrx_word' id='word_1_14' title='bbox 407 385 600 446; x_wconf 85' lang='lat' dir='ltr'><strong>adorationem,</strong></span> 
     </span>
     <span class='ocr_line' id='line_1_4' title="bbox 64 457 600 524; baseline -0.006 -14"><span class='ocrx_word' id='word_1_15' title='bbox 64 473 161 510; x_wconf 87' lang='lat' dir='ltr'><strong>omnes</strong></span> <span class='ocrx_word' id='word_1_16' title='bbox 182 473 294 524; x_wconf 88' lang='lat' dir='ltr'><strong>quoque</strong></span> <span class='ocrx_word' id='word_1_17' title='bbox 319 473 415 507; x_wconf 89' lang='lat' dir='ltr'><strong>sensus</strong></span> <span class='ocrx_word' id='word_1_18' title='bbox 436 457 468 508; x_wconf 90' lang='lat' dir='ltr'><strong>ad</strong></span> <span class='ocrx_word' id='word_1_19' title='bbox 487 471 600 513; x_wconf 87' lang='lat' dir='ltr'><strong>suorum</strong></span> 
     </span>
     <span class='ocr_line' id='line_1_5' title="bbox 64 527 601 581; baseline -0.009 0"><span class='ocrx_word' id='word_1_20' title='bbox 64 539 174 581; x_wconf 83' lang='lat' dir='ltr'><strong>actuum</strong></span> <span class='ocrx_word' id='word_1_21' title='bbox 196 537 317 579; x_wconf 79' lang='lat' dir='ltr'><strong>sanctam</strong></span> <span class='ocrx_word' id='word_1_22' title='bbox 336 537 362 577; x_wconf 90' lang='lat' dir='ltr'><strong>et</strong></span> <span class='ocrx_word' id='word_1_23' title='bbox 380 537 478 578; x_wconf 91' lang='lat' dir='ltr'><strong>castam</strong></span> <span class='ocrx_word' id='word_1_24' title='bbox 498 527 601 578; x_wconf 85' lang='lat' dir='ltr'><strong>exerci-</strong></span> 
     </span>
     <span class='ocr_line' id='line_1_6' title="bbox 63 599 600 665; baseline -0.009 -12"><span class='ocrx_word' id='word_1_25' title='bbox 63 602 205 664; x_wconf 76' lang='lat' dir='ltr'><strong>tationem,</strong></span> <span class='ocrx_word' id='word_1_26' title='bbox 221 610 253 650; x_wconf 92' lang='lat' dir='ltr'><strong>ut</strong></span> <span class='ocrx_word' id='word_1_27' title='bbox 274 599 409 665; x_wconf 91' lang='lat' dir='ltr'><strong>possimus</strong></span> <span class='ocrx_word' id='word_1_28' title='bbox 430 599 517 650; x_wconf 86' lang='lat' dir='ltr'>dicere</span> <span class='ocrx_word' id='word_1_29' title='bbox 539 615 600 649; x_wconf 90' lang='lat' dir='ltr'><strong>cum</strong></span> 
     </span>
     <span class='ocr_line' id='line_1_7' title="bbox 66 669 600 722; baseline -0.004 0"><span class='ocrx_word' id='word_1_30' title='bbox 66 669 223 722; x_wconf 84' lang='lat' dir='ltr'><strong>Psalmista:</strong></span> <span class='ocrx_word' id='word_1_31' title='bbox 236 669 332 719; x_wconf 73' lang='lat' dir='ltr'><strong>Omina</strong></span> <span class='ocrx_word' id='word_1_32' title='bbox 344 682 408 719; x_wconf 84' lang='lat' dir='ltr'><strong>ossa</strong></span> <span class='ocrx_word' id='word_1_33' title='bbox 422 682 480 719; x_wconf 85' lang='lat' dir='ltr'><strong>mea</strong></span> <span class='ocrx_word' id='word_1_34' title='bbox 494 670 600 720; x_wconf 86' lang='lat' dir='ltr'><strong>dicent:</strong></span> 
     </span>
     <span class='ocr_line' id='line_1_8' title="bbox 64 741 600 809; baseline -0.004 -15"><span class='ocrx_word' id='word_1_35' title='bbox 64 742 188 806; x_wconf 78' lang='lat' dir='ltr'><strong>Domine,</strong></span> <span class='ocrx_word' id='word_1_36' title='bbox 214 743 275 809; x_wconf 81' lang='lat' dir='ltr'><strong>quis</strong></span> <span class='ocrx_word' id='word_1_37' title='bbox 299 742 398 792; x_wconf 85' lang='lat' dir='ltr'><strong>similis</strong></span> <span class='ocrx_word' id='word_1_38' title='bbox 424 741 495 792; x_wconf 80' lang='lat' dir='ltr'><strong>tibi?</strong></span> <span class='ocrx_word' id='word_1_39' title='bbox 523 743 600 793; x_wconf 85' lang='lat' dir='ltr'><strong>Unde</strong></span> 
     </span>
     <span class='ocr_line' id='line_1_9' title="bbox 64 811 599 865; baseline -0.006 0"><span class='ocrx_word' id='word_1_40' title='bbox 64 812 218 865; x_wconf 78' lang='lat' dir='ltr'><em>Cassianus</em></span> <span class='ocrx_word' id='word_1_41' title='bbox 236 811 266 862; x_wconf 90' lang='lat' dir='ltr'><strong>in</strong></span> <span class='ocrx_word' id='word_1_42' title='bbox 282 811 471 862; x_wconf 84' lang='lat' dir='ltr'><strong>collationibus</strong></span> <span class='ocrx_word' id='word_1_43' title='bbox 491 813 599 862; x_wconf 86' lang='lat' dir='ltr'><strong>Patrum</strong></span> 
     </span>
     <span class='ocr_line' id='line_1_10' title="bbox 63 881 600 949; baseline -0.004 -15"><span class='ocrx_word' id='word_1_44' title='bbox 63 884 148 944; x_wconf 89' lang='lat' dir='ltr'><strong>docet,</strong></span> <span class='ocrx_word' id='word_1_45' title='bbox 160 882 236 948; x_wconf 92' lang='lat' dir='ltr'><strong>quod</strong></span> <span class='ocrx_word' id='word_1_46' title='bbox 249 881 380 947; x_wconf 89' lang='lat' dir='ltr'><strong>religiosae</strong></span> <span class='ocrx_word' id='word_1_47' title='bbox 392 892 418 932; x_wconf 89' lang='lat' dir='ltr'><strong>et</strong></span> <span class='ocrx_word' id='word_1_48' title='bbox 432 882 532 932; x_wconf 88' lang='lat' dir='ltr'><strong>devotae</strong></span> <span class='ocrx_word' id='word_1_49' title='bbox 544 898 600 949; x_wconf 90' lang='lat' dir='ltr'><strong>per-</strong></span> 
     </span>
     <span class='ocr_line' id='line_1_11' title="bbox 62 951 598 1005; baseline -0.004 0"><span class='ocrx_word' id='word_1_50' title='bbox 62 967 137 1005; x_wconf 84' lang='lat' dir='ltr'><strong>sonae</strong></span> <span class='ocrx_word' id='word_1_51' title='bbox 153 952 255 1002; x_wconf 91' lang='lat' dir='ltr'><strong>debent</strong></span> <span class='ocrx_word' id='word_1_52' title='bbox 267 951 392 1002; x_wconf 90' lang='lat' dir='ltr'><strong>omnium</strong></span> <span class='ocrx_word' id='word_1_53' title='bbox 414 952 598 1003; x_wconf 86' lang='lat' dir='ltr'><strong>membrorum</strong></span> 
     </span>
     <span class='ocr_line' id='line_1_12' title="bbox 61 1021 598 1088; baseline -0.002 -14"><span class='ocrx_word' id='word_1_54' title='bbox 61 1036 176 1074; x_wconf 86' lang='lat' dir='ltr'><strong>suorum</strong></span> <span class='ocrx_word' id='word_1_55' title='bbox 201 1021 336 1088; x_wconf 86' lang='lat' dir='ltr'><strong>primitias</strong></span> <span class='ocrx_word' id='word_1_56' title='bbox 355 1021 473 1072; x_wconf 90' lang='lat' dir='ltr'><strong>Domino</strong></span> <span class='ocrx_word' id='word_1_57' title='bbox 494 1022 598 1073; x_wconf 84' lang='lat' dir='ltr'><strong>offerre.</strong></span> 
     </span>
     <span class='ocr_line' id='line_1_13' title="bbox 62 1092 598 1144; baseline -0.004 0"><span class='ocrx_word' id='word_1_58' title='bbox 62 1095 124 1144; x_wconf 84' lang='lat' dir='ltr'><strong>Mox</strong></span> <span class='ocrx_word' id='word_1_59' title='bbox 138 1093 216 1143; x_wconf 89' lang='lat' dir='ltr'><strong>enim</strong></span> <span class='ocrx_word' id='word_1_60' title='bbox 231 1103 263 1143; x_wconf 90' lang='lat' dir='ltr'><strong>ut</strong></span> <span class='ocrx_word' id='word_1_61' title='bbox 281 1108 296 1142; x_wconf 85' lang='lat' dir='ltr'><strong>a</strong></span> <span class='ocrx_word' id='word_1_62' title='bbox 316 1108 415 1143; x_wconf 88' lang='lat' dir='ltr'><strong>sumno</strong></span> <span class='ocrx_word' id='word_1_63' title='bbox 436 1092 542 1143; x_wconf 82' lang='lat' dir='ltr'><strong>excitati</strong></span> <span class='ocrx_word' id='word_1_64' title='bbox 565 1093 598 1143; x_wconf 90' lang='lat' dir='ltr'><strong>de</strong></span> 
     </span>
     <span class='ocr_line' id='line_1_14' title="bbox 60 1162 598 1229; baseline -0.002 -15"><span class='ocrx_word' id='word_1_65' title='bbox 60 1163 160 1214; x_wconf 88' lang='lat' dir='ltr'><strong>lectulo</strong></span> <span class='ocrx_word' id='word_1_66' title='bbox 184 1162 367 1222; x_wconf 87' lang='lat' dir='ltr'><strong>surrexerint,</strong></span> <span class='ocrx_word' id='word_1_67' title='bbox 391 1163 488 1213; x_wconf 91' lang='lat' dir='ltr'><strong>debent</strong></span> <span class='ocrx_word' id='word_1_68' title='bbox 510 1163 598 1229; x_wconf 91' lang='lat' dir='ltr'><strong>primo</strong></span> 
     </span>
     <span class='ocr_line' id='line_1_15' title="bbox 58 1233 598 1299; baseline 0 -15"><span class='ocrx_word' id='word_1_69' title='bbox 58 1234 116 1284; x_wconf 85' lang='lat' dir='ltr'><strong>oris</strong></span> <span class='ocrx_word' id='word_1_70' title='bbox 129 1243 158 1284; x_wconf 89' lang='lat' dir='ltr'><strong>et</strong></span> <span class='ocrx_word' id='word_1_71' title='bbox 170 1233 272 1299; x_wconf 80' lang='lat' dir='ltr'><strong>linguae</strong></span> <span class='ocrx_word' id='word_1_72' title='bbox 291 1242 367 1283; x_wconf 93' lang='lat' dir='ltr'><strong>motu</strong></span> <span class='ocrx_word' id='word_1_73' title='bbox 386 1233 486 1284; x_wconf 89' lang='lat' dir='ltr'><strong>orando</strong></span> <span class='ocrx_word' id='word_1_74' title='bbox 506 1234 598 1284; x_wconf 89' lang='lat' dir='ltr'><strong>laudes</strong></span> 
     </span>
     <span class='ocr_line' id='line_1_16' title="bbox 59 1303 598 1371; baseline -0.004 -15"><span class='ocrx_word' id='word_1_75' title='bbox 59 1305 116 1356; x_wconf 87' lang='lat' dir='ltr'><strong>Deo</strong></span> <span class='ocrx_word' id='word_1_76' title='bbox 130 1303 243 1367; x_wconf 71' lang='lat' dir='ltr'><strong>offerre,</strong></span> <span class='ocrx_word' id='word_1_77' title='bbox 259 1315 285 1354; x_wconf 90' lang='lat' dir='ltr'><strong>et</strong></span> <span class='ocrx_word' id='word_1_78' title='bbox 298 1304 456 1371; x_wconf 90' lang='lat' dir='ltr'><strong>priusquam</strong></span> <span class='ocrx_word' id='word_1_79' title='bbox 478 1305 598 1355; x_wconf 90' lang='lat' dir='ltr'><strong>membra</strong></span> 
     </span>
     <span class='ocr_line' id='line_1_17' title="bbox 59 1376 597 1445; baseline 0.002 -16"><span class='ocrx_word' id='word_1_80' title='bbox 59 1378 154 1445; x_wconf 90' lang='lat' dir='ltr'><strong>aliquo</strong></span> <span class='ocrx_word' id='word_1_81' title='bbox 177 1393 229 1428; x_wconf 91' lang='lat' dir='ltr'><strong>suo</strong></span> <span class='ocrx_word' id='word_1_82' title='bbox 249 1376 397 1443; x_wconf 87' lang='lat' dir='ltr'><strong>fungantur</strong></span> <span class='ocrx_word' id='word_1_83' title='bbox 416 1377 513 1439; x_wconf 90' lang='lat' dir='ltr'><strong>officio,</strong></span> <span class='ocrx_word' id='word_1_84' title='bbox 530 1378 597 1430; x_wconf 87' lang='lat' dir='ltr'><strong>circa</strong></span> 
     </span>
     <span class='ocr_line' id='line_1_18' title="bbox 58 1449 597 1511; baseline 0 -9"><span class='ocrx_word' id='word_1_85' title='bbox 58 1466 153 1502; x_wconf 88' lang='lat' dir='ltr'><strong>curam</strong></span> <span class='ocrx_word' id='word_1_86' title='bbox 174 1449 214 1501; x_wconf 90' lang='lat' dir='ltr'><strong>rei</strong></span> <span class='ocrx_word' id='word_1_87' title='bbox 234 1450 383 1511; x_wconf 87' lang='lat' dir='ltr'><strong>familiaris,</strong></span> <span class='ocrx_word' id='word_1_88' title='bbox 399 1451 497 1501; x_wconf 89' lang='lat' dir='ltr'><strong>debent</strong></span> <span class='ocrx_word' id='word_1_89' title='bbox 516 1466 546 1501; x_wconf 89' lang='lat' dir='ltr'><strong>ea</strong></span> <span class='ocrx_word' id='word_1_90' title='bbox 564 1453 597 1502; x_wconf 90' lang='lat' dir='ltr'><strong>ad</strong></span> 
     </span>
     <span class='ocr_line' id='line_1_19' title="bbox 60 1521 598 1587; baseline 0 -15"><span class='ocrx_word' id='word_1_91' title='bbox 60 1521 154 1572; x_wconf 90' lang='lat' dir='ltr'><strong>divina</strong></span> <span class='ocrx_word' id='word_1_92' title='bbox 174 1521 305 1587; x_wconf 90' lang='lat' dir='ltr'><strong>obsequia</strong></span> <span class='ocrx_word' id='word_1_93' title='bbox 327 1521 468 1572; x_wconf 82' lang='lat' dir='ltr'><strong>extendere</strong></span> <span class='ocrx_word' id='word_1_94' title='bbox 490 1538 497 1572; x_wconf 76' lang='grc' dir='ltr'>ι</span> <span class='ocrx_word' id='word_1_95' title='bbox 518 1531 598 1587; x_wconf 88' lang='lat' dir='ltr'><strong>caput</strong></span> 
     </span>
     <span class='ocr_line' id='line_1_20' title="bbox 61 1592 596 1644; baseline 0 -1"><span class='ocrx_word' id='word_1_96' title='bbox 61 1602 88 1643; x_wconf 90' lang='lat' dir='ltr'><strong>et</strong></span> <span class='ocrx_word' id='word_1_97' title='bbox 100 1592 198 1644; x_wconf 88' lang='lat' dir='ltr'><strong>faciem</strong></span> <span class='ocrx_word' id='word_1_98' title='bbox 212 1606 275 1642; x_wconf 91' lang='lat' dir='ltr'><strong>cum</strong></span> <span class='ocrx_word' id='word_1_99' title='bbox 286 1593 415 1643; x_wconf 88' lang='lat' dir='ltr'><strong>omnibus</strong></span> <span class='ocrx_word' id='word_1_100' title='bbox 429 1592 552 1643; x_wconf 82' lang='lat' dir='ltr'><strong>sensibus</strong></span> <span class='ocrx_word' id='word_1_101' title='bbox 563 1593 596 1643; x_wconf 90' lang='lat' dir='ltr'><strong>ad</strong></span> 
     </span>
     <span class='ocr_line' id='line_1_21' title="bbox 59 1663 596 1724; baseline -0.006 -9"><span class='ocrx_word' id='word_1_102' title='bbox 59 1665 159 1716; x_wconf 72' lang='lat' dir='ltr'><strong>coelum</strong></span> <span class='ocrx_word' id='word_1_103' title='bbox 182 1663 305 1724; x_wconf 88' lang='lat' dir='ltr'><strong>levando,</strong></span> <span class='ocrx_word' id='word_1_104' title='bbox 332 1678 429 1713; x_wconf 89' lang='lat' dir='ltr'><strong>manus</strong></span> <span class='ocrx_word' id='word_1_105' title='bbox 453 1663 485 1712; x_wconf 91' lang='lat' dir='ltr'><strong>ad</strong></span> <span class='ocrx_word' id='word_1_106' title='bbox 509 1663 596 1714; x_wconf 90' lang='lat' dir='ltr'><strong>Deum</strong></span> 
     </span>
     <span class='ocr_line' id='line_1_22' title="bbox 59 1732 596 1793; baseline -0.002 -9"><span class='ocrx_word' id='word_1_107' title='bbox 59 1733 88 1784; x_wconf 88' lang='lat' dir='ltr'><strong>in</strong></span> <span class='ocrx_word' id='word_1_108' title='bbox 113 1733 240 1784; x_wconf 90' lang='lat' dir='ltr'><strong>oratione</strong></span> <span class='ocrx_word' id='word_1_109' title='bbox 264 1733 408 1793; x_wconf 86' lang='lat' dir='ltr'><strong>elevando,</strong></span> <span class='ocrx_word' id='word_1_110' title='bbox 435 1732 543 1783; x_wconf 89' lang='lat' dir='ltr'><strong>brachia</strong></span> <span class='ocrx_word' id='word_1_111' title='bbox 566 1735 596 1783; x_wconf 90' lang='lat' dir='ltr'><strong>in</strong></span> 
     </span>
     <span class='ocr_line' id='line_1_23' title="bbox 60 1803 597 1869; baseline 0 -14"><span class='ocrx_word' id='word_1_112' title='bbox 60 1804 174 1856; x_wconf 89' lang='lat' dir='ltr'><strong>modum</strong></span> <span class='ocrx_word' id='word_1_113' title='bbox 197 1803 284 1855; x_wconf 92' lang='lat' dir='ltr'><strong>crucis</strong></span> <span class='ocrx_word' id='word_1_114' title='bbox 305 1804 489 1869; x_wconf 85' lang='lat' dir='ltr'><strong>expandendo,</strong></span> <span class='ocrx_word' id='word_1_115' title='bbox 510 1820 597 1869; x_wconf 90' lang='lat' dir='ltr'><strong>genua</strong></span> 
     </span>
     <span class='ocr_line' id='line_1_24' title="bbox 58 1876 594 1936; baseline 0 -8"><span class='ocrx_word' id='word_1_116' title='bbox 58 1879 91 1928; x_wconf 91' lang='lat' dir='ltr'><strong>ad</strong></span> <span class='ocrx_word' id='word_1_117' title='bbox 117 1877 270 1928; x_wconf 88' lang='lat' dir='ltr'><strong>orationem</strong></span> <span class='ocrx_word' id='word_1_118' title='bbox 298 1876 483 1936; x_wconf 89' lang='lat' dir='ltr'><strong>incurvando,</strong></span> <span class='ocrx_word' id='word_1_119' title='bbox 508 1886 594 1928; x_wconf 87' lang='lat' dir='ltr'><strong>totum</strong></span> 
     </span>
     <span class='ocr_line' id='line_1_25' title="bbox 58 1950 596 2018; baseline -0.002 -17"><span class='ocrx_word' id='word_1_120' title='bbox 58 1966 157 2018; x_wconf 89' lang='lat' dir='ltr'><strong>corpus</strong></span> <span class='ocrx_word' id='word_1_121' title='bbox 169 1967 241 2001; x_wconf 89' lang='lat' dir='ltr'><strong>nunc</strong></span> <span class='ocrx_word' id='word_1_122' title='bbox 254 1950 359 2009; x_wconf 82' lang='lat' dir='ltr'><strong>stando,</strong></span> <span class='ocrx_word' id='word_1_123' title='bbox 374 1967 447 2001; x_wconf 91' lang='lat' dir='ltr'><strong>nunc</strong></span> <span class='ocrx_word' id='word_1_124' title='bbox 459 1951 486 2000; x_wconf 92' lang='lat' dir='ltr'><strong>in</strong></span> <span class='ocrx_word' id='word_1_125' title='bbox 498 1960 596 2001; x_wconf 90' lang='lat' dir='ltr'><strong>terram</strong></span> 
     </span>
     <span class='ocr_line' id='line_1_26' title="bbox 59 2023 597 2088; baseline 0.002 -15"><span class='ocrx_word' id='word_1_126' title='bbox 59 2023 92 2073; x_wconf 92' lang='lat' dir='ltr'><strong>ad</strong></span> <span class='ocrx_word' id='word_1_127' title='bbox 114 2023 222 2074; x_wconf 90' lang='lat' dir='ltr'><strong>veniam</strong></span> <span class='ocrx_word' id='word_1_128' title='bbox 244 2024 446 2088; x_wconf 89' lang='lat' dir='ltr'><strong>prosternendo,</strong></span> <span class='ocrx_word' id='word_1_129' title='bbox 467 2039 529 2074; x_wconf 92' lang='lat' dir='ltr'><strong>cum</strong></span> <span class='ocrx_word' id='word_1_130' title='bbox 553 2039 597 2074; x_wconf 92' lang='lat' dir='ltr'><strong>re·</strong></span> 
     </span>
     <span class='ocr_line' id='line_1_27' title="bbox 58 2092 597 2145; baseline 0.002 -2"><span class='ocrx_word' id='word_1_131' title='bbox 58 2093 162 2145; x_wconf 86' lang='lat' dir='ltr'><strong>verenti</strong></span> <span class='ocrx_word' id='word_1_132' title='bbox 182 2102 211 2144; x_wconf 92' lang='lat' dir='ltr'><strong>et</strong></span> <span class='ocrx_word' id='word_1_133' title='bbox 228 2092 341 2143; x_wconf 89' lang='lat' dir='ltr'><strong>honesta</strong></span> <span class='ocrx_word' id='word_1_134' title='bbox 359 2094 483 2144; x_wconf 90' lang='lat' dir='ltr'><strong>omnium</strong></span> <span class='ocrx_word' id='word_1_135' title='bbox 507 2109 597 2144; x_wconf 91' lang='lat' dir='ltr'><strong>mem·</strong></span> 
     </span>
     <span class='ocr_line' id='line_1_28' title="bbox 53 2163 596 2231; baseline 0.002 -16"><span class='ocrx_word' id='word_1_136' title='bbox 53 2163 182 2227; x_wconf 80' lang='lat' dir='ltr'><strong>brorum,</strong></span> <span class='ocrx_word' id='word_1_137' title='bbox 202 2173 229 2214; x_wconf 92' lang='lat' dir='ltr'><strong>et</strong></span> <span class='ocrx_word' id='word_1_138' title='bbox 246 2163 346 2214; x_wconf 90' lang='lat' dir='ltr'><strong>virium</strong></span> <span class='ocrx_word' id='word_1_139' title='bbox 368 2164 451 2214; x_wconf 90' lang='lat' dir='ltr'><strong>totius</strong></span> <span class='ocrx_word' id='word_1_140' title='bbox 475 2164 596 2231; x_wconf 90' lang='lat' dir='ltr'><strong>corporis</strong></span> 
     </span>
     <span class='ocr_line' id='line_1_29' title="bbox 57 2233 595 2298; baseline -0.002 -14"><span class='ocrx_word' id='word_1_141' title='bbox 57 2233 225 2294; x_wconf 80' lang='lat' dir='ltr'><strong>extensione,</strong></span> <span class='ocrx_word' id='word_1_142' title='bbox 247 2242 274 2283; x_wconf 92' lang='lat' dir='ltr'><strong>et</strong></span> <span class='ocrx_word' id='word_1_143' title='bbox 292 2233 476 2298; x_wconf 84' lang='lat' dir='ltr'><strong>spiritualium</strong></span> <span class='ocrx_word' id='word_1_144' title='bbox 494 2234 595 2285; x_wconf 89' lang='lat' dir='ltr'><strong>virium</strong></span> 
     </span>
     <span class='ocr_line' id='line_1_30' title="bbox 58 2303 600 2370; baseline 0.002 -16"><span class='ocrx_word' id='word_1_145' title='bbox 58 2303 212 2355; x_wconf 88' lang='lat' dir='ltr'><strong>intentione</strong></span> <span class='ocrx_word' id='word_1_146' title='bbox 241 2303 269 2353; x_wconf 91' lang='lat' dir='ltr'><strong>in</strong></span> <span class='ocrx_word' id='word_1_147' title='bbox 297 2304 456 2354; x_wconf 89' lang='lat' dir='ltr'><strong>sacrificium</strong></span> <span class='ocrx_word' id='word_1_148' title='bbox 486 2305 600 2370; x_wconf 84' lang='lat' dir='ltr'><strong>justitiae¹</strong></span> 
     </span>
     <span class='ocr_line' id='line_1_31' title="bbox 57 2376 596 2429; baseline 0.002 -1"><span class='ocrx_word' id='word_1_149' title='bbox 57 2376 113 2428; x_wconf 91' lang='lat' dir='ltr'><strong>Deo</strong></span> <span class='ocrx_word' id='word_1_150' title='bbox 139 2376 288 2428; x_wconf 77' lang='lat' dir='ltr'><strong>offerendo·</strong></span> <span class='ocrx_word' id='word_1_151' title='bbox 313 2405 345 2417; x_wconf 88' lang='lat'><strong>--</strong></span> <span class='ocrx_word' id='word_1_152' title='bbox 371 2379 523 2429; x_wconf 90' lang='lat' dir='ltr'><strong>Secundum</strong></span> <span class='ocrx_word' id='word_1_153' title='bbox 545 2379 596 2429; x_wconf 94' lang='lat' dir='ltr'><strong>do-</strong></span> 
     </span>
     <span class='ocr_line' id='line_1_32' title="bbox 55 2450 596 2516; baseline 0.004 -16"><span class='ocrx_word' id='word_1_154' title='bbox 55 2460 217 2501; x_wconf 87' lang='lat' dir='ltr'><strong>cumentum</strong></span> <span class='ocrx_word' id='word_1_155' title='bbox 239 2460 289 2510; x_wconf 90' lang='lat' dir='ltr'><strong>est,</strong></span> <span class='ocrx_word' id='word_1_156' title='bbox 307 2451 380 2516; x_wconf 94' lang='lat' dir='ltr'><strong>quod</strong></span> <span class='ocrx_word' id='word_1_157' title='bbox 402 2450 489 2501; x_wconf 90' lang='lat' dir='ltr'><strong>cordis</strong></span> <span class='ocrx_word' id='word_1_158' title='bbox 511 2451 596 2502; x_wconf 93' lang='lat' dir='ltr'><strong>oculis</strong></span> 
     </span>
     <span class='ocr_line' id='line_1_33' title="bbox 56 2522 597 2589; baseline 0.004 -16"><span class='ocrx_word' id='word_1_159' title='bbox 56 2522 221 2589; x_wconf 85' lang='lat' dir='ltr'><strong>aspiciamus</strong></span> <span class='ocrx_word' id='word_1_160' title='bbox 242 2523 404 2573; x_wconf 91' lang='lat' dir='ltr'><strong>Salvatorem</strong></span> <span class='ocrx_word' id='word_1_161' title='bbox 426 2535 548 2575; x_wconf 90' lang='lat' dir='ltr'><strong>nostrum</strong></span> <span class='ocrx_word' id='word_1_162' title='bbox 569 2524 597 2575; x_wconf 90' lang='lat' dir='ltr'><strong>in</strong></span> 
     </span>
     <span class='ocr_line' id='line_1_34' title="bbox 58 2595 596 2662; baseline 0.002 -16"><span class='ocrx_word' id='word_1_163' title='bbox 58 2609 139 2646; x_wconf 90' lang='lat' dir='ltr'><strong>cruce</strong></span> <span class='ocrx_word' id='word_1_164' title='bbox 154 2595 279 2662; x_wconf 86' lang='lat' dir='ltr'><strong>expansis</strong></span> <span class='ocrx_word' id='word_1_165' title='bbox 300 2597 426 2647; x_wconf 89' lang='lat' dir='ltr'><strong>manibus</strong></span> <span class='ocrx_word' id='word_1_166' title='bbox 444 2607 596 2662; x_wconf 85' lang='lat' dir='ltr'><strong>extensum,</strong></span> 
     </span>
     <span class='ocr_line' id='line_1_35' title="bbox 58 2664 598 2733; baseline 0 -14"><span class='ocrx_word' id='word_1_167' title='bbox 58 2664 137 2733; x_wconf 88' lang='lat' dir='ltr'><strong>quasi</strong></span> <span class='ocrx_word' id='word_1_168' title='bbox 150 2675 274 2731; x_wconf 85' lang='lat' dir='ltr'><strong>paratum</strong></span> <span class='ocrx_word' id='word_1_169' title='bbox 289 2682 340 2716; x_wconf 92' lang='lat' dir='ltr'><strong>nos</strong></span> <span class='ocrx_word' id='word_1_170' title='bbox 352 2667 469 2733; x_wconf 89' lang='lat' dir='ltr'><strong>recipere</strong></span> <span class='ocrx_word' id='word_1_171' title='bbox 482 2670 514 2718; x_wconf 92' lang='lat' dir='ltr'><strong>ad</strong></span> <span class='ocrx_word' id='word_1_172' title='bbox 526 2684 598 2719; x_wconf 84' lang='lat' dir='ltr'><strong>aruo·</strong></span> 
     </span>
     <span class='ocr_line' id='line_1_36' title="bbox 58 2737 597 2803; baseline 0.006 -15"><span class='ocrx_word' id='word_1_173' title='bbox 58 2752 153 2788; x_wconf 89' lang='lat' dir='ltr'><strong>rosum</strong></span> <span class='ocrx_word' id='word_1_174' title='bbox 174 2737 331 2803; x_wconf 84' lang='lat' dir='ltr'><strong>amplexum</strong></span> <span class='ocrx_word' id='word_1_175' title='bbox 349 2754 438 2789; x_wconf 92' lang='lat' dir='ltr'><strong>suum.</strong></span> <span class='ocrx_word' id='word_1_176' title='bbox 454 2739 531 2790; x_wconf 91' lang='lat' dir='ltr'><strong>Unde</strong></span> <span class='ocrx_word' id='word_1_177' title='bbox 544 2742 597 2790; x_wconf 85' lang='lat' dir='ltr'><strong>Au·</strong></span> 
     </span>
     <span class='ocr_line' id='line_1_37' title="bbox 57 2806 596 2874; baseline 0.002 -16"><span class='ocrx_word' id='word_1_178' title='bbox 57 2806 209 2874; x_wconf 65' lang='lat' dir='ltr'><strong>gratuitus:</strong></span> <span class='ocrx_word' id='word_1_179' title='bbox 224 2825 239 2853; x_wconf 84' lang='lat' dir='ltr'><strong>u</strong></span> <span class='ocrx_word' id='word_1_180' title='bbox 253 2807 377 2858; x_wconf 88' lang='lat' dir='ltr'><strong>Christus</strong></span> <span class='ocrx_word' id='word_1_181' title='bbox 394 2809 513 2859; x_wconf 83' lang='lat' dir='ltr'><strong>extendit</strong></span> <span class='ocrx_word' id='word_1_182' title='bbox 533 2810 596 2860; x_wconf 92' lang='lat' dir='ltr'><strong>bra-</strong></span> 
     </span>
     <span class='ocr_line' id='line_1_38' title="bbox 58 2879 597 2948; baseline 0.002 -18"><span class='ocrx_word' id='word_1_183' title='bbox 58 2879 119 2930; x_wconf 88' lang='lat' dir='ltr'><strong>chia</strong></span> <span class='ocrx_word' id='word_1_184' title='bbox 147 2894 199 2931; x_wconf 86' lang='lat' dir='ltr'><strong>sua</strong></span> <span class='ocrx_word' id='word_1_185' title='bbox 228 2879 255 2929; x_wconf 90' lang='lat' dir='ltr'><strong>in</strong></span> <span class='ocrx_word' id='word_1_186' title='bbox 290 2895 388 2942; x_wconf 89' lang='lat' dir='ltr'><strong>cruce,</strong></span> <span class='ocrx_word' id='word_1_187' title='bbox 417 2891 443 2931; x_wconf 92' lang='lat' dir='ltr'><strong>et</strong></span> <span class='ocrx_word' id='word_1_188' title='bbox 470 2882 597 2948; x_wconf 86' lang='lat' dir='ltr'><strong>expandit</strong></span> 
     </span>
     <span class='ocr_line' id='line_1_39' title="bbox 58 2952 597 3019; baseline 0.007 -19"><span class='ocrx_word' id='word_1_189' title='bbox 58 2966 159 3002; x_wconf 88' lang='lat' dir='ltr'><strong>manus</strong></span> <span class='ocrx_word' id='word_1_190' title='bbox 185 2965 250 3001; x_wconf 84' lang='lat' dir='ltr'><strong>suas</strong></span> <span class='ocrx_word' id='word_1_191' title='bbox 274 2962 378 3016; x_wconf 87' lang='lat' dir='ltr'><strong>paratas</strong></span> <span class='ocrx_word' id='word_1_192' title='bbox 404 2952 432 3002; x_wconf 90' lang='lat' dir='ltr'><strong>in</strong></span> <span class='ocrx_word' id='word_1_193' title='bbox 458 2954 597 3019; x_wconf 86' lang='lat' dir='ltr'><strong>amplexus</strong></span> 
     </span>
     <span class='ocr_line' id='line_1_40' title="bbox 56 3019 598 3089; baseline 0.002 -16"><span class='ocrx_word' id='word_1_194' title='bbox 56 3032 241 3089; x_wconf 86' lang='lat' dir='ltr'><strong>peccatorum.</strong></span> <span class='ocrx_word' id='word_1_195' title='bbox 254 3026 274 3069; x_wconf 83' lang='lat' dir='ltr'><strong>n&#39;</strong></span> <span class='ocrx_word' id='word_1_196' title='bbox 289 3019 362 3073; x_wconf 82' lang='lat' dir='ltr'><strong>lnter¹</strong></span> <span class='ocrx_word' id='word_1_197' title='bbox 382 3023 491 3075; x_wconf 87' lang='lat' dir='ltr'><strong>brachia</strong></span> <span class='ocrx_word' id='word_1_198' title='bbox 511 3025 598 3074; x_wconf 86' lang='lat' dir='ltr'><strong>Salva·</strong></span> 
     </span>
     <span class='ocr_line' id='line_1_41' title="bbox 58 3091 597 3154; baseline 0.006 -12"><span class='ocrx_word' id='word_1_199' title='bbox 58 3093 128 3143; x_wconf 88' lang='lat' dir='ltr'><strong>toris</strong></span> <span class='ocrx_word' id='word_1_200' title='bbox 147 3091 212 3154; x_wconf 87' lang='lat' dir='ltr'><strong>mei,</strong></span> <span class='ocrx_word' id='word_1_201' title='bbox 232 3101 259 3143; x_wconf 90' lang='lat' dir='ltr'><strong>et</strong></span> <span class='ocrx_word' id='word_1_202' title='bbox 279 3092 369 3144; x_wconf 90' lang='lat' dir='ltr'><strong>vivere</strong></span> <span class='ocrx_word' id='word_1_203' title='bbox 393 3094 455 3145; x_wconf 93' lang='lat' dir='ltr'><strong>volo</strong></span> <span class='ocrx_word' id='word_1_204' title='bbox 478 3102 504 3144; x_wconf 90' lang='lat' dir='ltr'><strong>et</strong></span> <span class='ocrx_word' id='word_1_205' title='bbox 528 3094 597 3145; x_wconf 90' lang='lat' dir='ltr'><strong>mori</strong></span> 
     </span>
     <span class='ocr_line' id='line_1_42' title="bbox 56 3161 595 3229; baseline 0.006 -18"><span class='ocrx_word' id='word_1_206' title='bbox 56 3161 161 3229; x_wconf 88' lang='lat' dir='ltr'><strong>cupio;</strong></span> <span class='ocrx_word' id='word_1_207' title='bbox 189 3161 228 3211; x_wconf 92' lang='lat' dir='ltr'><strong>ibi</strong></span> <span class='ocrx_word' id='word_1_208' title='bbox 267 3177 378 3213; x_wconf 86' lang='lat' dir='ltr'><strong>securus</strong></span> <span class='ocrx_word' id='word_1_209' title='bbox 415 3163 561 3213; x_wconf 88' lang='lat' dir='ltr'><strong>decantabo</strong></span> <span class='ocrx_word' id='word_1_210' title='bbox 589 3180 595 3214; x_wconf 95' lang='lat'><strong>:</strong></span> 
     </span>
     <span class='ocr_line' id='line_1_43' title="bbox 58 3234 598 3301; baseline 0.002 -16"><span class='ocrx_word' id='word_1_211' title='bbox 58 3234 203 3285; x_wconf 82' lang='lat' dir='ltr'><strong>Exattobo</strong></span> <span class='ocrx_word' id='word_1_212' title='bbox 218 3240 244 3284; x_wconf 90' lang='lat' dir='ltr'><strong>te</strong></span> <span class='ocrx_word' id='word_1_213' title='bbox 257 3234 379 3297; x_wconf 84' lang='lat' dir='ltr'><strong>Domine,</strong></span> <span class='ocrx_word' id='word_1_214' title='bbox 396 3236 521 3301; x_wconf 86' lang='lat' dir='ltr'><strong>quoniam</strong></span> <span class='ocrx_word' id='word_1_215' title='bbox 536 3250 598 3287; x_wconf 85' lang='lat' dir='ltr'><strong>sus-</strong></span> 
     </span>
     <span class='ocr_line' id='line_1_44' title="bbox 59 3303 598 3369; baseline 0.004 -15"><span class='ocrx_word' id='word_1_216' title='bbox 59 3303 157 3369; x_wconf 78' lang='lat' dir='ltr'><strong>cepisti</strong></span> <span class='ocrx_word' id='word_1_217' title='bbox 183 3317 233 3354; x_wconf 88' lang='lat' dir='ltr'><strong>me.</strong></span> <span class='ocrx_word' id='word_1_218' title='bbox 257 3303 298 3352; x_wconf 86' lang='lat' dir='ltr'><strong>Ad</strong></span> <span class='ocrx_word' id='word_1_219' title='bbox 322 3303 544 3356; x_wconf 88' lang='lat' dir='ltr'><strong>conformandum</strong></span> <span class='ocrx_word' id='word_1_220' title='bbox 569 3321 598 3356; x_wconf 87' lang='lat' dir='ltr'><strong>se</strong></span> 
     </span>
     <span class='ocr_line' id='line_1_45' title="bbox 58 3374 598 3442; baseline 0.004 -16"><span class='ocrx_word' id='word_1_221' title='bbox 58 3374 126 3426; x_wconf 89' lang='lat' dir='ltr'><strong>huic</strong></span> <span class='ocrx_word' id='word_1_222' title='bbox 140 3374 264 3435; x_wconf 84' lang='lat' dir='ltr'><strong>articulo,</strong></span> <span class='ocrx_word' id='word_1_223' title='bbox 279 3376 377 3442; x_wconf 88' lang='lat' dir='ltr'><strong>poterit</strong></span> <span class='ocrx_word' id='word_1_224' title='bbox 392 3376 475 3427; x_wconf 88' lang='lat' dir='ltr'><strong>homo</strong></span> <span class='ocrx_word' id='word_1_225' title='bbox 487 3377 598 3428; x_wconf 85' lang='lat' dir='ltr'><strong>brachia</strong></span> 
     </span>
     <span class='ocr_line' id='line_1_46' title="bbox 59 3445 597 3509; baseline 0.006 -13"><span class='ocrx_word' id='word_1_226' title='bbox 59 3454 84 3496; x_wconf 89' lang='lat' dir='ltr'><strong>et</strong></span> <span class='ocrx_word' id='word_1_227' title='bbox 100 3445 198 3496; x_wconf 88' lang='lat' dir='ltr'><strong>omnia</strong></span> <span class='ocrx_word' id='word_1_228' title='bbox 211 3445 334 3497; x_wconf 87' lang='lat' dir='ltr'><strong>membra</strong></span> <span class='ocrx_word' id='word_1_229' title='bbox 347 3462 403 3507; x_wconf 86' lang='lat' dir='ltr'><strong>sua,</strong></span> <span class='ocrx_word' id='word_1_230' title='bbox 419 3448 475 3499; x_wconf 92' lang='lat' dir='ltr'><strong>sive</strong></span> <span class='ocrx_word' id='word_1_231' title='bbox 492 3449 597 3509; x_wconf 88' lang='lat' dir='ltr'><strong>stando,</strong></span> 
     </span>
     <span class='ocr_line' id='line_1_47' title="bbox 58 3517 599 3583; baseline 0.007 -16"><span class='ocrx_word' id='word_1_232' title='bbox 58 3517 118 3567; x_wconf 82' lang='lat' dir='ltr'><strong>sive</strong></span> <span class='ocrx_word' id='word_1_233' title='bbox 139 3517 341 3583; x_wconf 86' lang='lat' dir='ltr'><strong>procumbendo</strong></span> <span class='ocrx_word' id='word_1_234' title='bbox 364 3519 393 3569; x_wconf 91' lang='lat' dir='ltr'><strong>in</strong></span> <span class='ocrx_word' id='word_1_235' title='bbox 413 3521 525 3571; x_wconf 86' lang='lat' dir='ltr'><strong>modum</strong></span> <span class='ocrx_word' id='word_1_236' title='bbox 542 3535 599 3571; x_wconf 90' lang='lat' dir='ltr'><strong>cru·</strong></span> 
     </span>
     <span class='ocr_line' id='line_1_48' title="bbox 60 3586 599 3657; baseline 0.006 -20"><span class='ocrx_word' id='word_1_237' title='bbox 60 3586 108 3647; x_wconf 87' lang='lat' dir='ltr'><strong>cis,</strong></span> <span class='ocrx_word' id='word_1_238' title='bbox 125 3587 207 3638; x_wconf 89' lang='lat' dir='ltr'><strong>etiam</strong></span> <span class='ocrx_word' id='word_1_239' title='bbox 225 3588 408 3654; x_wconf 88' lang='lat' dir='ltr'><strong>corporaliter,</strong></span> <span class='ocrx_word' id='word_1_240' title='bbox 424 3599 450 3640; x_wconf 86' lang='lat' dir='ltr'><strong>et</strong></span> <span class='ocrx_word' id='word_1_241' title='bbox 461 3590 532 3642; x_wconf 91' lang='lat' dir='ltr'><strong>vires</strong></span> <span class='ocrx_word' id='word_1_242' title='bbox 547 3589 599 3657; x_wconf 89' lang='lat' dir='ltr'><strong>spi·</strong></span> 
     </span>
     <span class='ocr_line' id='line_1_49' title="bbox 61 3654 597 3711; baseline 0.011 -6"><span class='ocrx_word' id='word_1_243' title='bbox 61 3655 172 3708; x_wconf 82' lang='lat' dir='ltr'><strong>rituales</strong></span> <span class='ocrx_word' id='word_1_244' title='bbox 199 3654 411 3710; x_wconf 89' lang='lat' dir='ltr'><strong>intentionaliter</strong></span> <span class='ocrx_word' id='word_1_245' title='bbox 432 3659 464 3709; x_wconf 89' lang='lat' dir='ltr'><strong>ad</strong></span> <span class='ocrx_word' id='word_1_246' title='bbox 490 3661 597 3711; x_wconf 88' lang='lat' dir='ltr'><strong>laudem</strong></span> 
     </span>
    </p>
   </div>
   <div class='ocr_carea' id='block_1_3' title="bbox 61 3722 598 3867">
    <p class='ocr_par' dir='ltr' id='par_1_3' title="bbox 61 3722 598 3867">
     <span class='ocr_line' id='line_1_50' title="bbox 61 3722 598 3792; baseline 0.007 -14"><span class='ocrx_word' id='word_1_247' title='bbox 61 3722 109 3778; x_wconf 85' lang='lat' dir='ltr'><strong>Dei</strong></span> <span class='ocrx_word' id='word_1_248' title='bbox 132 3729 285 3792; x_wconf 88' lang='lat' dir='ltr'><strong>extendere,</strong></span> <span class='ocrx_word' id='word_1_249' title='bbox 309 3730 513 3781; x_wconf 90' lang='lat' dir='ltr'><strong>rememorando</strong></span> <span class='ocrx_word' id='word_1_250' title='bbox 536 3731 598 3782; x_wconf 91' lang='lat' dir='ltr'><strong>illos</strong></span> 
     </span>
     <span class='ocr_line' id='line_1_51' title="bbox 62 3801 597 3867; baseline 0.009 -19"><span class='ocrx_word' id='word_1_251' title='bbox 62 3808 203 3849; x_wconf 80' lang='lat' dir='ltr'><strong>amorosos</strong></span> <span class='ocrx_word' id='word_1_252' title='bbox 246 3801 386 3867; x_wconf 86' lang='lat' dir='ltr'><strong>amplexus</strong></span> <span class='ocrx_word' id='word_1_253' title='bbox 430 3801 597 3854; x_wconf 83' lang='lat' dir='ltr'><strong>extensionis</strong></span> 
     </span>
    </p>
   </div>
   <div class='ocr_carea' id='block_1_4' title="bbox 123 3912 574 3982">
    <p class='ocr_par' dir='ltr' id='par_1_4' title="bbox 123 3912 574 3982">
     <span class='ocr_line' id='line_1_52' title="bbox 123 3912 574 3982; baseline 0.018 -17"><span class='ocrx_word' id='word_1_254' title='bbox 123 3912 195 3968; x_wconf 85' lang='lat' dir='ltr'><strong>Vtra</strong></span> <span class='ocrx_word' id='word_1_255' title='bbox 210 3915 275 3968; x_wconf 79' lang='lat' dir='ltr'><strong>trau</strong></span> <span class='ocrx_word' id='word_1_256' title='bbox 289 3916 411 3982; x_wconf 76' lang='lat' dir='ltr'><strong>Curram,</strong></span> <span class='ocrx_word' id='word_1_257' title='bbox 427 3933 514 3972; x_wconf 71' lang='lat' dir='ltr'><strong>rosus</strong></span> <span class='ocrx_word' id='word_1_258' title='bbox 530 3918 574 3973; x_wconf 88' lang='lat' dir='ltr'><strong>IV.</strong></span> 
     </span>
    </p>
   </div>
   <div class='ocr_carea' id='block_1_5' title="bbox 1134 204 1186 272">
    <p class='ocr_par' dir='ltr' id='par_1_5' title="bbox 1134 204 1186 272">
     <span class='ocr_line' id='line_1_53' title="bbox 1134 204 1186 272; baseline 0 -17"><span class='ocrx_word' id='word_1_259' title='bbox 1134 204 1186 272; x_wconf 84' lang='lat'><strong>567</strong></span> 
     </span>
    </p>
   </div>
   <div class='ocr_carea' id='block_1_6' title="bbox 647 313 1190 3870">
    <p class='ocr_par' dir='ltr' id='par_1_6' title="bbox 653 313 1190 863">
     <span class='ocr_line' id='line_1_54' title="bbox 655 313 1188 386; baseline 0.019 -23"><span class='ocrx_word' id='word_1_260' title='bbox 655 313 757 366; x_wconf 85' lang='lat' dir='ltr'><strong>Christi</strong></span> <span class='ocrx_word' id='word_1_261' title='bbox 777 332 839 367; x_wconf 90' lang='lat' dir='ltr'><strong>cum</strong></span> <span class='ocrx_word' id='word_1_262' title='bbox 859 317 1015 383; x_wconf 82' lang='lat' dir='ltr'><strong>Augustino</strong></span> <span class='ocrx_word' id='word_1_263' title='bbox 1034 334 1043 370; x_wconf 87' lang='grc'><strong>.·</strong></span> <span class='ocrx_word' id='word_1_264' title='bbox 1060 319 1126 371; x_wconf 76' lang='lat' dir='ltr'><strong>lesu</strong></span> <span class='ocrx_word' id='word_1_265' title='bbox 1142 323 1188 386; x_wconf 83' lang='lat' dir='ltr'><strong>qui</strong></span> 
     </span>
     <span class='ocr_line' id='line_1_55' title="bbox 654 386 1187 444; baseline 0.013 -8"><span class='ocrx_word' id='word_1_266' title='bbox 654 386 681 436; x_wconf 89' lang='lat' dir='ltr'><strong>in</strong></span> <span class='ocrx_word' id='word_1_267' title='bbox 704 402 782 438; x_wconf 87' lang='lat' dir='ltr'><strong>cruce</strong></span> <span class='ocrx_word' id='word_1_268' title='bbox 795 389 905 440; x_wconf 86' lang='lat' dir='ltr'><strong>extendi</strong></span> <span class='ocrx_word' id='word_1_269' title='bbox 919 390 1030 441; x_wconf 83' lang='lat' dir='ltr'><strong>voutsrr·</strong></span> <span class='ocrx_word' id='word_1_270' title='bbox 1050 390 1088 442; x_wconf 87' lang='lat' dir='ltr'><strong>ita</strong></span> <span class='ocrx_word' id='word_1_271' title='bbox 1105 399 1187 444; x_wconf 85' lang='lat' dir='ltr'><strong>atro-</strong></span> 
     </span>
     <span class='ocr_line' id='line_1_56' title="bbox 653 460 1189 530; baseline 0.011 -20"><span class='ocrx_word' id='word_1_272' title='bbox 653 460 728 523; x_wconf 82' lang='lat' dir='ltr'><strong>citer,</strong></span> <span class='ocrx_word' id='word_1_273' title='bbox 756 467 784 511; x_wconf 90' lang='lat' dir='ltr'><strong>ut</strong></span> <span class='ocrx_word' id='word_1_274' title='bbox 809 462 899 513; x_wconf 89' lang='lat' dir='ltr'><strong>omnia</strong></span> <span class='ocrx_word' id='word_1_275' title='bbox 919 476 984 513; x_wconf 85' lang='lat' dir='ltr'><strong>ossa</strong></span> <span class='ocrx_word' id='word_1_276' title='bbox 1008 468 1056 513; x_wconf 87' lang='lat' dir='ltr'><strong>tua</strong></span> <span class='ocrx_word' id='word_1_277' title='bbox 1075 473 1189 530; x_wconf 68' lang='lat' dir='ltr'><strong>pos-sent</strong></span> 
     </span>
     <span class='ocr_line' id='line_1_57' title="bbox 653 533 1188 600; baseline 0.013 -20"><span class='ocrx_word' id='word_1_278' title='bbox 653 533 799 596; x_wconf 87' lang='lat' dir='ltr'><strong>numerari,</strong></span> <span class='ocrx_word' id='word_1_279' title='bbox 822 534 875 600; x_wconf 87' lang='lat' dir='ltr'><strong>sac</strong></span> <span class='ocrx_word' id='word_1_280' title='bbox 894 549 934 586; x_wconf 89' lang='lat' dir='ltr'><strong>me</strong></span> <span class='ocrx_word' id='word_1_281' title='bbox 956 535 1046 586; x_wconf 89' lang='lat' dir='ltr'><strong>omnia</strong></span> <span class='ocrx_word' id='word_1_282' title='bbox 1070 537 1188 587; x_wconf 85' lang='lat' dir='ltr'><strong>membra</strong></span> 
     </span>
     <span class='ocr_line' id='line_1_58' title="bbox 653 600 1190 668; baseline 0.017 -18"><span class='ocrx_word' id='word_1_283' title='bbox 653 600 775 668; x_wconf 81' lang='lat' dir='ltr'><strong>viresque</strong></span> <span class='ocrx_word' id='word_1_284' title='bbox 788 616 914 668; x_wconf 77' lang='lat' dir='ltr'><strong>corporis</strong></span> <span class='ocrx_word' id='word_1_285' title='bbox 928 610 954 656; x_wconf 90' lang='lat' dir='ltr'><strong>et</strong></span> <span class='ocrx_word' id='word_1_286' title='bbox 967 605 1065 656; x_wconf 84' lang='lat' dir='ltr'><strong>animae</strong></span> <span class='ocrx_word' id='word_1_287' title='bbox 1076 619 1141 656; x_wconf 85' lang='lat' dir='ltr'><strong>meae</strong></span> <span class='ocrx_word' id='word_1_288' title='bbox 1150 607 1190 658; x_wconf 84' lang='lat' dir='ltr'><strong>ad</strong></span> 
     </span>
     <span class='ocr_line' id='line_1_59' title="bbox 654 671 1188 739; baseline 0.015 -19"><span class='ocrx_word' id='word_1_289' title='bbox 654 671 759 724; x_wconf 86' lang='lat' dir='ltr'><strong>taudem</strong></span> <span class='ocrx_word' id='word_1_290' title='bbox 771 679 843 724; x_wconf 86' lang='lat' dir='ltr'><strong>tuam</strong></span> <span class='ocrx_word' id='word_1_291' title='bbox 858 676 1011 739; x_wconf 85' lang='lat' dir='ltr'><strong>extendere,</strong></span> <span class='ocrx_word' id='word_1_292' title='bbox 1028 683 1054 727; x_wconf 87' lang='lat' dir='ltr'><strong>et</strong></span> <span class='ocrx_word' id='word_1_293' title='bbox 1065 677 1102 726; x_wconf 85' lang='lat' dir='ltr'><strong>ad</strong></span> <span class='ocrx_word' id='word_1_294' title='bbox 1111 691 1188 728; x_wconf 88' lang='lat' dir='ltr'><strong>amo-</strong></span> 
     </span>
     <span class='ocr_line' id='line_1_60' title="bbox 653 747 1187 814; baseline 0.011 -22"><span class='ocrx_word' id='word_1_295' title='bbox 653 757 731 793; x_wconf 84' lang='lat' dir='ltr'><strong>rosos</strong></span> <span class='ocrx_word' id='word_1_296' title='bbox 744 756 891 810; x_wconf 74' lang='lat' dir='ltr'><strong>amplexus</strong></span> <span class='ocrx_word' id='word_1_297' title='bbox 904 753 967 797; x_wconf 86' lang='lat' dir='ltr'><strong>tuos</strong></span> <span class='ocrx_word' id='word_1_298' title='bbox 980 747 1096 798; x_wconf 82' lang='lat' dir='ltr'><strong>dulciter·</strong></span> <span class='ocrx_word' id='word_1_299' title='bbox 1110 749 1187 814; x_wconf 80' lang='lat' dir='ltr'><strong>aspi—</strong></span> 
     </span>
     <span class='ocr_line' id='line_1_61' title="bbox 653 827 727 863; baseline 0.027 -2"><span class='ocrx_word' id='word_1_300' title='bbox 653 827 727 863; x_wconf 86' lang='lat' dir='ltr'><strong>rare.</strong></span> 
     </span>
    </p>

    <p class='ocr_par' dir='ltr' id='par_1_7' title="bbox 647 885 1187 3870">
     <span class='ocr_line' id='line_1_62' title="bbox 684 885 1186 952; baseline 0.014 -16"><span class='ocrx_word' id='word_1_301' title='bbox 684 885 700 936; x_wconf 88' lang='lat'><strong>6</strong></span> <span class='ocrx_word' id='word_1_302' title='bbox 723 887 881 939; x_wconf 80' lang='lat' dir='ltr'><strong>Caucrrrxro</strong></span> <span class='ocrx_word' id='word_1_303' title='bbox 904 889 1025 952; x_wconf 82' lang='lat' dir='ltr'><strong>Curusrr,</strong></span> <span class='ocrx_word' id='word_1_304' title='bbox 1047 907 1186 942; x_wconf 79' lang='lat' dir='ltr'><strong>nocunsu-</strong></span> 
     </span>
     <span class='ocr_line' id='line_1_63' title="bbox 653 963 1186 1028; baseline 0.013 -22"><span class='ocrx_word' id='word_1_305' title='bbox 653 973 708 1007; x_wconf 81' lang='lat' dir='ltr'><strong>ruu</strong></span> <span class='ocrx_word' id='word_1_306' title='bbox 724 974 757 1007; x_wconf 78' lang='lat' dir='ltr'><strong>ax</strong></span> <span class='ocrx_word' id='word_1_307' title='bbox 773 975 806 1007; x_wconf 76' lang='lat' dir='ltr'><strong>aa</strong></span> <span class='ocrx_word' id='word_1_308' title='bbox 822 975 855 1008; x_wconf 81' lang='lat' dir='ltr'><strong>ar</strong></span> <span class='ocrx_word' id='word_1_309' title='bbox 881 975 987 1011; x_wconf 75' lang='lat' dir='ltr'><strong>onnrro.</strong></span> <span class='ocrx_word' id='word_1_310' title='bbox 1008 990 1038 1000; x_wconf 93' lang='lat'><em>-</em></span> <span class='ocrx_word' id='word_1_311' title='bbox 1058 963 1117 1028; x_wconf 92' lang='lat' dir='ltr'><strong>lpse</strong></span> <span class='ocrx_word' id='word_1_312' title='bbox 1135 978 1186 1013; x_wconf 92' lang='lat' dir='ltr'><strong>au-</strong></span> 
     </span>
     <span class='ocr_line' id='line_1_64' title="bbox 651 1028 1185 1082; baseline 0.011 -5"><span class='ocrx_word' id='word_1_313' title='bbox 651 1037 706 1077; x_wconf 89' lang='lat' dir='ltr'><strong>tem</strong></span> <span class='ocrx_word' id='word_1_314' title='bbox 731 1028 863 1078; x_wconf 89' lang='lat' dir='ltr'><strong>Dominus</strong></span> <span class='ocrx_word' id='word_1_315' title='bbox 895 1040 986 1079; x_wconf 90' lang='lat' dir='ltr'><strong>noster</strong></span> <span class='ocrx_word' id='word_1_316' title='bbox 1014 1047 1068 1081; x_wconf 89' lang='lat' dir='ltr'><strong>non</strong></span> <span class='ocrx_word' id='word_1_317' title='bbox 1095 1034 1185 1082; x_wconf 91' lang='lat' dir='ltr'><strong>solum</strong></span> 
     </span>
     <span class='ocr_line' id='line_1_65' title="bbox 651 1098 1185 1165; baseline 0.013 -18"><span class='ocrx_word' id='word_1_318' title='bbox 651 1098 831 1164; x_wconf 87' lang='lat' dir='ltr'><strong>dignatusest</strong></span> <span class='ocrx_word' id='word_1_319' title='bbox 851 1099 879 1148; x_wconf 91' lang='lat' dir='ltr'><strong>in</strong></span> <span class='ocrx_word' id='word_1_320' title='bbox 895 1115 972 1150; x_wconf 89' lang='lat' dir='ltr'><strong>cruce</strong></span> <span class='ocrx_word' id='word_1_321' title='bbox 987 1102 1094 1152; x_wconf 87' lang='lat' dir='ltr'><strong>extendi</strong></span> <span class='ocrx_word' id='word_1_322' title='bbox 1108 1119 1114 1165; x_wconf 89' lang='grc'><strong>;</strong></span> <span class='ocrx_word' id='word_1_323' title='bbox 1138 1104 1185 1153; x_wconf 91' lang='lat' dir='ltr'><strong>sed</strong></span> 
     </span>
     <span class='ocr_line' id='line_1_66' title="bbox 651 1169 1186 1235; baseline 0.007 -16"><span class='ocrx_word' id='word_1_324' title='bbox 651 1178 676 1219; x_wconf 90' lang='lat' dir='ltr'><strong>et</strong></span> <span class='ocrx_word' id='word_1_325' title='bbox 689 1169 775 1220; x_wconf 91' lang='lat' dir='ltr'><strong>voluit</strong></span> <span class='ocrx_word' id='word_1_326' title='bbox 794 1185 872 1220; x_wconf 91' lang='lat' dir='ltr'><strong>cruce</strong></span> <span class='ocrx_word' id='word_1_327' title='bbox 887 1169 969 1235; x_wconf 83' lang='lat' dir='ltr'><strong>affigi.</strong></span> <span class='ocrx_word' id='word_1_328' title='bbox 992 1181 1022 1222; x_wconf 92' lang='lat' dir='ltr'><strong>ut</strong></span> <span class='ocrx_word' id='word_1_329' title='bbox 1041 1188 1186 1223; x_wconf 90' lang='lat' dir='ltr'><strong>commen-</strong></span> 
     </span>
     <span class='ocr_line' id='line_1_67' title="bbox 650 1239 1183 1292; baseline 0.006 -3"><span class='ocrx_word' id='word_1_330' title='bbox 650 1240 724 1290; x_wconf 87' lang='lat' dir='ltr'><strong>daret</strong></span> <span class='ocrx_word' id='word_1_331' title='bbox 756 1239 834 1290; x_wconf 91' lang='lat' dir='ltr'><strong>nobis</strong></span> <span class='ocrx_word' id='word_1_332' title='bbox 863 1239 1079 1291; x_wconf 90' lang='lat' dir='ltr'><strong>indissolubilem</strong></span> <span class='ocrx_word' id='word_1_333' title='bbox 1114 1242 1183 1292; x_wconf 90' lang='lat' dir='ltr'><strong>cari-</strong></span> 
     </span>
     <span class='ocr_line' id='line_1_68' title="bbox 651 1311 1186 1376; baseline 0.004 -17"><span class='ocrx_word' id='word_1_334' title='bbox 651 1319 733 1360; x_wconf 87' lang='lat' dir='ltr'><strong>tatem</strong></span> <span class='ocrx_word' id='word_1_335' title='bbox 752 1325 838 1369; x_wconf 88' lang='lat' dir='ltr'><strong>suam,</strong></span> <span class='ocrx_word' id='word_1_336' title='bbox 858 1325 911 1376; x_wconf 88' lang='lat' dir='ltr'><strong>qua</strong></span> <span class='ocrx_word' id='word_1_337' title='bbox 926 1311 1040 1360; x_wconf 90' lang='lat' dir='ltr'><strong>salutem</strong></span> <span class='ocrx_word' id='word_1_338' title='bbox 1064 1321 1186 1362; x_wconf 89' lang='lat' dir='ltr'><strong>nostram</strong></span> 
     </span>
     <span class='ocr_line' id='line_1_69' title="bbox 649 1378 1186 1446; baseline 0.007 -17"><span class='ocrx_word' id='word_1_339' title='bbox 649 1378 774 1431; x_wconf 86' lang='lat' dir='ltr'><strong>firmavit.</strong></span> <span class='ocrx_word' id='word_1_340' title='bbox 788 1381 910 1431; x_wconf 82' lang='lat' dir='ltr'><strong>Extensis</strong></span> <span class='ocrx_word' id='word_1_341' title='bbox 922 1396 986 1446; x_wconf 88' lang='lat' dir='ltr'><strong>ergo</strong></span> <span class='ocrx_word' id='word_1_342' title='bbox 1001 1382 1091 1432; x_wconf 88' lang='lat' dir='ltr'><strong>nervis</strong></span> <span class='ocrx_word' id='word_1_343' title='bbox 1103 1392 1129 1432; x_wconf 90' lang='lat' dir='ltr'><strong>et</strong></span> <span class='ocrx_word' id='word_1_344' title='bbox 1141 1399 1186 1434; x_wconf 92' lang='lat' dir='ltr'><strong>ve·</strong></span> 
     </span>
     <span class='ocr_line' id='line_1_70' title="bbox 651 1450 1186 1518; baseline 0.006 -18"><span class='ocrx_word' id='word_1_345' title='bbox 651 1450 703 1510; x_wconf 89' lang='lat' dir='ltr'><strong>nis,</strong></span> <span class='ocrx_word' id='word_1_346' title='bbox 717 1466 747 1500; x_wconf 88' lang='lat' dir='ltr'><strong>ac</strong></span> <span class='ocrx_word' id='word_1_347' title='bbox 762 1450 898 1516; x_wconf 90' lang='lat' dir='ltr'><strong>protensis</strong></span> <span class='ocrx_word' id='word_1_348' title='bbox 919 1451 1027 1502; x_wconf 90' lang='lat' dir='ltr'><strong>ossibus</strong></span> <span class='ocrx_word' id='word_1_349' title='bbox 1038 1461 1063 1502; x_wconf 89' lang='lat' dir='ltr'><strong>et</strong></span> <span class='ocrx_word' id='word_1_350' title='bbox 1075 1453 1186 1518; x_wconf 78' lang='lat' dir='ltr'><strong>junctu-</strong></span> 
     </span>
     <span class='ocr_line' id='line_1_71' title="bbox 649 1521 1187 1584; baseline 0.009 -14"><span class='ocrx_word' id='word_1_351' title='bbox 649 1521 688 1571; x_wconf 88' lang='lat' dir='ltr'><strong>ris</strong></span> <span class='ocrx_word' id='word_1_352' title='bbox 710 1522 826 1572; x_wconf 87' lang='lat' dir='ltr'><strong>violenta</strong></span> <span class='ocrx_word' id='word_1_353' title='bbox 850 1522 1015 1584; x_wconf 87' lang='lat' dir='ltr'><strong>extensione,</strong></span> <span class='ocrx_word' id='word_1_354' title='bbox 1032 1523 1129 1575; x_wconf 86' lang='lat' dir='ltr'><strong>affixus</strong></span> <span class='ocrx_word' id='word_1_355' title='bbox 1146 1535 1187 1576; x_wconf 88' lang='lat' dir='ltr'><strong>est</strong></span> 
     </span>
     <span class='ocr_line' id='line_1_72' title="bbox 649 1593 1183 1661; baseline 0.006 -18"><span class='ocrx_word' id='word_1_356' title='bbox 649 1593 732 1657; x_wconf 93' lang='lat' dir='ltr'><strong>cruci,</strong></span> <span class='ocrx_word' id='word_1_357' title='bbox 750 1595 878 1646; x_wconf 90' lang='lat' dir='ltr'><strong>manibus</strong></span> <span class='ocrx_word' id='word_1_358' title='bbox 891 1605 918 1646; x_wconf 91' lang='lat' dir='ltr'><strong>et</strong></span> <span class='ocrx_word' id='word_1_359' title='bbox 938 1596 1051 1661; x_wconf 89' lang='lat' dir='ltr'><strong>pedibus</strong></span> <span class='ocrx_word' id='word_1_360' title='bbox 1065 1597 1183 1648; x_wconf 90' lang='lat' dir='ltr'><strong>durissi-</strong></span> 
     </span>
     <span class='ocr_line' id='line_1_73' title="bbox 650 1664 1184 1729; baseline 0.007 -15"><span class='ocrx_word' id='word_1_361' title='bbox 650 1679 693 1714; x_wconf 89' lang='lat' dir='ltr'><strong>me</strong></span> <span class='ocrx_word' id='word_1_362' title='bbox 709 1664 860 1729; x_wconf 89' lang='lat' dir='ltr'><strong>perforatis,</strong></span> <span class='ocrx_word' id='word_1_363' title='bbox 875 1676 901 1716; x_wconf 91' lang='lat' dir='ltr'><strong>et</strong></span> <span class='ocrx_word' id='word_1_364' title='bbox 912 1666 1038 1721; x_wconf 82' lang='lat' dir='ltr'><strong>sauciatis</strong></span> <span class='ocrx_word' id='word_1_365' title='bbox 1050 1683 1112 1718; x_wconf 89' lang='lat' dir='ltr'><strong>cum</strong></span> <span class='ocrx_word' id='word_1_366' title='bbox 1126 1668 1184 1718; x_wconf 91' lang='lat' dir='ltr'><strong>cla-</strong></span> 
     </span>
     <span class='ocr_line' id='line_1_74' title="bbox 647 1735 1184 1801; baseline 0.006 -16"><span class='ocrx_word' id='word_1_367' title='bbox 647 1735 689 1785; x_wconf 93' lang='lat' dir='ltr'><strong>vis</strong></span> <span class='ocrx_word' id='word_1_368' title='bbox 702 1735 804 1801; x_wconf 85' lang='lat' dir='ltr'><strong>grossis</strong></span> <span class='ocrx_word' id='word_1_369' title='bbox 826 1746 852 1787; x_wconf 89' lang='lat' dir='ltr'><strong>et</strong></span> <span class='ocrx_word' id='word_1_370' title='bbox 866 1736 1030 1796; x_wconf 89' lang='lat' dir='ltr'><strong>durissimis,</strong></span> <span class='ocrx_word' id='word_1_371' title='bbox 1046 1747 1138 1787; x_wconf 90' lang='lat' dir='ltr'><strong>cutem</strong></span> <span class='ocrx_word' id='word_1_372' title='bbox 1158 1748 1184 1789; x_wconf 88' lang='lat' dir='ltr'><strong>et</strong></span> 
     </span>
     <span class='ocr_line' id='line_1_75' title="bbox 648 1818 1185 1875; baseline 0.007 -20"><span class='ocrx_word' id='word_1_373' title='bbox 648 1821 769 1865; x_wconf 89' lang='lat' dir='ltr'><strong>carnem,</strong></span> <span class='ocrx_word' id='word_1_374' title='bbox 793 1822 890 1858; x_wconf 89' lang='lat' dir='ltr'><strong>nervos</strong></span> <span class='ocrx_word' id='word_1_375' title='bbox 916 1818 943 1858; x_wconf 92' lang='lat' dir='ltr'><strong>et</strong></span> <span class='ocrx_word' id='word_1_376' title='bbox 973 1823 1072 1871; x_wconf 88' lang='lat' dir='ltr'><strong>venas,</strong></span> <span class='ocrx_word' id='word_1_377' title='bbox 1103 1819 1185 1875; x_wconf 90' lang='lat' dir='ltr'><strong>atque</strong></span> 
     </span>
     <span class='ocr_line' id='line_1_76' title="bbox 648 1878 1181 1945; baseline 0.008 -19"><span class='ocrx_word' id='word_1_378' title='bbox 648 1893 791 1943; x_wconf 79' lang='lat' dir='ltr'><strong>compages</strong></span> <span class='ocrx_word' id='word_1_379' title='bbox 826 1879 931 1928; x_wconf 89' lang='lat' dir='ltr'><strong>ossium</strong></span> <span class='ocrx_word' id='word_1_380' title='bbox 969 1878 1181 1945; x_wconf 73' lang='lat' dir='ltr'><strong>dissipantibus,</strong></span> 
     </span>
     <span class='ocr_line' id='line_1_77' title="bbox 648 1948 1183 2013; baseline 0.007 -16"><span class='ocrx_word' id='word_1_381' title='bbox 648 1964 764 2013; x_wconf 90' lang='lat' dir='ltr'><strong>quorum</strong></span> <span class='ocrx_word' id='word_1_382' title='bbox 777 1948 896 1999; x_wconf 91' lang='lat' dir='ltr'><strong>stimulis</strong></span> <span class='ocrx_word' id='word_1_383' title='bbox 907 1949 991 2000; x_wconf 84' lang='lat' dir='ltr'><strong>excita</strong></span> <span class='ocrx_word' id='word_1_384' title='bbox 1005 1959 1031 2000; x_wconf 89' lang='lat' dir='ltr'><strong>et</strong></span> <span class='ocrx_word' id='word_1_385' title='bbox 1043 1962 1071 2000; x_wconf 90' lang='lat' dir='ltr'><strong>tu</strong></span> <span class='ocrx_word' id='word_1_386' title='bbox 1085 1965 1183 2001; x_wconf 89' lang='lat' dir='ltr'><strong>manus</strong></span> 
     </span>
     <span class='ocr_line' id='line_1_78' title="bbox 647 2019 1184 2086; baseline 0.006 -18"><span class='ocrx_word' id='word_1_387' title='bbox 647 2028 674 2068; x_wconf 91' lang='lat' dir='ltr'><strong>et</strong></span> <span class='ocrx_word' id='word_1_388' title='bbox 686 2021 767 2085; x_wconf 91' lang='lat' dir='ltr'><strong>pedes</strong></span> <span class='ocrx_word' id='word_1_389' title='bbox 778 2029 839 2070; x_wconf 91' lang='lat' dir='ltr'><strong>tuos</strong></span> <span class='ocrx_word' id='word_1_390' title='bbox 852 2019 886 2070; x_wconf 90' lang='lat' dir='ltr'><strong>ad</strong></span> <span class='ocrx_word' id='word_1_391' title='bbox 896 2036 979 2070; x_wconf 91' lang='lat' dir='ltr'><strong>omne</strong></span> <span class='ocrx_word' id='word_1_392' title='bbox 990 2022 1090 2071; x_wconf 89' lang='lat' dir='ltr'><strong>bonum</strong></span> <span class='ocrx_word' id='word_1_393' title='bbox 1105 2037 1184 2086; x_wconf 88' lang='lat' dir='ltr'><strong>opus.</strong></span> 
     </span>
     <span class='ocr_line' id='line_1_79' title="bbox 649 2091 1184 2158; baseline 0.006 -18"><span class='ocrx_word' id='word_1_394' title='bbox 649 2091 718 2150; x_wconf 88' lang='lat' dir='ltr'><strong>Quia</strong></span> <span class='ocrx_word' id='word_1_395' title='bbox 727 2091 800 2140; x_wconf 90' lang='lat' dir='ltr'><strong>enim</strong></span> <span class='ocrx_word' id='word_1_396' title='bbox 815 2091 920 2157; x_wconf 90' lang='lat' dir='ltr'><strong>primus</strong></span> <span class='ocrx_word' id='word_1_397' title='bbox 931 2093 1013 2144; x_wconf 91' lang='lat' dir='ltr'><strong>homo</strong></span> <span class='ocrx_word' id='word_1_398' title='bbox 1028 2094 1059 2142; x_wconf 93' lang='lat' dir='ltr'><strong>ad</strong></span> <span class='ocrx_word' id='word_1_399' title='bbox 1076 2093 1184 2158; x_wconf 90' lang='lat' dir='ltr'><strong>lignum</strong></span> 
     </span>
     <span class='ocr_line' id='line_1_80' title="bbox 648 2163 1183 2228; baseline 0.002 -16"><span class='ocrx_word' id='word_1_400' title='bbox 648 2163 875 2228; x_wconf 79' lang='lat' dir='ltr'><strong>praevaricationis</strong></span> <span class='ocrx_word' id='word_1_401' title='bbox 895 2179 992 2215; x_wconf 88' lang='lat' dir='ltr'><strong>manus</strong></span> <span class='ocrx_word' id='word_1_402' title='bbox 1007 2164 1183 2223; x_wconf 86' lang='lat' dir='ltr'><strong>extendendo,</strong></span> 
     </span>
     <span class='ocr_line' id='line_1_81' title="bbox 648 2235 1182 2301; baseline 0 -17"><span class='ocrx_word' id='word_1_403' title='bbox 648 2245 674 2284; x_wconf 95' lang='lat' dir='ltr'><strong>et</strong></span> <span class='ocrx_word' id='word_1_404' title='bbox 683 2235 795 2300; x_wconf 90' lang='lat' dir='ltr'><strong>pedibus</strong></span> <span class='ocrx_word' id='word_1_405' title='bbox 803 2236 960 2297; x_wconf 87' lang='lat' dir='ltr'><strong>accedendo,</strong></span> <span class='ocrx_word' id='word_1_406' title='bbox 969 2235 1182 2301; x_wconf 90' lang='lat' dir='ltr'><strong>chirographum</strong></span> 
     </span>
     <span class='ocr_line' id='line_1_82' title="bbox 648 2303 1182 2355; baseline -0.002 -2"><span class='ocrx_word' id='word_1_407' title='bbox 648 2303 832 2354; x_wconf 88' lang='lat' dir='ltr'><strong>damnationis</strong></span> <span class='ocrx_word' id='word_1_408' title='bbox 857 2316 955 2354; x_wconf 90' lang='lat' dir='ltr'><strong>nostrae</strong></span> <span class='ocrx_word' id='word_1_409' title='bbox 979 2304 1086 2355; x_wconf 92' lang='lat' dir='ltr'><strong>diabolo</strong></span> <span class='ocrx_word' id='word_1_410' title='bbox 1113 2318 1182 2353; x_wconf 93' lang='lat' dir='ltr'><strong>con-</strong></span> 
     </span>
     <span class='ocr_line' id='line_1_83' title="bbox 648 2377 1183 2438; baseline 0 -12"><span class='ocrx_word' id='word_1_411' title='bbox 648 2377 770 2428; x_wconf 84' lang='lat' dir='ltr'><strong>fecerat:</strong></span> <span class='ocrx_word' id='word_1_412' title='bbox 795 2377 855 2427; x_wconf 91' lang='lat' dir='ltr'><strong>ideo</strong></span> <span class='ocrx_word' id='word_1_413' title='bbox 880 2378 1002 2428; x_wconf 88' lang='lat' dir='ltr'><strong>Salvator</strong></span> <span class='ocrx_word' id='word_1_414' title='bbox 1028 2387 1128 2438; x_wconf 91' lang='lat' dir='ltr'><strong>noster,</strong></span> <span class='ocrx_word' id='word_1_415' title='bbox 1152 2387 1183 2426; x_wconf 91' lang='lat' dir='ltr'><strong>ut</strong></span> 
     </span>
     <span class='ocr_line' id='line_1_84' title="bbox 648 2447 1180 2514; baseline 0.004 -18"><span class='ocrx_word' id='word_1_416' title='bbox 648 2447 861 2514; x_wconf 88' lang='lat' dir='ltr'><strong>chirographum</strong></span> <span class='ocrx_word' id='word_1_417' title='bbox 890 2447 957 2498; x_wconf 90' lang='lat' dir='ltr'><strong>illud</strong></span> <span class='ocrx_word' id='word_1_418' title='bbox 983 2448 1094 2508; x_wconf 91' lang='lat' dir='ltr'><strong>deleret,</strong></span> <span class='ocrx_word' id='word_1_419' title='bbox 1120 2462 1180 2498; x_wconf 92' lang='lat' dir='ltr'><strong>ma-</strong></span> 
     </span>
     <span class='ocr_line' id='line_1_85' title="bbox 649 2518 1184 2586; baseline 0.006 -19"><span class='ocrx_word' id='word_1_420' title='bbox 649 2518 730 2569; x_wconf 91' lang='lat' dir='ltr'><strong>nibus</strong></span> <span class='ocrx_word' id='word_1_421' title='bbox 753 2528 778 2569; x_wconf 90' lang='lat' dir='ltr'><strong>et</strong></span> <span class='ocrx_word' id='word_1_422' title='bbox 801 2518 917 2584; x_wconf 89' lang='lat' dir='ltr'><strong>pedibus</strong></span> <span class='ocrx_word' id='word_1_423' title='bbox 936 2519 1011 2586; x_wconf 91' lang='lat' dir='ltr'><strong>ligno</strong></span> <span class='ocrx_word' id='word_1_424' title='bbox 1038 2518 1184 2570; x_wconf 78' lang='lat' dir='ltr'><strong>salutiferae</strong></span> 
     </span>
     <span class='ocr_line' id='line_1_86' title="bbox 648 2591 1186 2658; baseline 0 -16"><span class='ocrx_word' id='word_1_425' title='bbox 648 2592 734 2642; x_wconf 92' lang='lat' dir='ltr'><strong>crucis</strong></span> <span class='ocrx_word' id='word_1_426' title='bbox 751 2591 822 2658; x_wconf 88' lang='lat' dir='ltr'><strong>affigi</strong></span> <span class='ocrx_word' id='word_1_427' title='bbox 836 2592 923 2643; x_wconf 89' lang='lat' dir='ltr'><strong>voluit</strong></span> <span class='ocrx_word' id='word_1_428' title='bbox 942 2593 1023 2644; x_wconf 92' lang='lat' dir='ltr'><strong>clavis</strong></span> <span class='ocrx_word' id='word_1_429' title='bbox 1044 2592 1186 2645; x_wconf 88' lang='lat' dir='ltr'><strong>invictissi-</strong></span> 
     </span>
     <span class='ocr_line' id='line_1_87' title="bbox 649 2665 1187 2732; baseline 0.004 -18"><span class='ocrx_word' id='word_1_430' title='bbox 649 2680 700 2715; x_wconf 84' lang='lat' dir='ltr'><strong>mae</strong></span> <span class='ocrx_word' id='word_1_431' title='bbox 727 2665 844 2715; x_wconf 88' lang='lat' dir='ltr'><strong>caritatis</strong></span> <span class='ocrx_word' id='word_1_432' title='bbox 875 2682 882 2716; x_wconf 93' lang='lat'>:</span> <span class='ocrx_word' id='word_1_433' title='bbox 915 2666 1014 2717; x_wconf 85' lang='lat' dir='ltr'><strong>Delens</strong></span> <span class='ocrx_word' id='word_1_434' title='bbox 1042 2681 1089 2732; x_wconf 88' lang='lat' dir='ltr'><strong>per</strong></span> <span class='ocrx_word' id='word_1_435' title='bbox 1134 2667 1187 2716; x_wconf 91' lang='lat' dir='ltr'><strong>hoc</strong></span> 
     </span>
     <span class='ocr_line' id='line_1_88' title="bbox 648 2735 1184 2802; baseline 0 -17"><span class='ocrx_word' id='word_1_436' title='bbox 648 2735 860 2802; x_wconf 83' lang='lat' dir='ltr'><strong>chirographum</strong></span> <span class='ocrx_word' id='word_1_437' title='bbox 891 2735 993 2788; x_wconf 87' lang='lat' dir='ltr'><strong>decreti</strong></span> <span class='ocrx_word' id='word_1_438' title='bbox 1028 2736 1099 2802; x_wconf 82' lang='lat' dir='ltr'><strong>quod</strong></span> <span class='ocrx_word' id='word_1_439' title='bbox 1123 2743 1184 2786; x_wconf 89' lang='lat' dir='ltr'><strong>erat</strong></span> 
     </span>
     <span class='ocr_line' id='line_1_89' title="bbox 648 2806 1185 2873; baseline -0.004 -16"><span class='ocrx_word' id='word_1_440' title='bbox 648 2807 815 2857; x_wconf 88' lang='lat' dir='ltr'><strong>contrarium</strong></span> <span class='ocrx_word' id='word_1_441' title='bbox 830 2807 914 2869; x_wconf 84' lang='lat' dir='ltr'><strong>nobis,</strong></span> <span class='ocrx_word' id='word_1_442' title='bbox 930 2813 957 2858; x_wconf 89' lang='lat' dir='ltr'><strong>et</strong></span> <span class='ocrx_word' id='word_1_443' title='bbox 968 2807 1054 2873; x_wconf 83' lang='lat' dir='ltr'><strong>ipsum</strong></span> <span class='ocrx_word' id='word_1_444' title='bbox 1072 2806 1133 2856; x_wconf 89' lang='lat' dir='ltr'><strong>tulit</strong></span> <span class='ocrx_word' id='word_1_445' title='bbox 1152 2806 1185 2855; x_wconf 84' lang='lat' dir='ltr'><strong>de</strong></span> 
     </span>
     <span class='ocr_line' id='line_1_90' title="bbox 649 2875 1185 2944; baseline -0.004 -18"><span class='ocrx_word' id='word_1_446' title='bbox 649 2876 735 2926; x_wconf 85' lang='lat' dir='ltr'><strong>medio</strong></span> <span class='ocrx_word' id='word_1_447' title='bbox 750 2877 864 2944; x_wconf 81' lang='lat' dir='ltr'><strong>affigens</strong></span> <span class='ocrx_word' id='word_1_448' title='bbox 879 2876 947 2926; x_wconf 87' lang='lat' dir='ltr'><strong>illud</strong></span> <span class='ocrx_word' id='word_1_449' title='bbox 961 2876 1042 2927; x_wconf 89' lang='lat' dir='ltr'><strong>cruci.</strong></span> <span class='ocrx_word' id='word_1_450' title='bbox 1059 2875 1082 2925; x_wconf 93' lang='grc' dir='ltr'>Ο</span> <span class='ocrx_word' id='word_1_451' title='bbox 1102 2890 1185 2940; x_wconf 91' lang='lat' dir='ltr'><strong>quam</strong></span> 
     </span>
     <span class='ocr_line' id='line_1_91' title="bbox 649 2947 1184 3012; baseline -0.004 -14"><span class='ocrx_word' id='word_1_452' title='bbox 649 2949 765 2999; x_wconf 89' lang='lat' dir='ltr'><strong>libenter</strong></span> <span class='ocrx_word' id='word_1_453' title='bbox 781 2965 888 3000; x_wconf 91' lang='lat' dir='ltr'><strong>crucem</strong></span> <span class='ocrx_word' id='word_1_454' title='bbox 901 2947 1029 3012; x_wconf 90' lang='lat' dir='ltr'><strong>ascendit,</strong></span> <span class='ocrx_word' id='word_1_455' title='bbox 1045 2957 1071 2996; x_wconf 93' lang='lat' dir='ltr'><strong>et</strong></span> <span class='ocrx_word' id='word_1_456' title='bbox 1083 2955 1184 3011; x_wconf 91' lang='lat' dir='ltr'><strong>quanto</strong></span> 
     </span>
     <span class='ocr_line' id='line_1_92' title="bbox 649 3019 1184 3086; baseline 0 -15"><span class='ocrx_word' id='word_1_457' title='bbox 649 3036 740 3071; x_wconf 90' lang='lat' dir='ltr'><strong>amore</strong></span> <span class='ocrx_word' id='word_1_458' title='bbox 754 3022 846 3071; x_wconf 90' lang='lat' dir='ltr'><strong>omnia</strong></span> <span class='ocrx_word' id='word_1_459' title='bbox 861 3037 909 3086; x_wconf 89' lang='lat' dir='ltr'><strong>pro</strong></span> <span class='ocrx_word' id='word_1_460' title='bbox 923 3020 1002 3070; x_wconf 91' lang='lat' dir='ltr'><strong>nobis</strong></span> <span class='ocrx_word' id='word_1_461' title='bbox 1014 3019 1141 3069; x_wconf 82' lang='lat' dir='ltr'><strong>sustulit!</strong></span> <span class='ocrx_word' id='word_1_462' title='bbox 1160 3019 1184 3071; x_wconf 93' lang='grc' dir='ltr'>Ο</span> 
     </span>
     <span class='ocr_line' id='line_1_93' title="bbox 650 3091 1186 3161; baseline -0.004 -18"><span class='ocrx_word' id='word_1_463' title='bbox 650 3102 750 3161; x_wconf 88' lang='lat' dir='ltr'><strong>quanta</strong></span> <span class='ocrx_word' id='word_1_464' title='bbox 769 3093 898 3159; x_wconf 89' lang='lat' dir='ltr'><strong>patientia</strong></span> <span class='ocrx_word' id='word_1_465' title='bbox 914 3091 1042 3154; x_wconf 88' lang='lat' dir='ltr'><strong>obedivit,</strong></span> <span class='ocrx_word' id='word_1_466' title='bbox 1059 3100 1085 3141; x_wconf 92' lang='lat' dir='ltr'><strong>et</strong></span> <span class='ocrx_word' id='word_1_467' title='bbox 1098 3104 1186 3157; x_wconf 85' lang='lat' dir='ltr'><strong>quan-</strong></span> 
     </span>
     <span class='ocr_line' id='line_1_94' title="bbox 650 3160 1184 3228; baseline -0.009 -13"><span class='ocrx_word' id='word_1_468' title='bbox 650 3165 709 3215; x_wconf 86' lang='lat' dir='ltr'><strong>tu&#39;m</strong></span> <span class='ocrx_word' id='word_1_469' title='bbox 726 3164 803 3214; x_wconf 88' lang='lat' dir='ltr'><strong>Pater</strong></span> <span class='ocrx_word' id='word_1_470' title='bbox 821 3163 849 3212; x_wconf 91' lang='lat' dir='ltr'><strong>in</strong></span> <span class='ocrx_word' id='word_1_471' title='bbox 863 3162 949 3228; x_wconf 90' lang='lat' dir='ltr'><strong>ipsius</strong></span> <span class='ocrx_word' id='word_1_472' title='bbox 964 3160 1116 3212; x_wconf 88' lang='lat' dir='ltr'><strong>obedientia</strong></span> <span class='ocrx_word' id='word_1_473' title='bbox 1134 3160 1184 3211; x_wconf 92' lang='lat' dir='ltr'><strong>de-</strong></span> 
     </span>
     <span class='ocr_line' id='line_1_95' title="bbox 649 3233 1184 3300; baseline -0.009 -14"><span class='ocrx_word' id='word_1_474' title='bbox 649 3237 760 3286; x_wconf 90' lang='lat' dir='ltr'><strong>lectatus</strong></span> <span class='ocrx_word' id='word_1_475' title='bbox 780 3233 855 3285; x_wconf 85' lang='lat' dir='ltr'><strong>fuit!</strong></span> <span class='ocrx_word' id='word_1_476' title='bbox 878 3233 1029 3300; x_wconf 15' lang='lat' dir='ltr'><strong>quuantae</strong></span> <span class='ocrx_word' id='word_1_477' title='bbox 1052 3247 1130 3284; x_wconf 92' lang='lat' dir='ltr'><strong>voces</strong></span> <span class='ocrx_word' id='word_1_478' title='bbox 1154 3246 1184 3282; x_wconf 88' lang='lat' dir='ltr'><strong>ac</strong></span> 
     </span>
     <span class='ocr_line' id='line_1_96' title="bbox 649 3301 1184 3370; baseline -0.007 -15"><span class='ocrx_word' id='word_1_479' title='bbox 649 3306 739 3356; x_wconf 88' lang='lat' dir='ltr'><strong>tristes</strong></span> <span class='ocrx_word' id='word_1_480' title='bbox 759 3304 878 3355; x_wconf 87' lang='lat' dir='ltr'><strong>ululatus</strong></span> <span class='ocrx_word' id='word_1_481' title='bbox 899 3313 926 3354; x_wconf 93' lang='lat' dir='ltr'><strong>et</strong></span> <span class='ocrx_word' id='word_1_482' title='bbox 951 3302 1067 3370; x_wconf 84' lang='lat' dir='ltr'><strong>gemitus</strong></span> <span class='ocrx_word' id='word_1_483' title='bbox 1091 3301 1126 3352; x_wconf 94' lang='lat' dir='ltr'><strong>ibi</strong></span> <span class='ocrx_word' id='word_1_484' title='bbox 1150 3303 1184 3352; x_wconf 88' lang='lat' dir='ltr'><strong>ab</strong></span> 
     </span>
     <span class='ocr_line' id='line_1_97' title="bbox 650 3373 1186 3441; baseline -0.009 -14"><span class='ocrx_word' id='word_1_485' title='bbox 650 3376 745 3428; x_wconf 90' lang='lat' dir='ltr'><strong>amicis</strong></span> <span class='ocrx_word' id='word_1_486' title='bbox 766 3376 833 3434; x_wconf 88' lang='lat' dir='ltr'><strong>suis,</strong></span> <span class='ocrx_word' id='word_1_487' title='bbox 854 3384 881 3426; x_wconf 89' lang='lat' dir='ltr'><strong>et</strong></span> <span class='ocrx_word' id='word_1_488' title='bbox 908 3373 1041 3441; x_wconf 85' lang='lat' dir='ltr'><strong>praecipue</strong></span> <span class='ocrx_word' id='word_1_489' title='bbox 1066 3389 1081 3424; x_wconf 90' lang='lat' dir='ltr'><strong>a</strong></span> <span class='ocrx_word' id='word_1_490' title='bbox 1103 3374 1186 3423; x_wconf 88' lang='lat' dir='ltr'><strong>Matre</strong></span> 
     </span>
     <span class='ocr_line' id='line_1_98' title="bbox 651 3445 1186 3505; baseline -0.011 -4"><span class='ocrx_word' id='word_1_491' title='bbox 651 3465 699 3501; x_wconf 90' lang='lat' dir='ltr'><strong>sua</strong></span> <span class='ocrx_word' id='word_1_492' title='bbox 713 3447 889 3501; x_wconf 86' lang='lat' dir='ltr'><strong>moestissima</strong></span> <span class='ocrx_word' id='word_1_493' title='bbox 898 3447 1055 3505; x_wconf 84' lang='lat' dir='ltr'><strong>audiuntur,</strong></span> <span class='ocrx_word' id='word_1_494' title='bbox 1071 3461 1133 3496; x_wconf 92' lang='lat' dir='ltr'><strong>cum</strong></span> <span class='ocrx_word' id='word_1_495' title='bbox 1146 3445 1186 3496; x_wconf 90' lang='lat' dir='ltr'><strong>sic</strong></span> 
     </span>
     <span class='ocr_line' id='line_1_99' title="bbox 650 3517 1184 3577; baseline -0.011 -6"><span class='ocrx_word' id='word_1_496' title='bbox 650 3520 792 3571; x_wconf 89' lang='lat' dir='ltr'><strong>crudeliter</strong></span> <span class='ocrx_word' id='word_1_497' title='bbox 819 3518 982 3576; x_wconf 83' lang='lat' dir='ltr'><strong>extenditur,</strong></span> <span class='ocrx_word' id='word_1_498' title='bbox 1005 3517 1133 3577; x_wconf 85' lang='lat' dir='ltr'><strong>clavatur,</strong></span> <span class='ocrx_word' id='word_1_499' title='bbox 1157 3526 1184 3566; x_wconf 92' lang='lat' dir='ltr'><strong>et</strong></span> 
     </span>
     <span class='ocr_line' id='line_1_100' title="bbox 650 3584 1182 3653; baseline -0.009 -13"><span class='ocrx_word' id='word_1_500' title='bbox 650 3589 759 3650; x_wconf 80' lang='lat' dir='ltr'><strong>foditur,</strong></span> <span class='ocrx_word' id='word_1_501' title='bbox 774 3598 800 3639; x_wconf 92' lang='lat' dir='ltr'><strong>et</strong></span> <span class='ocrx_word' id='word_1_502' title='bbox 817 3598 874 3638; x_wconf 90' lang='lat' dir='ltr'><strong>toto</strong></span> <span class='ocrx_word' id='word_1_503' title='bbox 893 3602 1003 3653; x_wconf 91' lang='lat' dir='ltr'><strong>corpore</strong></span> <span class='ocrx_word' id='word_1_504' title='bbox 1017 3584 1182 3653; x_wconf 89' lang='lat' dir='ltr'><strong>dissipatur!</strong></span> 
     </span>
     <span class='ocr_line' id='line_1_101' title="bbox 651 3657 1186 3726; baseline -0.007 -15"><span class='ocrx_word' id='word_1_505' title='bbox 651 3661 675 3711; x_wconf 92' lang='grc' dir='ltr'>Ο</span> <span class='ocrx_word' id='word_1_506' title='bbox 696 3670 828 3726; x_wconf 89' lang='lat' dir='ltr'><strong>stupor,o</strong></span> <span class='ocrx_word' id='word_1_507' title='bbox 844 3657 949 3724; x_wconf 91' lang='lat' dir='ltr'><strong>pietatis</strong></span> <span class='ocrx_word' id='word_1_508' title='bbox 969 3658 1092 3725; x_wconf 86' lang='lat' dir='ltr'><strong>abyssus,</strong></span> <span class='ocrx_word' id='word_1_509' title='bbox 1109 3673 1126 3708; x_wconf 92' lang='lat' dir='ltr'><strong>o</strong></span> <span class='ocrx_word' id='word_1_510' title='bbox 1145 3669 1186 3706; x_wconf 85' lang='lat' dir='ltr'><strong>ca-</strong></span> 
     </span>
     <span class='ocr_line' id='line_1_102' title="bbox 651 3728 1186 3789; baseline -0.009 -8"><span class='ocrx_word' id='word_1_511' title='bbox 651 3730 738 3782; x_wconf 89' lang='lat' dir='ltr'><strong>ritatis</strong></span> <span class='ocrx_word' id='word_1_512' title='bbox 749 3729 914 3789; x_wconf 90' lang='lat' dir='ltr'><strong>incendium,</strong></span> <span class='ocrx_word' id='word_1_513' title='bbox 927 3744 944 3779; x_wconf 91' lang='lat' dir='ltr'><strong>o</strong></span> <span class='ocrx_word' id='word_1_514' title='bbox 965 3728 1042 3780; x_wconf 82' lang='lat' dir='ltr'><strong>mira</strong></span> <span class='ocrx_word' id='word_1_515' title='bbox 1051 3729 1120 3778; x_wconf 87' lang='lat' dir='ltr'><strong>circa</strong></span> <span class='ocrx_word' id='word_1_516' title='bbox 1135 3742 1186 3777; x_wconf 90' lang='lat' dir='ltr'><strong>nos</strong></span> 
     </span>
     <span class='ocr_line' id='line_1_103' title="bbox 651 3797 1185 3870; baseline -0.015 -17"><span class='ocrx_word' id='word_1_517' title='bbox 651 3812 703 3854; x_wconf 84' lang='lat' dir='ltr'><strong>tuae</strong></span> <span class='ocrx_word' id='word_1_518' title='bbox 716 3800 822 3870; x_wconf 76' lang='lat' dir='ltr'><strong>pietatis</strong></span> <span class='ocrx_word' id='word_1_519' title='bbox 843 3797 973 3865; x_wconf 86' lang='lat' dir='ltr'><strong>dignatio,</strong></span> <span class='ocrx_word' id='word_1_520' title='bbox 995 3813 1012 3849; x_wconf 88' lang='lat' dir='ltr'><strong>o</strong></span> <span class='ocrx_word' id='word_1_521' title='bbox 1033 3797 1185 3850; x_wconf 76' lang='lat' dir='ltr'><strong>inestima-</strong></span> 
     </span>
    </p>
   </div>
   <div class='ocr_carea' id='block_1_7' title="bbox 1058 3912 1075 3963">
    <p class='ocr_par' dir='ltr' id='par_1_8' title="bbox 1058 3912 1075 3963">
     <span class='ocr_line' id='line_1_104' title="bbox 1058 3912 1075 3963; baseline 0 0"><span class='ocrx_word' id='word_1_522' title='bbox 1058 3912 1075 3963; x_wconf 93' lang='lat'><em>8</em></span> 
     </span>
    </p>
   </div>
   <div class='ocr_carea' id='block_1_8' title="bbox 0 0 1318 4328">
    <p class='ocr_par' dir='ltr' id='par_1_9' title="bbox 0 0 1318 4328">
     <span class='ocr_line' id='line_1_105' title="bbox 0 0 1318 4328; baseline 0 1"><span class='ocrx_word' id='word_1_523' title='bbox 0 0 1318 4328; x_wconf 95' lang='lat' dir='ltr'><strong> </strong></span> 
     </span>
    </p>
   </div>
  </div>
 </body>
</html>
