2626 4328
183 215 230 264 DE
246 211 507 271 nssUMPTIONE,
525 209 572 260 ET
589 207 706 260 LAUDE
725 207 852 257 BEATAE
868 207 1032 258 VIRGlNlS.

58 344 84 384 et
101 332 153 381 alia
174 330 254 386 cella,
277 329 305 378 in
333 342 387 393 qua
411 324 538 392 migravit
564 325 597 374 ad

56 408 167 464 coelum,
181 420 226 463 per
242 403 362 468 Angelos
375 412 523 467 assumpta.
531 401 597 450 'Cu-

55 481 99 542 jus
114 474 277 526 dormitioni
302 488 399 523 omnes
414 470 536 538 Apostoli
551 470 596 520 di-

56 559 155 600 cuntur
166 545 330 607 interfuisse,
346 555 372 594 et
385 544 413 593 in
427 543 504 593 vallis
516 543 595 593 Josa-

58 621 123 686 phat
151 617 241 667 medio
279 630 338 665 eam
377 615 519 681 sepelisse.
553 613 593 663 lbi

58 694 132 744 enim
154 689 328 755 sepulchrum
346 689 403 753 ejus
418 687 534 736 multum
544 701 592 735 ve-

59 763 176 814 nerabile
186 759 346 819 ostenditur,
355 757 428 824 quod
437 757 465 807 in
476 757 593 807 maxima

59 831 205 884 reverentia
228 829 308 880 etiam
334 829 405 894 apud
433 830 593 878 Sarracenos

58 907 174 956 habetur
197 920 204 954 ε
229 902 286 951 haec
308 911 396 951 autem
421 900 507 958 vallis,
532 898 593 949 licet

58 976 148 1026 adhuc
164 972 198 1022 sit
219 972 295 1021 valde
313 970 456 1036 profunda,
474 969 592 1018 multum

58 1059 148 1095 tamen
177 1053 217 1093 est
256 1043 376 1107 impleta.
411 1041 591 1106 Sepulchrum

59 1117 133 1166 enim
147 1114 269 1179 Virginis
295 1113 429 1178 gloriosae,
450 1122 514 1162 tunc
538 1121 593 1161 erat

60 1196 89 1243 in
107 1191 245 1257 superficie
261 1192 347 1256 ipsius
365 1190 452 1249 vallis,
468 1205 539 1239 nunc
553 1199 593 1239 est

61 1268 141 1328 longe
166 1264 216 1311 sub
239 1274 317 1320 terra,
342 1261 370 1310 in
391 1271 496 1310 tantum
518 1261 592 1326 quod

59 1335 140 1385 etiem
167 1333 277 1383 ecclesia
305 1332 425 1397 ejusdem
460 1347 522 1382 cum
556 1330 593 1381 sit

57 1406 134 1455 valde
144 1406 203 1463 alta,
217 1414 242 1454 et
255 1401 451 1460 testitudinata,
461 1418 522 1452 cum
533 1400 592 1468 ipso

56 1476 199 1542 sepulchro
219 1474 327 1539 penitus
344 1474 380 1523 sit
402 1472 453 1523 sub
472 1482 551 1533 terra,
568 1482 593 1522 et

55 1550 131 1600 vallis
144 1549 261 1612 desuper
276 1558 331 1598 tota
349 1547 436 1613 plana.
453 1546 483 1596 ln
496 1561 592 1611 super-

55 1621 117 1671 ficie
129 1629 217 1669 tamen
230 1618 308 1669 vallis
323 1629 362 1667 est
377 1616 523 1666 aedificium
538 1633 593 1666 mo·

56 1692 157 1750 dicum,
176 1689 255 1755 quasi
280 1688 362 1738 unius
386 1688 503 1753 capellae,
519 1688 593 1753 quod

57 1772 199 1827 postquam
222 1759 285 1825 quis
313 1759 458 1819 intraverit,
482 1759 593 1809 descen-

58 1833 132 1882 ditur
171 1845 218 1896 per
255 1831 352 1896 gradus
395 1829 595 1897 quinquaginta

61 1905 88 1953 in
117 1902 257 1951 ecclesiam
280 1902 312 1950 ad
342 1901 526 1966 sepulchrum,
547 1899 594 1950 ubi

60 1985 101 2024 est
125 1973 341 2038 pulcherrimum
366 1974 446 2023 altare
473 1988 596 2023 marmo-

61 2061 138 2095 reum
158 2055 184 2094 et
211 2055 317 2109 crypta,
346 2059 375 2094 ac
397 2044 512 2110 desuper
527 2043 596 2094 aedi-

61 2116 137 2166 ficata
152 2115 263 2164 ecclesia
275 2114 458 2180 pulcherrima
470 2115 596 2178 rotunda,

60 2197 86 2237 et
103 2186 224 2235 tabulatu
240 2185 344 2250 lapideo
369 2185 484 2235 discreta
499 2185 527 2234 in
543 2185 596 2234 ho-

61 2272 154 2307 norem
171 2255 260 2321 ipsius
285 2257 367 2306 beatae
381 2256 503 2322 Virginis
519 2255 597 2307 dedi-

59 2338 134 2391 cata;
150 2330 226 2393 cujus
239 2327 267 2376 in
283 2327 470 2393 superioribus
481 2337 598 2394 quatuor

1124 222 1173 273 791

645 340 692 374 nec
706 325 763 391 ipse
776 323 825 390 qui
840 324 910 374 hanc
923 333 985 374 ante
998 339 1102 374 crucem
1119 327 1178 377 Do-

646 395 715 446 mini
734 394 833 460 accepit
851 395 880 444 in
895 411 982 455 suam,
997 394 1024 444 id
1039 407 1080 446 est
1093 397 1177 448 Joan-

645 485 692 518 nes
718 469 900 534 Evangelista,
925 469 959 518 de
988 469 1040 519 hoc
1063 471 1178 535 posteris

646 541 749 606 aliquid
765 541 934 591 retinendum
951 540 1059 606 scriptis
1080 543 1179 608 legitur

646 611 797 661 mandasse.
814 611 911 660 Nullus
922 610 995 660 enim
1011 612 1062 660 hoc
1071 611 1178 666 fidelius

646 697 752 732 narrare
773 681 871 748 potuit,
896 681 918 731 si
941 681 1008 730 illud
1024 683 1095 734 Deus
1116 701 1177 736 ma-

647 753 772 805 nifestare
783 753 923 809 voluisset.
933 769 1015 820 quam
1026 755 1071 804 ille
1084 756 1177 823 utique

646 825 692 891 qui
707 826 777 875 hanc
792 825 964 875 nutriendam
980 826 1105 892 suscepit.
1122 829 1177 879 Re·
1199 833 1202 839 '

645 907 697 946 stat
713 912 786 962 ergo,
801 907 831 946 ut
846 896 931 945 homo
944 913 998 946 non
1016 898 1177 950 mendaciter

645 967 728 1033 fingat
752 978 884 1033 apertum,
899 969 972 1033 quod
996 969 1067 1018 Deus
1092 971 1178 1023 voluit

646 1054 755 1089 manere
768 1039 914 1088 occultum.
935 1038 1012 1089 Unde
1032 1040 1176 1110 Hierony-

645 1126 704 1162 mus
723 1129 760 1163 r«
782 1113 948 1162 Monstratur
969 1123 1059 1163 autem
1079 1112 1194 1181 Sepul?

645 1184 740 1233 chrum
749 1184 806 1248 ejus
814 1183 985 1234 cernentibus
996 1185 1083 1246 nobis,
1092 1203 1179 1250 usque

645 1257 808 1320 adpraesens
829 1255 858 1305 in
879 1255 957 1305 vallis
972 1257 1100 1323 Josaphat
1118 1274 1178 1310 me-

645 1329 707 1390 dio;
731 1342 793 1393 quae
812 1327 891 1377 vallis
912 1336 952 1377 est
966 1327 1037 1378 inter
1057 1340 1179 1380 montem

646 1398 721 1461 Sion,
750 1409 777 1449 et
805 1408 927 1448 montem
958 1399 1056 1449 Oliveti
1082 1402 1178 1466 posita,

646 1469 693 1519 ubi
710 1469 738 1518 in
758 1469 816 1535 ejus
842 1470 974 1519 honorem
1001 1469 1127 1522 fabricata
1140 1483 1181 1523 est

647 1539 758 1590 ecclesia
780 1540 850 1590 miro
876 1541 997 1591 tabulatu
1018 1541 1132 1607 lapideo,
1150 1543 1180 1594 in

648 1625 702 1676 quo
715 1610 820 1675 sepulta
832 1609 917 1660 fuisse
932 1610 967 1660 ab
980 1612 1108 1662 omnibus
1125 1613 1181 1664 ibi-

647 1686 708 1734 dem
724 1684 894 1751 praedicatur,
907 1686 951 1735 sed
971 1702 1044 1737 nunc
1066 1704 1180 1738 vacuum

646 1757 818 1807 cernentibus
830 1757 983 1808 ostenditur
994 1775 1001 1808 ε
1012 1759 1069 1809 haec
1080 1759 1181 1811 idcirco

647 1826 771 1886 dixerim,
784 1825 849 1892 quia
864 1827 942 1876 multi
958 1838 1112 1880 nostrorum
1128 1831 1181 1880 du·

648 1899 734 1948 bitant
748 1908 838 1947 utrum
855 1910 994 1964 assumpta
1006 1899 1087 1950 fuerit
1099 1900 1181 1952 simul

648 1987 710 2020 cum
724 1985 845 2036 corpore,
858 1985 891 2020 an
905 1972 1010 2032 obierit,
1023 1973 1117 2024 relicto
1127 1991 1184 2026 cor·

650 2059 723 2110 pore.
748 2044 891 2103 Quomodo
921 2054 1028 2108 autem,
1059 2046 1101 2095 vel
1126 2063 1182 2113 quo

650 2127 789 2179 tempore,
811 2124 857 2164 aut
886 2129 902 2164 a
929 2114 1030 2180 quibus
1060 2117 1183 2180 personis

650 2187 854 2238 sanctissimum
893 2202 993 2253 corpus
1033 2189 1090 2253 ejus
1120 2189 1183 2240 inde

650 2262 768 2311 ablatum
791 2258 882 2320 fuerit,
905 2262 948 2311 vel
966 2260 1012 2311 ubi
1033 2263 1184 2326 transposi-

651 2344 718 2389 tum,
733 2341 860 2380 utrumve
874 2330 1030 2390 surrexerit,
1048 2332 1184 2398 nescitur;

59 2400 195 2449 habentur
207 2398 309 2460 altaria,
326 2408 352 2448 et
367 2398 395 2447 in
420 2397 598 2448 inferioribus
621 2399 627 2444 l
651 2399 776 2468 quamvis
806 2400 933 2450 nonnulli
956 2411 1077 2452 astruere
1100 2402 1188 2453 velint

61 2487 149 2522 unum
178 2472 207 2520 in
232 2470 365 2521 Orientali
388 2471 484 2536 plaga;
512 2482 538 2522 et
564 2471 597 2521 ad

59 2547 197 2594 dexteram
232 2554 442 2594 monumentum
483 2559 598 2594 vacuum

61 2614 194 2673 cernitur,
219 2613 315 2680 inquo
337 2623 428 2664 sancta
447 2614 531 2664 Maria
546 2615 599 2664 ali-

62 2685 171 2751 quando
184 2700 310 2749 pausasse
325 2685 433 2747 dicitur,
449 2685 495 2735 sed
516 2701 600 2752 aquo

62 2756 106 2805 vel
117 2755 226 2821 quando
236 2755 374 2815 sitablata,
387 2756 514 2805 nescitur.
527 2756 601 2805 Hanc

66 2828 207 2878 ecclesiam
224 2828 365 2887 intrantes,
378 2828 472 2878 vident
488 2829 521 2878 ad
534 2829 601 2879 dex·

66 2910 150 2949 teram
172 2899 302 2949 insertam
326 2899 421 2964 parieti
444 2910 557 2965 petram,
573 2900 602 2950 in

65 2987 120 3038 qua
142 2971 278 3022 Dominus
297 2982 383 3033 nocte,
398 2987 453 3037 qua
476 2972 603 3022 tradeba-

65 3055 121 3106 tur,
135 3044 229 3104 oravit,
244 3043 366 3109 vestigiis
385 3059 505 3109 genuum
525 3043 603 3110 quasi

63 3132 132 3168 cerae
149 3117 226 3167 molli
250 3116 401 3183 impressis.
425 3117 461 3167 Et
482 3117 605 3168 solebant

66 3192 95 3240 in
112 3204 141 3239 ea
156 3205 215 3240 esse
230 3190 357 3239 monachi
380 3189 451 3256 nigri
467 3206 528 3240 cum
546 3189 605 3239 Ab·

65 3262 138 3317 bate,
152 3261 304 3311 secundum
328 3261 450 3326 regulum
467 3259 536 3311 beati
552 3261 605 3310 Be-

66 3331 167 3382 nedicti
183 3332 299 3382 Domino
316 3332 472 3383 servientes.

100 3416 116 3449 2
139 3400 187 3449 Pra
203 3416 336 3452 cneorrun
352 3417 554 3453 conronnatran
572 3419 606 3452 nn

67 3489 166 3524 ccauuu
176 3489 321 3525 assurim.
336 3475 429 3524 -Sed
442 3491 499 3540 quo
512 3473 608 3525 ordine

68 3546 146 3595 beata
166 3544 249 3611 Virgo
270 3545 336 3595 hinc
352 3545 384 3595 ad
399 3561 517 3610 superna
531 3556 607 3597 tran-

69 3614 147 3665 sierit
162 3631 254 3681 regna,
278 3617 351 3665 nulla
365 3614 498 3666 catholica
519 3626 609 3668 narrat

68 3685 196 3736 historia.
211 3687 266 3736 Nec
292 3685 430 3736 invenitur
447 3686 518 3750 apud
533 3687 608 3736 Lati-

69 3770 120 3806 nos
149 3756 250 3822 aliquis
287 3766 462 3807 tractatorum
490 3757 524 3808 de
550 3757 609 3822 ejus

70 3838 159 3881 morte
182 3829 287 3895 aliquid
310 3837 398 3895 aperte
420 3827 531 3890 dixisse,
546 3844 609 3880 cum

150 3943 222 3995 Vtra
248 3944 310 3996 Jasu
331 3945 451 4008 Cunrsri,
468 3959 555 3997 rouus
570 3945 613 3998 IV.

652 2490 709 2526 eam
721 2474 774 2539 jam
788 2473 984 2530 resuscitatam,
996 2485 1022 2524 et
1035 2475 1111 2526 beata
1125 2491 1187 2527 cum

653 2547 763 2599 Christo
785 2546 998 2614 immortalitate,
1016 2547 1045 2598 in
1068 2549 1188 2600 coelesti-

654 2621 704 2670 bus
719 2618 821 2670 vestiri.
836 2618 1029 2670 Verumtamen
1054 2620 1119 2686 quid
1137 2621 1190 2671 ho-

653 2705 714 2740 rum
729 2689 821 2741 verius
837 2701 987 2753 conseatur,
1004 2690 1188 2756 ambigimus;

655 2763 754 2814 melius
778 2774 869 2815 tamen
886 2763 952 2826 Deo,
974 2763 1017 2814 cui
1041 2764 1112 2813 nihil
1134 2764 1190 2813 im-

655 2835 784 2900 possibile
804 2845 853 2897 est,
876 2833 1084 2894 committimus,
1105 2848 1189 2898 quam

655 2907 759 2972 aliquid
790 2916 890 2956 temere
918 2905 1037 2956 diffinire
1071 2905 1190 2956 velimus

656 2976 815 3027 auctoritate
840 2974 950 3038 nostra,
988 2976 1061 3041 quod
1090 2975 1190 3040 proba-

658 3063 742 3098 mus:
760 3066 774 3094 n
794 3048 852 3097 haec
866 3047 1063 3114 Hieronymus.
1077 3046 1117 3097 De
1139 3047 1191 3098 hoc

658 3117 830 3183 Augustinus
862 3116 891 3168 in
920 3118 1039 3184 quodam
1065 3133 1191 3169 sermone

658 3192 739 3255 longo
759 3189 830 3240 inter
848 3199 934 3240 cetera
949 3189 989 3240 sic
1005 3189 1080 3254 dicit,
1096 3206 1150 3241 non
1164 3191 1195 3241 ta'

659 3277 722 3324 men
735 3260 880 3310 asserendo
898 3277 906 3310 ι
928 3278 942 3306 u
960 3259 1001 3310 De
1021 3259 1192 3311 sanctissimo

659 3346 771 3397 corpore
803 3341 937 3396 perpetuae
963 3329 1076 3397 virginis
1102 3331 1193 3382 Mariae

661 3403 773 3468 ejusque
787 3416 868 3451 sacrae
891 3400 989 3451 animae
1010 3401 1195 3463 assumptione

660 3471 737 3537 loqui
762 3471 951 3536 suscipientes,
970 3469 1022 3520 hoc
1043 3470 1134 3536 ipsum
1151 3471 1196 3521 di-

661 3543 759 3606 cimus,
771 3543 843 3610 quod
858 3542 886 3593 in
896 3541 1041 3608 Scripturis
1051 3553 1196 3610 postquam

664 3616 799 3666 Dominus
823 3631 881 3666 eam
910 3615 939 3665 in
960 3630 1038 3667 cruce
1063 3616 1196 3682 discipulo

663 3686 869 3737 commendavit
880 3685 950 3735 nihil
964 3686 997 3735 de
1013 3701 1043 3737 ea
1055 3686 1196 3753 reperitur,

664 3767 761 3824 praeter
777 3758 850 3824 quod
858 3757 944 3808 Lucas
957 3757 986 3807 in
998 3757 1111 3810 Actibus
1120 3773 1197 3810 com-

667 3839 809 3895 memorat,
822 3827 915 3880 dicens
931 3845 938 3880 :
953 3829 995 3881 Hi
1007 3844 1098 3882 omnes
1119 3835 1198 3881 eraut

1049 3962 1082 3996 ²2
